1812 3184
302 238 355 282 66
816 239 982 277 ANNAE
1012 236 1280 274 COMNENAE

152 372 191 408 P.
220 371 289 407 305
302 361 595 420 συμφέροντα,
629 354 928 404 ἀναδιδάσκων
957 355 1048 413 ἅμα
1076 357 1149 400 καὶ
1179 350 1253 408 αἷς
1281 351 1501 399 εἰώθασιν
1530 350 1573 398 οἳ
1608 355 1800 410 Τοῢρκοι

301 428 552 491 χρήσασθαι
599 427 860 486 μεθοδείαις
905 426 949 470 ἕν
993 429 1091 478 ταῖς
1132 421 1292 481 μάχαις
1337 423 1409 467 καὶ
1456 420 1799 479 ὑποτιθέμενος,

303 496 429 551 ὅπως
447 493 506 542 ’τε
534 494 899 554 παρατάττεσθαι
934 491 1013 553 χρὴ
1056 493 1129 537 καὶ
1168 490 1330 548 λόχους
1369 493 1594 536 καθιστᾶν
1629 492 1702 535 καὶ
1741 488 1802 551 μὴ

303 568 377 612 ἐπὶ
420 564 536 612 πολὺ
579 566 765 618 διώκειν,
811 564 999 622 ὁπηνίκα
1044 559 1222 614 τούτοις
1267 557 1309 606 οἱ
1346 563 1539 617 Τοῦρκοι
1582 557 1639 604 τοὶ
1683 561 1802 603 νῶτα

303 633 492 680 διδόασι.
549 636 621 679 καὶ
668 632 810 686 οὕτως
838 630 910 677 διά
940 649 988 676 τε
1032 631 1268 689 χρημάτων
1297 627 1371 674 διά
1414 646 1462 673 τε
1494 626 1638 687 λόγων
1669 646 1799 672 κατα-

304 701 499 760 μαλάξας
526 698 674 747 oei-uana
704 699 755 746 τὸ
800 695 950 758 ἄγριον
995 699 1068 744 καὶ
1110 696 1165 742 τὰ
1210 698 1473 743 συνοίσοντα
1512 695 1801 754 ὑποθέμενος

301 771 380 833 τὴν
409 772 727 829 διαπεραίωσιν
757 767 1090 827 προῦτρέψατο.
1129 767 1208 811 τὸν
1229 768 1278 812 δέ
1305 785 1352 825 γε
1385 762 1626 825 Ἰσαγγέλην
1646 761 1798 824 ἠγάπα

304 838 605 900 διαφερόντως
634 837 706 885 διά
736 857 784 884 τε
815 838 866 883 τό
917 835 1076 895 περιὸν
1119 833 1240 895 αὐτῷ
1284 839 1365 882 τοῦ
1405 834 1693 897 φρονήματος
1714 835 1800 879 ’καὶ

302 912 380 970 τῆς
412 907 692 967 ὑπολήψεως
735 905 786 952 τὸ
835 902 1084 952 ἀνόθευτον
1128 906 1201 950 καὶ
1237 904 1290 949 τὸ
1321 908 1402 950 τοῦ
1447 905 1548 962 ΙΒίου
1579 901 1798 961 καθαρόν,

261 976 525 1036 Βγινώσκων
555 975 643 1033 ἅμα
675 977 747 1020 καὶ
778 974 948 1020 ὁπόσον
976 971 1102 1034 αὐτῷ
1136 977 1215 1034 τῆς
1244 969 1464 1032 ἀληθείας
1503 974 1626 1031 μέλει
1667 972 1801 1032 μηδὲν

303 1045 462 1105 ταύτης
490 1047 715 1104 μηδέποτε
744 1044 1074 1102 προτιμωμένῳ
1091 1058 1100 1067 ·
1131 1046 1354 1088 τοσοῦτον
1373 1041 1454 1101 γὰρ
1475 1039 1687 1087 ἁπάντων
1712 1044 1802 1086 τῶν

302 1116 512 1160 Λατίνων
554 1115 600 1159 ἒν
637 1117 749 1158 πᾶσι
786 1113 1000 1172 διέφερεν,
1044 1111 1153 1157 ὅσον
1193 1107 1392 1169 ἀστέρων
1430 1108 1566 1169 ἥλιος.
1628 1108 1702 1156 διά
1731 1126 1803 1154 τοι

302 1188 432 1229 τοῦτο
461 1182 791 1240 παρακατέσχεν
817 1177 951 1226 αὐτὸν
980 1181 1093 1234 τέως
1123 1181 1228 1237 μεθ’
1263 1178 1435 1225 ἑαυτοῦ.
1480 1177 1696 1224 ἁπάντων
1726 1170 1804 1224 οὖν

302 1253 634 1309 συνταξαμένων
662 1253 725 1309 τῷ
756 1245 1046 1306 αὐτοκράτορι
1073 1250 1144 1293 καὶ
1176 1247 1250 1294 διὰ
1282 1252 1362 1294 τοῦ
1389 1252 1467 1310 τῆς
1487 1248 1804 1306 Προποντίδος

303 1324 522 1379 πορθμοῦ
553 1318 604 1365 τὸ
630 1317 856 1376 Δαμάλιον
895 1316 1236 1375 καταλαβόντων
1266 1315 1447 1371 ἅνεθεὶς
1475 1321 1555 1379 τῆς
1584 1317 1633 1374 ἐξ
1651 1312 1804 1361 ἀὐτῶν

308 1385 529 1450 ὄχλήσεως
549 1386 753 1444 συχνάκις
772 1385 850 1432 τὸν
870 1384 1108 1445 Ἰσαγγέλην
1137 1388 1467 1444 μετεπέμπετο,
1500 1381 1805 1431 ἀναδιδάσκων

303 1457 392 1517 ἅμα
424 1457 742 1517 καθαρώτερον
770 1456 824 1502 τὰ
851 1456 960 1502 κατὰ
993 1456 1071 1517 τὴν
1102 1455 1210 1502 ὁδόν
1241 1456 1553 1516 συμβήσεσθαι
1586 1455 1803 1512 μέλλοντα

302 1533 398 1582 τοῖς
413 1530 639 1582 Λατίνοις,
674 1525 954 1586 παρεγύμνου
988 1526 1037 1571 δὲ
1066 1527 1139 1571 καὶ
1172 1522 1227 1585 ἣν
1257 1526 1364 1582 περὶ
1384 1528 1463 1585 τῆς
1482 1528 1572 1569 τῶν
1589 1521 1802 1581 Φράγγων

308 1595 479 1655 γνώμης
508 1592 624 1652 εἶχεν
676 1593 918 1654 ὑπόληψιν.
982 1598 1119 1640 ταῦτα
1172 1593 1390 1648 πολλάκις
1436 1588 1806 1650 ἅποστοματίσας

267 1669 369 1724 Οτῷ
404 1661 615 1725 Ἰσαγγέλῃ
648 1665 719 1708 καὶ
753 1662 832 1717 τὰς
859 1667 937 1723 τῆς
966 1666 1110 1722 ψυχῆς
1132 1658 1233 1708 οἷον
1262 1661 1504 1718 ὕπανοίξας
1522 1658 1805 1720 αὗτῴπύλας

305 1734 378 1777 καὶ
406 1731 553 1777 πάντα
583 1730 884 1790 διατρανιόσας
913 1732 1169 1790 ἐπέσκηψεν
1208 1727 1277 1776 ἀεὶ
1316 1729 1435 1788 πρὸς
1473 1728 1553 1791 τὴν
1590 1731 1670 1775 τοῦ
1700 1730 1806 1773 Βαΐ-

440 1855 470 1888 1.
498 1880 505 1888 .
517 1880 524 1888 .
536 1881 543 1888 .
556 1849 745 1889 διδάσκων
754 1853 798 1894 Α,
826 1850 1095 1889 ἀναδιδάσκειν
1110 1853 1148 1889 Ρ.
1257 1853 1290 1889 2.
1314 1853 1484 1899 χρῆσθαι
1502 1852 1547 1888 A.
1648 1851 1680 1886 3.
1707 1852 1741 1884 τὶ
1755 1848 1801 1885 G.

437 1902 468 1937 7.
495 1905 753 1949 προετρέψατο
778 1902 820 1937 Α.
1009 1903 1213 1949 ἰσαγγέλην
1238 1902 1316 1944 FA,
1343 1902 1544 1948 Σαγγέλην
1568 1899 1617 1935 P:
1645 1899 1698 1935 sic
1724 1898 1803 1934 fere

435 1961 590 1997 semper.
719 1952 753 1986 8.
779 1946 840 1985 διά
863 1963 901 1986 τε
930 1948 971 1986 τὸ
1000 1951 1044 1994 A,
1071 1963 1109 1986 τε
1135 1963 1196 1987 om
1220 1950 1259 1986 P.
1388 1951 1442 1986 12.
1472 1949 1513 1986 ἐν
1537 1950 1632 1984 πᾶσι
1657 1959 1729 1984 om.
1758 1946 1802 1982 G.

438 2000 493 2034 13.
516 1999 607 2047 μεθ’
633 1998 672 2042 C,
705 1997 783 2046 μετ’
813 1999 854 2035 Ρ.
1021 2000 1075 2036 17.
1109 1995 1371 2046 καθαρώτερον
1404 1999 1448 2043 F,
1482 1993 1738 2045 καθαρότερον
1762 1994 1802 2031 Ρ.

434 2048 456 2081 2
464 2050 493 2083 1.
520 2048 757 2092 ἐπέσκηπτεν
783 2047 826 2084 G.

301 2164 484 2210 utiliaque
524 2165 694 2211 suadens,
733 2178 805 2212 qua
847 2166 1042 2213 pugnandi
1081 2167 1230 2203 ratione
1271 2164 1618 2210 consuetudineque
1657 2161 1801 2198 Turcae

302 2216 513 2258 uterentur,
545 2213 675 2249 docuit
702 2225 837 2260 eosque
860 2217 1019 2261 monuit,
1047 2215 1235 2262 quomodo
1276 2216 1374 2252 acies
1411 2215 1598 2250 instruere
1636 2211 1802 2248 ordines·

304 2273 376 2308 que
398 2262 597 2297 instituere
622 2262 800 2298 deberent
828 2275 901 2299 neu
940 2263 1053 2299 effuse
1078 2264 1217 2302 Turcas
1245 2264 1434 2311 fugientes
1471 2263 1802 2309 persequerentur:

303 2311 358 2346 ita
396 2311 539 2356 asperis
574 2322 703 2347 eorum
729 2313 895 2347 moribus
921 2312 1188 2359 largitionibus
1217 2314 1480 2359 colloquioque
1508 2310 1614 2346 flexis
1646 2309 1804 2345 benevo-

303 2359 423 2405 lisque
437 2360 533 2394 datis
546 2360 721 2405 consiliis,
736 2364 779 2395 ut
800 2362 1016 2406 traicerent,
1035 2365 1166 2398 auctor
1187 2362 1272 2398 fuit.
1301 2361 1492 2408 Isa-ngelen
1507 2363 1631 2395 autem
1647 2361 1804 2404 propter

305 2408 500 2463 probatam
528 2408 767 2454 prudentiam
800 2422 1000 2456 veramque
1025 2413 1141 2446 animi
1167 2412 1422 2447 sinceritatem
1458 2422 1501 2446 ac
1530 2409 1631 2444 vitae
1658 2406 1804 2451 mundi·

305 2459 397 2491 tlam
423 2469 468 2492 ex
505 2457 678 2493 omnibus
713 2460 913 2504 praecipue
948 2460 1118 2506 amabat;
1161 2473 1270 2506 quem
1311 2459 1462 2506 quidem
1503 2457 1595 2494 adeo
1632 2455 1804 2492 veritatis

305 2505 513 2541 studiosum
555 2517 630 2541 esse
665 2507 783 2550 novit,
820 2511 862 2542 ut
905 2508 1001 2543 nihil
1036 2520 1214 2555 umquam
1253 2510 1287 2545 ei
1325 2509 1594 2554 anteponeret:
1634 2516 1704 2540 nec
1736 2503 1804 2539 mi·

305 2565 374 2588 nus
414 2566 527 2600 supra
565 2566 692 2590 omnes
734 2554 889 2591 Latinos
927 2558 1086 2592 eminuit
1125 2570 1234 2603 quam
1280 2558 1334 2593 sol
1376 2568 1490 2602 supra
1524 2554 1659 2590 stellas,
1730 2563 1805 2598 quo

305 2601 445 2637 factum
470 2606 537 2648 est,
576 2607 620 2638 ut
644 2606 736 2639 tunc
760 2615 844 2638 eum
872 2604 1026 2640 Alexius
1057 2606 1157 2652 apud
1194 2618 1233 2642 se
1272 2606 1468 2642 retineret.
1506 2604 1648 2648 'itaque
1687 2602 1804 2647 impe·

303 2652 419 2695 rator,
457 2654 656 2697 postquam
694 2652 809 2687 ceteri
850 2653 882 2688 ei
916 2654 1177 2690 valedixerunt
1215 2667 1258 2690 ac
1296 2667 1364 2701 per
1387 2651 1632 2700 Propontidis
1659 2651 1800 2686 fretum

303 2698 351 2733 ad
367 2698 576 2735 Damalium
603 2704 874 2746 processerunt,
890 2702 1070 2738 molestiis
1089 2715 1180 2749 quas
1196 2704 1270 2749 ipsi
1288 2704 1509 2740 creaverant
1526 2700 1673 2736 levatus
1691 2709 1799 2744 saepe

303 2747 497 2794 Isangelen
523 2748 681 2784 advocat
705 2748 993 2796 distinctiusque
1021 2751 1142 2797 docet,
1168 2764 1263 2798 quae
1286 2752 1434 2788 Latinis
1466 2751 1504 2786 in
1531 2749 1593 2786 via
1618 2751 1799 2784 eventura

303 2795 489 2852 crederet-3
515 2797 606 2842 quin
632 2798 745 2832 etiam
771 2799 1031 2844 suspicionem,
1050 2812 1161 2846 quani
1179 2801 1226 2836 de
1239 2801 1396 2837 Francis
1414 2799 1648 2844 conceperat,
1662 2796 1697 2832 ei
1714 2807 1800 2841 ape·

303 2847 395 2879 ruit.
444 2843 503 2880 his
529 2856 636 2890 saepe
661 2857 746 2882 cum
772 2846 941 2893 Isangele
966 2849 1250 2886 communicatis
1276 2850 1387 2895 eique
1412 2848 1529 2884 animi
1554 2845 1801 2892 quasi-ianua,

303 2904 420 2938 pansa
444 2905 487 2929 ac
511 2893 620 2929 rebus
648 2895 822 2930 omnibus
847 2897 1031 2932 enarratis
1056 2909 1165 2943 opem
1202 2898 1282 2934 eius
1307 2898 1591 2943 custodiamque
1622 2893 1812 2937 adversus,
