1734 3120
494 227 759 262 ALEXIADIS
789 228 883 262 LIB.
915 229 1013 263 XIV.
1044 224 1082 263 2.
1453 225 1532 267 261

49 343 187 405 δᾷδας
220 340 427 400 ἡμμένας,
459 336 539 385 εἶτ’
571 332 706 394 αὖθις
724 338 901 398 ἑτέρους
927 335 1148 400 ἇμφορεῖς
1167 345 1383 404 φέροντας
1413 344 1540 391 ἔνδον

48 410 218 471 πολλὴν
244 409 336 470 ’τὴν
365 411 556 470 νάφθαν,
589 405 615 469 ’ἢ
646 410 967 468 ἔπιδραξαμένη
1013 414 1093 455 τοῦ
1137 412 1280 469 πυρός
1323 410 1462 468 εὐθύς
1488 433 1537 460 τε

48 477 112 532 εἷς
140 473 291 535 α’έριον
327 479 541 535 μετέβαλε
577 475 723 537 φλόγα
750 479 823 522 καὶ
860 476 939 531 τὰς
978 477 1176 537 μηχανάς
1203 476 1348 525 aeman
1377 478 1539 527 ἇπετέ-
1551 491 1592 526 Ρ.
1619 491 1690 526 427

44 563 237 606 φρωσεν.
305 543 397 602 ἅμα
437 563 486 591 τε
515 544 596 604 γὰρ
626 544 766 605 ἡμέρα
795 547 1011 603 διέλαμπε
1042 549 1114 592 καὶ
1149 549 1201 592 τό
1249 551 1340 606 πῢρ
1367 551 1539 606 συνεξέ-

10 616 222 672 5λαμπεν
248 610 341 660 ἇπὸ
371 616 462 659 τῶν
491 615 675 671 ξυλίνων
702 616 906 670 χελωνῶν
937 614 1002 668 εἷς
1030 615 1194 673 αἰθέρα
1222 616 1539 676 πυργοίᾱμενον.

47 684 120 728 καὶ
151 680 192 727 οἳ
222 683 304 740 μὲν
332 684 439 740 περὶ
467 681 547 728 τὸν
578 684 852 728 flamm-ivm
880 682 936 727 τὰ
955 685 1039 741 τῆς
1058 686 1282 744 ῥᾳθυμίας
1302 681 1423 741 εἶχον
1443 687 1541 731 ἐπί-

47 769 171 809 χειρα
201 746 274 805 οἷς
302 746 496 810 η’μέλουν
519 749 892 808 μεταμελόμενοι·
924 750 949 796 ὁ
982 751 1062 810 γὰρ
1083 752 1253 807 καπνὸς
1285 750 1446 808 αὖτοὺς
1464 757 1537 800 καὶ

46 817 97 863 τὸ
129 823 220 878 πῦρ
250 818 301 864 τό
332 820 509 878 γεγονός
538 815 841 864 ἀνεδίδασκεν·
876 818 1074 866 ἑάλωσαν
1103 822 1152 866 δὲ
1191 823 1266 866 καί
1306 841 1423 876 τινες
1451 827 1540 867 τῶν

45 889 151 944 περὶ
179 886 258 941 τὰς
285 884 480 943 χελώνας
509 881 662 941 ῗῖντων,
695 886 749 943 ἓξ
784 890 1052 945 στρατιῶται
1094 887 1172 933 τὸν
1208 885 1417 947 ἀριθμόν,
1463 887 1540 944 οὓς

0 954 71 1002 [οό
108 954 269 1014 Ίῖὖριος
295 957 465 1010 ἐκεῖνος
492 954 773 1014 θεασάμενος
798 955 985 1017 ἀρχηγός
1009 962 1081 1004 καὶ
1110 958 1190 1014 τὰς
1207 960 1402 1021 κεφαλὰς
1422 957 1539 1006 ᾰπο-

44 1023 196 1082 κόψας
223 1023 299 1070 διά
331 1023 622 1083 πετροβόλων
652 1022 849 1085 ὀργάνων
877 1029 941 1086 τῷ
980 1026 1271 1085 στρατεύματι
1306 1032 1384 1074 τοῦ
1421 1032 1538 1075 Βαλ-

45 1093 222 1138 δουίνου
251 1088 628 1154 α’πεσφενδόνησε.
701 1097 840 1140 ταῦτα
883 1095 1156 1154 θεασάμενοι
1198 1096 1250 1142 τὸ
1288 1096 1538 1156 στράτευμα

45 1165 136 1206 πᾶν
163 1163 237 1207 καὶ
263 1160 316 1206 τό
346 1165 437 1220 πῦρ
472 1164 544 1208 καὶ
581 1161 659 1217 τὰς
690 1164 885 1224 κεφαλᾶς
922 1166 1016 1221 μετ’
1056 1163 1311 1225 ἐκπλήξεως
1349 1167 1537 1227 ἔφευγον
1552 1180 1583 1215 Β

43 1234 142 1284 τοῖς
166 1232 332 1284 ἵπποις
360 1231 660 1290 ἕποχηθέντες
688 1230 842 1291 ὥσπερ
872 1231 963 1278 ὑπὸ
998 1237 1088 1278 τῶν
1122 1237 1330 1294 κεφαλῶν
1365 1236 1538 1280 ἐκείνων

0 1310 31 1344 [5
46 1297 443 1357 ἕκδειματούμενοι,
475 1301 621 1346 καίτοι
639 1305 719 1345 τοῦ
742 1303 1016 1347 Βαλδουίνου
1038 1301 1323 1359 πανταχόθεν
1346 1304 1537 1359 ἕξιππα-

46 1367 230 1424 ζομένου
257 1368 331 1412 καὶ
365 1363 718 1426 ἀνακαλουμένου
761 1367 867 1424 τούς
909 1368 1153 1430 φε’γοντας
1196 1373 1268 1416 καὶ
1313 1373 1538 1426 παντοίως

45 1434 484 1493 παραθαρρύνοντος.
533 1433 646 1483 duo?
677 1436 756 1496 γὰρ
778 1430 855 1498 ᾗδε
886 1437 1008 1496 παρὰ
1039 1444 1232 1500 κωφοῖς·
1265 1440 1426 1485 ἐκεῖνοι
1456 1441 1534 1499 γὰρ

46 1501 265 1561 καθάπαξ
281 1503 575 1560 ἑκδεδωκότες
593 1505 776 1561 ἑαυτοῦς
795 1506 860 1560 εἷς
878 1508 1019 1568 φυγὴν
1038 1503 1344 1564 ἀκατασχέτως
1364 1506 1534 1564 εἴχοντο

46 1575 126 1617 τοῦ
156 1571 324 1630 δρόμοι·
355 1575 428 1618 καὶ
457 1577 627 1633 πτηνοῦ
656 1574 824 1629 παντὸς
852 1576 1085 1636 ἐφαίνοντο
1113 1574 1411 1634 ταχινώτεροι.
1460 1578 1534 1621 καὶ

0 1649 32 1685 20
46 1641 172 1694 τέλος
198 1644 278 1686 τοῦ
307 1639 476 1698 δρόμοι·
513 1641 691 1697 τούτοις
725 1642 776 1689 τὸ
817 1642 1035 1704 φρούριον
1060 1639 1174 1689 ’Ἀκε
1213 1646 1432 1703 ἐγχωρίως
1459 1663 1534 1689 κα-

44 1707 286 1766 λούμενον·
318 1710 460 1756 ἐκεῖνο
480 1709 560 1769 γὰρ
582 1710 769 1770 ἐγεγόνει
790 1717 887 1766 τοῖς
913 1714 1078 1767 δειλοῖς
1096 1714 1333 1769 δρομεῦσιν
1354 1714 1536 1767 ἐκείνοις

44 1775 358 1839 κρησφύγετον.
405 1774 716 1837 ἀπειπάμενος
743 1783 783 1826 δ’
813 1773 891 1826 οὖν
920 1782 993 1826 καὶ
1012 1779 1036 1825 ό
1061 1783 1332 1835 Βαλδουῒνος
1351 1783 1424 1827 καὶ
1437 1786 1535 1836 τοῖς

109 1928 115 1933 “
179 1923 213 1957 7.
237 1920 536 1971 μεταμελόμενοι
556 1924 600 1966 F,
624 1921 944 1973 μεταμελοῦμενοι
970 1925 1010 1961 P.
1221 1927 1277 1961 10.
1302 1923 1467 1972 ἇργηγὸς
1492 1926 1534 1972 P,

178 1971 337 2008 eorrexi.
649 1975 702 2009 12.
737 1970 1049 2021 ἀπεσφενδόνησε
1080 1975 1122 2019 F,
1146 1970 1464 2022 ἀποσφενδόνησε
1490 1975 1531 2010 Ρ.

177 2020 237 2055 21.
267 2019 471 2068 δρομεῦσιν
495 2022 647 2061 ἐκείνοις
671 2022 714 2065 F,
741 2023 895 2062 ἐκείνοις
922 2023 1102 2071 δρομεῦσι
1127 2023 1166 2058 Ρ.

43 2166 119 2200 tur.
166 2166 250 2200 tum
274 2164 365 2201 alias
394 2166 595 2212 amphoras
621 2166 811 2213 naphthae
837 2168 965 2214 plenas
988 2168 1070 2214 igni
1094 2167 1225 2204 alendo
1237 2168 1434 2214 ingerunt‘3
1459 2180 1534 2214 quo

44 2212 184 2248 factum
212 2215 280 2259 est,
315 2217 361 2250 ut
384 2213 535 2251 flamma
558 2215 756 2252 confestim
782 2216 941 2252 sublime
968 2217 1065 2252 elata
1089 2216 1280 2252 machinae
1316 2217 1355 2251 in
1392 2217 1534 2252 cineres

43 2264 294 2297 mutarentur.
321 2263 451 2309 itaque
473 2275 559 2300 cum
583 2265 708 2310 prima
730 2265 813 2302 luce
835 2266 935 2312 ignis
960 2276 1108 2311 quoque
1133 2277 1152 2300 e
1178 2264 1311 2310 ligneis
1336 2264 1533 2301 testudini-

42 2309 113 2344 bus
138 2309 325 2346 aetherem
351 2323 479 2348 versus
513 2313 632 2349 turris
670 2314 790 2349 instar
828 2325 866 2349 se
902 2313 1057 2350 efferens
1094 2313 1243 2349 inluxit.
1292 2312 1333 2348 id
1358 2313 1532 2349 Balduini

44 2357 227 2394 militibus
250 2360 456 2405 praemium
483 2360 658 2397 levitatis
672 2361 758 2403 suit,
783 2363 899 2403 cuius,
925 2365 1123 2408 postquam
1149 2361 1273 2397 fumus
1298 2362 1343 2396 iis
1370 2364 1408 2396 et
1435 2362 1534 2408 ignis

42 2417 119 2442 rem
146 2406 338 2453 indicavit,
374 2408 482 2444 valde
505 2421 567 2446 eos
591 2411 790 2456 poenituit.
841 2411 942 2456 capti
968 2413 1081 2446 etiam
1106 2413 1214 2445 erant
1254 2409 1353 2444 circa
1397 2410 1533 2446 machi·

44 2466 111 2490 nas
124 2454 316 2491 Gallorum
340 2456 478 2494 milites
502 2469 566 2494 sex
590 2470 757 2503 numero,
781 2459 917 2505 quibus
941 2458 1150 2505 praefectus
1175 2458 1239 2492 ille
1265 2457 1399 2503 Tyrius
1424 2457 1470 2494 ad
1495 2470 1534 2494 se

43 2502 167 2539 ductis
202 2504 328 2550 capita
364 2505 547 2551 praecidit
588 2518 704 2553 eaque
730 2508 770 2543 in
793 2507 967 2543 Balduini
993 2509 1114 2543 castra
1153 2506 1311 2542 ballistis
1351 2506 1534 2542 iaculatus

44 2553 111 2586 est.
137 2551 209 2587 iam
230 2557 273 2587 ut
289 2553 386 2589 vidit
410 2555 595 2591 exercitus
620 2556 747 2601 ignem
775 2559 814 2591 et
838 2557 973 2602 capita,
987 2555 1114 2591 cuncti
1139 2554 1241 2589 velut
1257 2554 1443 2599 capitibus
1460 2554 1535 2590 illis

44 2602 271 2636 consternati
299 2613 443 2638 summa
467 2604 753 2649 perturbatione
786 2605 890 2650 equis
927 2604 1134 2640 conscensis
1174 2602 1327 2649 fugiunt
1351 2601 1534 2639 Balduino

42 2646 185 2684 frustra
210 2649 349 2695 ubique
375 2651 621 2698 obequitaute
646 2652 905 2698 fugientesque
929 2651 1045 2687 officii
1072 2654 1247 2686 mouente
1278 2662 1321 2686 ac
1346 2651 1533 2687 multimo-

41 2695 100 2731 dis
125 2698 385 2734 exsuscitaute.
441 2699 505 2735 sed
532 2700 655 2736 surdis
692 2713 734 2736 ea
764 2701 916 2744 oecinit3
955 2700 1020 2746 qui
1056 2699 1094 2734 in
1122 2699 1249 2745 fugam
1279 2699 1392 2734 semel
1428 2699 1534 2735 effusi

0 2759 5 2790 ς
43 2744 163 2780 nihilo
187 2746 350 2792 segnius,
374 2747 490 2784 immo
516 2749 651 2785 maiori
677 2749 807 2784 avibus
830 2748 1021 2785 celeritate
1048 2747 1275 2790 ferebantur,
1308 2746 1427 2783 donec
1467 2760 1534 2783 arx

42 2792 191 2828 taudem
207 2794 284 2831 Aee
306 2795 354 2831 ab
382 2796 570 2843 indigenis
594 2797 707 2841 dicta,
734 2808 828 2843 quae
848 2795 980 2832 timide
1005 2795 1237 2842 fugientibus
1262 2795 1402 2842 asylum
1428 2808 1534 2841 prae-

41 2840 158 2884 beret,
183 2846 284 2879 meta
307 2844 571 2890 trepidationis
596 2845 681 2881 fuit.
730 2845 931 2891 desperans
954 2844 1074 2891 igitur
1109 2844 1235 2880 omnia
1257 2843 1461 2880 Balduinus
1498 2847 1535 2879 et

0 2897 16 2934 ᾖ·
39 2889 150 2936 inops
174 2891 322 2928 consilii
345 2891 436 2929 licet
459 2893 602 2929 invitus
626 2894 813 2941 fugientes
836 2893 1005 2940 sequitur
1044 2895 1157 2939 atque
1195 2893 1275 2939 ipse
1315 2904 1462 2939 quoque
1493 2893 1533 2928 in
