1794 3132
227 340 259 375 A

272 203 356 246 482
412 232 416 237 .
799 210 978 245 cAROLI
1008 209 1248 244 DUCANGII

407 321 730 381 Σχιὸευσμούς]
781 324 1007 368 Scissiones
1048 323 1088 366 et
1123 322 1403 366 Rescissiones
1433 335 1570 365 rerum
1601 322 1764 365 iudica-

271 385 426 438 tarum,
455 384 522 428 vel
553 383 880 433 contractarum,
912 381 1135 435 postquam
1165 379 1420 422 solemnibus
1441 379 1551 422 Iuris
1572 379 1764 422 formulis

271 442 464 485 firmatae
484 441 595 493 sunt,
625 440 694 483 hic
713 438 948 494 auguratur
974 437 1162 480 eruditus
1184 436 1406 490 Interpres.
1452 436 1607 479 Verum
1629 449 1763 487 nemo,

273 499 431 554 opinor,
462 511 549 541 rem
580 497 682 541 adeo
716 495 918 538 iniustam
948 494 992 536 in
1016 493 1212 548 Principe
1241 493 1400 536 iustum
1431 493 1593 536 colente
1623 493 1764 535 animo

273 555 491 610 concipiet,
524 555 572 597 ut
600 567 664 596 res
694 552 902 595 iudicatas
932 551 1019 593 solo
1050 551 1191 605 regiae
1226 550 1471 593 autoritatis
1498 550 1589 592 iure
1618 551 1766 592 contra

271 613 335 656 fas
365 611 546 655 rescindi
576 611 678 654 velit
710 610 784 652 aut
814 608 938 651 sinat.
1015 607 1126 661 Quin
1157 607 1295 662 potius
1324 607 1471 650 malim
1500 602 1764 660 σχιόευσμὸν

272 671 351 713 hoc
380 670 472 712 loco
505 681 590 711 esse
637 666 946 717 donativorum,
991 677 1063 707 seu
1107 663 1412 718 stipendiorum
1440 663 1765 718 Magistratibus

273 727 510 770 debitorum
539 724 838 775 rescissionem,
873 735 999 777 quam
1037 719 1152 764 Galli
1180 722 1333 764 vocant
1363 720 1695 763 retranchement
1717 720 1767 762 de

272 797 402 840 yayes
441 786 478 825 ct
508 781 880 836 d'appointemens.
956 777 1101 821 Solent
1141 778 1252 820 enim
1294 777 1508 820 interdum
1551 777 1766 831 Principes

274 853 414 884 annua
435 839 694 883 Officialium
720 849 890 881 suorum
913 834 1121 890 stipendia
1152 834 1320 889 propter
1350 835 1528 877 maiores
1546 834 1764 885 bellorum,

275 898 425 953 quibus
456 896 716 951 premuntur,
747 894 955 948 impensas
986 892 1060 935 aut
1096 892 1264 934 omnino
1296 892 1371 934 aut
1406 904 1452 934 ex
1472 891 1591 946 parte
1611 890 1767 934 rescin-

274 956 380 998 dere.
433 953 501 997 Sic
530 953 617 1008 ipse
646 951 831 1003 Alexius,
863 951 911 992 ut
942 949 1066 992 autor
1097 949 1158 991 est
1180 949 1375 1001 Zonaras,
1408 949 1634 1004 σπανίζων
1664 966 1766 1005 χρη-

272 1008 426 1068 μάτων
469 1007 546 1063 τάς
576 1027 623 1054 τε
653 1013 750 1062 τοῖς
780 1006 1025 1064 ἀξιώμασιν
1065 1002 1308 1064 οἷνηκούσας
1338 1006 1555 1050 ἀνέκαθεν
1594 1006 1767 1063 ἐτησίας

274 1065 421 1119 δόσεις
451 1067 638 1123 ἐξέκοψε
684 1068 756 1110 καὶ
786 1066 866 1118 τὰς
897 1068 987 1108 τῶν
1017 1065 1315 1121 συγκλητικῶν
1346 1059 1500 1116 οὗσίας
1529 1079 1767 1121 προσαφῃ-

274 1129 409 1182 ρεῖτο.
458 1126 616 1170 Eadem
647 1126 774 1169 habet
806 1124 971 1181 Glycas.
1019 1123 1090 1167 Sic
1119 1123 1396 1178 Pachymeres
1416 1122 1488 1166 lib.
1509 1123 1574 1164 11.
1597 1134 1686 1176 cap.
1701 1122 1766 1164 14.

272 1183 416 1228 narrat
451 1183 690 1226 Andronico
730 1182 900 1226 Seniore
939 1181 1185 1235 imperante,
1231 1179 1442 1223 exhaustis
1479 1179 1767 1233 Imperatoriis

272 1241 492 1292 thesauris,
536 1240 647 1295 ipsas
677 1237 1142 1283 Palatinis-consuetas
1182 1237 1349 1292 erogari
1387 1249 1511 1292 rogas
1551 1235 1766 1278 rescissas:

274 1296 604 1366 e'ntoffisse'vwv
635 1292 773 1338 πάλαι
806 1295 879 1338 καὶ
908 1289 1053 1337 αὐτῶν
1099 1295 1240 1362 ῥογιῦν
1277 1293 1351 1335 καὶ
1387 1293 1644 1350 προσοόιιῦν
1672 1293 1769 1342 τοῖς

275 1354 319 1398 ἐν
363 1350 623 1408 ανακτόροις
666 1349 962 1404 δουλεύουσιν,
1006 1345 1034 1393 ἃ
1073 1351 1124 1407 δη
1164 1352 1235 1394 καὶ
1269 1349 1475 1401 Βασιλεῖς
1511 1348 1560 1403 ἐξ
1586 1343 1767 1404 ἀρχαίου

275 1409 338 1463 εἷς
365 1410 559 1466 μισθοὺς
587 1409 771 1453 ἐτίθουν
806 1404 1077 1464 ἀναγκαίους,
1115 1411 1212 1459 τοῖς
1250 1404 1626 1464 ὖπηρετουμένοις
1657 1404 1768 1449 ἐκεί-

275 1485 367 1520 νοις
398 1467 689 1522 ἕξεκενοῧντο.
722 1469 762 1511 et
785 1468 858 1511 lib.
884 1468 949 1509 12.
983 1480 1071 1521 cap.
1095 1467 1134 1509 8.
1163 1462 1217 1507 τὰ
1244 1462 1323 1521 γὰρ
1355 1466 1444 1506 τιῦν
1474 1465 1655 1519 μισθῶν
1679 1465 1769 1505 τῶν

274 1522 383 1568 κατὰ
412 1521 466 1567 τὰ
494 1519 713 1578 ἀνάκτορα
760 1519 1140 1567 ἐκὸουλευσάντων
1187 1521 1476 1576 ἐξεκενοῦντο.
1539 1521 1608 1564 Sic
1652 1520 1769 1563 deni·-

276 1597 355 1638 que
398 1582 619 1638 Philippus
649 1582 722 1625 VI.
771 1582 1031 1624 Francorum
1076 1580 1162 1623 Rex
1202 1580 1312 1623 binis
1353 1579 1514 1622 Edictis
1548 1579 1768 1620 Annorum

274 1649 590 1684 MOCOXXXVII.
612 1639 653 1682 et
673 1647 937 1682 MCCCXLIII.
971 1650 1079 1692 quae
1111 1637 1255 1680 extant
1276 1637 1319 1679 in
1341 1635 1548 1690 Registris
1571 1633 1770 1677 Gamerae

248 1708 250 1710 ’
276 1696 468 1751 Comput.
510 1696 642 1739 Paris.
675 1695 855 1751 signatis
889 1693 1017 1750 Oruoe,
1046 1695 1087 1737 et
1107 1693 1252 1736 Pater.
1284 1694 1324 1736 et
1354 1693 1428 1736 alii
1459 1692 1664 1745 deinceps,
1698 1690 1769 1745 qui

61 2051 260 2097 Pag.87.B

236 2791 266 2826 B

275 1753 486 1797 subsecuti
521 1753 619 1795 sunt
645 1753 780 1808 Reges
810 1765 894 1794 non
925 1751 1064 1804 semel,
1096 1750 1244 1793 iisdem
1276 1750 1326 1793 de
1356 1749 1506 1801 causis,
1538 1748 1770 1803 Magistra-

274 1810 387 1853 tibus
420 1823 561 1853 annua
593 1809 748 1852 exsolvi
782 1809 908 1851 solita
951 1807 1160 1862 stipendia
1190 1807 1265 1850 aut
1295 1806 1462 1861 penitus
1494 1805 1767 1860 abrogarunt,

274 1867 341 1910 vel
372 1880 515 1910 eorum
546 1867 707 1921 partem
738 1866 836 1908 fisco
870 1865 1181 1917 adiudicarunt.
1229 1862 1590 1917 Quemadmodum
1621 1861 1767 1916 igitur,

275 1925 324 1966 ut
383 1936 508 1979 rogas
553 1924 641 1966 sive
696 1923 899 1966 donativa
944 1934 1108 1977 augere,
1155 1921 1217 1963 ita
1263 1921 1304 1963 et
1348 1919 1581 1963 rescindere
1616 1918 1767 1972 posset,

274 1980 403 2023 matri
434 1980 637 2024 concessit
666 1979 852 2023 Alexius.

415 2034 528 2088 Τούς
559 2033 897 2093 Δαλασσηνούς]
931 2035 1085 2078 Extitit
1116 2033 1444 2078 Dalassenorum
1472 2032 1636 2075 familia
1661 2030 1769 2074 Con-

275 2095 551 2149 stantinopoli
582 2093 847 2149 perillustris,
882 2105 929 2135 ex
960 2105 1043 2147 qua
1070 2092 1337 2135 recensentur
1361 2090 1665 2134 Constantinus
1685 2088 1768 2130 Pa-

274 2151 434 2204 tricius,
468 2165 591 2206 quem
624 2150 927 2194 Constantinus
958 2149 1204 2204 Imperator,
1236 2147 1387 2191 Basilii
1423 2147 1566 2198 frater,
1609 2157 1770 2188 succes-

275 2220 408 2250 sorem
440 2208 630 2251 sufficere
658 2207 909 2258 decreverat,
951 2206 1024 2261 qui
1070 2205 1258 2249 affectati
1303 2203 1570 2259 postmodum
1601 2200 1769 2257 Imperii

275 2277 381 2317 reus,
413 2265 457 2307 in
478 2265 653 2308 Protam
672 2265 863 2307 Insulam
887 2263 1098 2317 relegatus
1125 2263 1188 2306 est
1209 2275 1231 2304 a
1254 2261 1459 2304 Michaele
1474 2259 1768 2314 Paphlagone:

278 2320 551 2375 Theophanes
582 2323 622 2364 et
652 2321 884 2372 Romanus,
916 2319 1063 2362 itidem
1085 2319 1276 2371 Patricii,
1302 2317 1569 2361 Constantini
1595 2316 1768 2358 fratres:

277 2379 318 2420 et
349 2378 562 2421 Adrianus
593 2379 741 2420 horum
779 2377 994 2432 patruelis,
1028 2377 1077 2419 de
1117 2389 1197 2431 quo
1227 2377 1305 2419 hoc
1343 2375 1433 2418 loco
1462 2374 1610 2416 Anna:
1653 2385 1769 2427 prae-

276 2436 389 2478 terea
421 2435 664 2479 Damianus
693 2436 971 2486 Data-§senua
1003 2434 1122 2476 cuius
1151 2433 1263 2475 filius
1298 2430 1636 2486 Theophylactns
1666 2429 1770 2471 Bul-

277 2492 507 2546 garoctono
538 2493 770 2547 imperante
800 2492 929 2534 vixit:
970 2490 1217 2534 Damianus
1246 2490 1365 2540 alter,
1384 2487 1628 2543 Scopiornm
1661 2486 1767 2537 Dux,

277 2549 354 2590 sub
384 2549 588 2592 Michaele
611 2550 753 2602 Duca3
788 2547 1122 2603 Theophylactns
1151 2548 1270 2599 alter,
1300 2547 1418 2589 cuius
1435 2543 1630 2587 meminit
1646 2543 1770 2585 Nice-

277 2604 432 2658 phorus
464 2606 720 2661 Bryennius;
751 2606 927 2660 denique
961 2604 1264 2648 Constantinus
1279 2602 1558 2653 Dalassenus,
1591 2599 1770 2642 Thalas-

277 2662 462 2704 socrator
493 2664 545 2705 ab
570 2663 716 2705 Alexio
749 2663 899 2705 dictus.
961 2662 1250 2705 Memorantur
1279 2660 1324 2702 hi
1359 2659 1514 2714 passim
1547 2657 1599 2700 ab
1631 2656 1768 2707 Anna,

279 2717 452 2768 Zonara,
484 2718 664 2774 Scylitze
693 2720 733 2762 et
763 2719 908 2774 Glyca.

414 2773 504 2816 Καὶ
536 2771 778 2829 Χάρωνας]
830 2776 928 2818 Fuit
967 2776 1078 2819 enim
1108 2775 1233 2818 Anna
1266 2773 1403 2816 Alexii
1444 2772 1590 2824 mater,
1632 2768 1769 2813 Alexii

279 2829 430 2874 Italiae
455 2831 664 2874 Praefecti
693 2832 793 2885 filia,
825 2833 892 2875 cui
922 2828 1140 2888 Χάρωνος
1177 2843 1408 2887 cognomen
1436 2828 1620 2871 inditum
1657 2839 1771 2870 com-
