1806 3132
494 235 550 269 m
575 234 863 271 Annxrnnm
891 236 1052 272 NOTAE
1427 233 1507 276 641

37 359 137 391 nam
165 359 213 390 ex
247 346 389 403 lapide
414 347 623 391 Thebaico
665 348 707 390 et
734 361 952 404 purpureo,
997 351 1131 395 Roma
1168 352 1397 408 advectam,
1427 368 1509 399 non

37 410 87 448 ex
115 403 239 447 unico
265 404 408 448 tamen
435 403 588 459 lapide,
617 404 728 459 quod
757 405 863 448 falso
893 406 1076 461 quidam,
1105 410 1230 464 atque
1258 410 1302 452 in
1331 411 1382 454 iis
1408 410 1511 467 Gly-

0 477 2 479 ’
36 472 120 513 caS,
162 459 384 504 credidere.
460 459 688 504 Columnae
737 462 1039 517 praegrandem
1080 464 1288 519 Apollinis
1330 480 1377 510 ex
1419 480 1511 511 aere

36 516 249 570 Statuam,
277 517 323 560 in
364 516 483 560 cuius
512 516 668 560 vertice
696 518 935 562 eminebant
963 519 1085 573 radii,
1115 521 1334 576 imposuit;
1373 536 1510 578 quam,

0 597 4 606 ι
37 574 88 616 ut
109 574 234 616 autor
260 575 326 617 est
353 572 576 624 Cedrenus‚
605 573 792 630 Phydiae
823 587 937 629 opuS,
978 576 1168 629 Athenis,
1207 591 1279 621 seu
1305 580 1353 621 ut
1379 581 1440 622 est
1468 580 1511 622 in

37 629 243 674 Chronico
270 629 392 673 Alex.
421 643 470 673 ex
496 630 706 686 Phrygia;
755 631 822 674 vel
849 631 1038 687 denique,
1067 634 1116 675 ut
1144 634 1288 677 scribit
1319 635 1511 687 Zonaras,

2 718 6 720 —
35 686 130 740 Ilio,
172 686 241 730 vel
279 686 505 741 Heliopoli,
542 686 587 729 in
630 687 774 730 eadem
807 687 1045 742 Provincia,
1088 690 1264 733 allatam
1319 691 1364 733 in
1393 705 1513 734 suum

35 742 168 798 ipsius
210 755 362 786 nomen
389 742 632 786 transfudit.
706 742 910 787 Gestabat
938 745 1013 788 illa
1048 759 1176 788 manu
1204 747 1346 790 dextra
1375 753 1515 807 σκῆπ-

37 814 144 855 τρον
185 799 414 843 secundum
442 798 611 843 Annam
653 813 727 843 seu
769 802 816 842 ut
852 801 979 844 habet
1008 801 1214 845 Cedrenus
1253 799 1408 860 λόγχην
1450 804 1514 847 vel

35 856 217 909 hastam,
247 869 376 912 quam
404 857 541 900 terrae
558 857 678 899 motu
692 857 746 899 A.
771 867 872 901 xlv.
903 858 1127 901 Iustiniani
1154 859 1378 914 collapsam
1406 861 1515 903 idem

38 912 227 967 Scriptor
250 913 457 956 testatur:
496 913 618 956 laeva
647 926 744 956 vero
774 916 979 970 σφαῖραν,
1013 928 1084 958 seu
1113 916 1296 970 globum,
1325 917 1369 959 in
1400 917 1515 960 cuius

38 970 193 1013 vertice
233 968 362 1013 infixa
391 968 502 1012 Crux
526 969 749 1023 eminebat,
795 972 845 1013 ut
873 972 935 1013 est
964 971 1075 1026 apud
1104 972 1383 1027 Nicephorum
1412 973 1515 1016 Call.

36 1025 111 1069 lib.
133 1027 173 1069 7.
203 1039 294 1081 cap.
313 1027 382 1069 49.
409 1025 484 1070 lib.
498 1027 538 1069 8.
578 1038 668 1081 cap.
688 1027 728 1069 4.
804 1027 1000 1071 Statuam
1028 1029 1165 1083 ipsam
1193 1030 1366 1083 profano
1402 1029 1515 1084 prius

37 1082 174 1126 cultui
201 1082 387 1126 dicatam
414 1083 616 1148 purgavit
636 1082 949 1136 Constantinus,
976 1085 1175 1127 immissis
1203 1086 1247 1128 in
1276 1098 1367 1128 eam
1387 1086 1516 1129 variis

37 1139 256 1194 Reliquiis.
325 1140 378 1182 In
421 1142 559 1195 capite
586 1140 697 1182 enim
733 1153 781 1183 ex
820 1140 963 1192 clavis,
1005 1141 1155 1196 quibus
1191 1142 1411 1185 transfixus
1454 1143 1516 1184 est

42 1195 246 1250 Christus,
275 1195 460 1252 positum
490 1208 622 1239 unum
650 1196 839 1241 scribunt
860 1196 1079 1249 Cedrenus‚
1110 1199 1303 1250 Zonaras,
1335 1198 1515 1242 Codinus

37 1252 84 1295 in
113 1251 229 1308 Orig.
258 1255 505 1309 Anonymus
547 1252 599 1296 de
637 1253 801 1296 Invent.
847 1253 889 1296 S.
935 1254 1079 1297 Crucis
1130 1254 1240 1309 apud
1275 1254 1514 1298 Gretzerum

39 1309 158 1352 Tom.
179 1310 220 1352 2.
265 1309 317 1352 de
345 1309 388 1353 S.
418 1308 550 1352 Cruce
592 1311 634 1353 et
664 1308 891 1364 Gregorius
935 1310 1088 1353 Turon.
1127 1311 1199 1354 lib.
1226 1312 1261 1353 1.
1299 1311 1349 1354 de
1368 1311 1513 1354 Mirac.

38 1378 135 1420 cap„
150 1366 190 1409 6.
269 1365 532 1410 Particulam
574 1367 788 1421 praeterea
823 1366 1067 1410 Dominicae
1111 1366 1254 1410 Crucis
1306 1381 1331 1410 a
1384 1368 1518 1410 matre

37 1422 200 1466 Helena
228 1421 531 1479 Hierosolymis
572 1423 768 1466 inventae
806 1423 850 1465 in
892 1423 1034 1466 eadem
1071 1422 1222 1466 Statua
1261 1423 1517 1467 reconditam

0 1526 2 1528 ,
39 1479 253 1523 testantur
289 1478 482 1523 Socrates
525 1479 597 1523 lib.
618 1481 657 1522 1.
701 1492 790 1534 cap.
810 1480 873 1522 17.
918 1480 959 1522 et
992 1479 1150 1522 Paulus
1196 1480 1312 1523 Diac.
1355 1480 1428 1522 lib.
1452 1481 1517 1522 11.

42 1534 157 1578 Hist.
186 1535 306 1579 Misc.
377 1535 534 1579 Locum
569 1535 655 1579 desi
687 1539 762 1579 nat
790 1536 835 1578 in
868 1536 964 1579 vola
993 1549 1142 1579 manus
1172 1536 1357 1591 Scriptor
1386 1536 1519 1578 incer·

38 1592 110 1634 tus
138 1592 252 1635 vitae
282 1591 548 1636 Constantini
574 1593 617 1635 et
689 1592 841 1635 elenae.
900 1592 1032 1634 Addit
1059 1593 1316 1647 Nicephorus
1350 1593 1394 1634 in
1423 1592 1519 1635 Sta-

39 1649 139 1692 tuae
162 1648 257 1692 basi
285 1649 341 1692 ab
367 1649 459 1704 ipso
487 1649 744 1704 Imperatore
773 1648 929 1703 positos
952 1650 1016 1691 12.
1048 1649 1242 1703 cophinos
1273 1650 1313 1691 et
1335 1650 1373 1691 7.
1404 1660 1516 1703 spor-

38 1705 107 1748 tas
149 1706 192 1748 et
233 1705 434 1761 reliquias
457 1706 496 1748 7.
538 1718 708 1760 panum,
754 1705 903 1760 quibus
944 1705 1228 1748 benedictione
1270 1704 1519 1748 consecratis

42 1760 232 1805 Christus
274 1762 591 1805 multitudinem
633 1763 752 1817 pavit
780 1764 822 1804 et
851 1762 1092 1814 Dolabram,
1135 1774 1217 1816 qua
1247 1761 1335 1804 Noe
1364 1762 1519 1803 Arcam

43 1817 290 1862 construxit.
347 1818 537 1874 Denique
561 1818 773 1862 urceolum
802 1818 1016 1872 unguenti,
1048 1831 1128 1872 quo
1150 1817 1338 1860 Christus
1368 1818 1518 1859 unctus

44 1875 122 1927 est,
151 1875 334 1930 positum
379 1875 508 1918 refert
539 1874 702 1918 Suidas.
772 1874 947 1918 Statuas
984 1875 1173 1928 pretiosis
1203 1874 1304 1916 adeo
1333 1873 1519 1915 munitae

40 1931 229 1987 reliquiis
288 1931 604 1987 inscriptionem
647 1932 799 1986 posuit,
844 1944 926 1985 qua
971 1931 1127 1974 Urbem
1167 1929 1321 1972 Christi
1363 1928 1520 1971 tutelae

44 1988 287 2041 committit,
316 2000 505 2044 quaeque
534 1988 645 2043 apud
670 1987 902 2031 Cedrenum
922 1987 1128 2042 descripta
1156 1986 1324 2041 legitur.
1382 1986 1520 2038 Atque

41 2044 139 2087 inde
165 2057 359 2088 manasse
386 2045 569 2088 arbitror
596 2045 723 2099 piam,
765 2044 837 2087 sed
880 2044 1043 2086 futilem
1079 2045 1120 2086 et
1158 2042 1369 2086 credulam
1396 2041 1521 2083 nimis

43 2100 296 2201 ffiffffiffi‘
320 2101 629 2201 (11ξὲᾧῖῗὲ
642 2100 1128 2212 Βὲιῖἓῖιῗξὶᾱῗρέἒὲὸ
1145 2097 1522 2209 adqffffiuffissoffi

44 2214 194 2257 urbem
221 2213 500 2269 irrumpentes
529 2214 697 2269 fugaret
738 2215 779 2256 et
820 2213 864 2254 in
893 2212 1104 2255 Persidem
1150 2223 1278 2265 usque
1307 2221 1521 2264 perseque-

45 2271 174 2314 retur.
210 2270 278 2314 Ab
304 2271 370 2314 his
401 2270 621 2326 Reliquiis,
654 2283 726 2313 seu
746 2269 800 2312 ab
833 2282 879 2312 eo
909 2269 1059 2323 potius,
1090 2281 1170 2323 quo
1187 2266 1521 2317 Constantinum,

43 2327 94 2369 ut
121 2326 243 2370 Divis
279 2327 551 2382 adscriptum,
590 2327 797 2381 prosecuti
837 2327 935 2368 sunt
975 2325 1090 2367 cultu
1120 2322 1356 2379 Byzantini,
1400 2333 1521 2363 vene-

44 2382 155 2426 ratio
185 2383 263 2427 illa
290 2383 488 2438 profluxit
515 2384 560 2426 in
577 2382 824 2426 Columnam
839 2394 1099 2436 purpuream,
1116 2380 1169 2423 ad
1198 2391 1322 2434 quam
1344 2378 1522 2432 quotan-

47 2439 114 2482 nis
142 2440 242 2484 Kal.
271 2439 385 2495 Sept.
408 2440 656 2483 Patriarcha
685 2452 778 2482 cum
801 2437 917 2481 Clero
946 2440 988 2479 et
1017 2437 1270 2492 Imperatore
1306 2432 1520 2488 procedere

45 2495 219 2553 solebat,
247 2497 314 2540 uti
343 2497 470 2540 refert
498 2496 680 2540 Codinus
711 2495 761 2538 de
791 2494 869 2538 Off.
900 2506 988 2547 cap.
1013 2494 1076 2536 15.
1103 2493 1155 2535 N.
1175 2493 1210 2534 1.
1270 2489 1397 2533 Cuius
1426 2501 1523 2543 sup—

45 2552 288 2609 plicationis
314 2553 508 2596 meminit
537 2553 666 2596 etiam
694 2550 899 2606 Gregoras
927 2550 999 2592 lib.
1020 2550 1059 2591 8.
1104 2548 1181 2591 sub
1211 2547 1281 2589 fin.
1329 2545 1397 2588 Ad
1427 2544 1525 2608 Sta-

44 2610 167 2653 tuam
197 2608 463 2653 Constantini
489 2610 678 2664 peractas
704 2620 843 2662 preces
873 2607 914 2649 et
951 2619 1032 2648 non
1056 2604 1218 2648 modica
1249 2603 1416 2657 patrata
1444 2613 1525 2665 1111-

45 2666 191 2709 racula
233 2666 454 2721 variasque
501 2666 635 2709 factas
680 2664 918 2707 morborum
949 2662 1181 2704 curationes
1211 2658 1354 2701 scribit
1401 2657 1525 2720 11100-

46 2722 201 2777 phorus
219 2722 294 2766 lib.
314 2723 352 2765 8.
373 2735 462 2777 cap.
484 2724 552 2765 55.
584 2733 710 2776 quam
739 2719 907 2774 quidem
937 2717 1266 2761 Christianorum
1286 2716 1526 2768 θρι,σκειαν

50 2778 96 2821 in
125 2778 391 2822 Constantini
419 2778 654 2834 Imaginem
682 2775 1004 2830 Porphyreticae
1031 2773 1269 2828 impositam
1301 2770 1526 2813 Columnae

53 2835 197 2892 arguit
225 2835 537 2892 Philostorgius
565 2834 638 2879 lib.
657 2834 696 2877 2.
726 2845 815 2894 cap.
836 2832 900 2874 18.

78 2919 433 2959 —Annaconmm
470 2920 527 2957 Π
1203 2915 1247 2948 41
