1734 3120
194 213 276 254 368
703 221 869 256 ANNAE
884 246 886 249 .
899 213 1165 256 coMNENAE

192 337 271 380 τοῦ
301 336 531 391 βασιλικοῦ
575 331 782 392 σώματος
817 334 896 389 τὰς
934 333 1144 396 συνήθεις
1184 336 1481 398 ἐπικρατῆσαν
1519 336 1682 399 ἡμέρας

191 397 517 460 οἷπεμαραίνετο
549 404 622 448 καὶ
661 401 777 460 πρὸς
814 401 959 461 ὑγείαν
999 401 1023 447 ὃ
1077 401 1254 460 κάμνων
1298 403 1492 467 ἐπανῄει.
1554 401 1682 452 οῧπιυ

194 474 326 533 μῆνες
349 473 587 530 παρῆλθον
616 470 668 527 ἓξ
684 473 756 516 καὶ
776 467 985 529 ὀλέθριον
1005 469 1174 529 νόσημα
1201 473 1248 517 ἐκ
1279 477 1356 532 τῆς
1378 476 1547 535 πολλῆς
1575 473 1684 531 τάχα

193 534 392 597 ἆθύμίας
424 543 514 584 τῶν
551 543 655 584 καθ’
696 537 881 599 ἑκάστην
922 539 1304 595 προσπιπτόντων
1345 538 1463 602 αὐτῷ
1499 545 1571 588 καὶ
1607 547 1685 605 τῆς

193 608 381 654 συνόδου
411 612 501 653 τῶν
528 611 691 653 κοινῶν
720 610 971 668 φροντίδων
1002 609 1257 667 ξυμβέβηκε.
1314 612 1386 655 καὶ
1417 606 1579 673 ἤκουον
1607 609 1719 659 αἶ’-5

192 680 272 723 τοῦ
300 676 428 734 θαμὰ
460 675 576 735 πρὸς
605 675 683 736 τὴν
712 678 917 733 βασιλίδα
952 678 1237 735 διηγουμένου
1265 681 1337 723 καὶ
1369 675 1469 724 οἷον
1502 681 1685 739 ἐπεγκα-

193 747 376 799 λοῢντος
403 741 512 805 αὖτῇ
542 744 593 791 τό
626 743 815 804 νόσημα·
866 746 936 789 “vl
982 747 1085 790 ποτ’
1124 740 1210 803 ἄρα
1251 747 1303 792 τὸ
1338 747 1580 805 συμβαῖνόν
1608 767 1682 805 μοι

156 814 302 871 Οπερὶ
333 811 411 872 τὴν
440 808 665 872 ἀναπνοὴν
695 810 850 866 πάθος
860 833 874 867 ,·
911 811 1129 871 βούλομαι
1156 812 1235 872 γὰρ
1265 810 1533 861 ἀναπνεῦσαι
1561 815 1684 873 βαθύ

195 882 267 926 καὶ
296 877 470 938 ἀθρόον
500 881 571 925 καὶ
619 876 718 925 οἷον
747 884 1047 942 κουφισθῆναι
1078 885 1156 943 τῆς
1196 883 1443 942 ἐγκειμένης
1474 879 1598 938 ἆνίας
1641 885 1686 929 ἐν

193 953 247 1011 τῇ
277 950 446 1009 καρδίᾳ.
505 952 639 994 τοῦτο
673 950 721 994 δὲ
751 946 964 1003 πολλάκις
1002 950 1238 1007 ἐπιχειρῶν
1275 946 1378 995 οὐδὲ·
1406 949 1530 1008 ἅπαξ
1556 950 1684 997 δύνα-
1701 957 1734 990 1(

194 1035 273 1075 μαι
304 1014 692 1076 πολλοστημόριον
724 1013 986 1076 ἀναπέμψαι
1025 1020 1103 1063 τοῦ
1145 1018 1462 1076 ἒπιθλίβοντος
1504 1017 1682 1078 βάρους,

194 1084 246 1131 τὸ
278 1088 315 1131 δ’
349 1086 585 1131 ἐπίλοιπον
615 1085 824 1142 καθάπερ
855 1104 921 1139 τις
948 1086 1081 1140 λίθος
1109 1087 1327 1132 ἐπίκειταί
1345 1105 1431 1145 μου
1451 1090 1505 1150 τῇ
1527 1089 1686 1149 καρδίᾳ

195 1151 440 1213 βαρύτατος
459 1151 685 1214 ἀνακοπῆς
716 1155 761 1199 ἐν
781 1156 844 1213 τῷ
873 1153 1036 1212 μεταξὺ
1057 1157 1290 1215 γενομένης
1310 1159 1388 1201 τοῦ
1425 1161 1681 1215 στεναγμοῦ,

194 1224 267 1267 καὶ
296 1221 375 1284 τὴν
406 1222 548 1268 αἰτίαν
577 1224 770 1267 συνιδεῖν
789 1219 868 1267 οὐκ
890 1219 943 1266 ἂν
965 1221 1110 1280 ἔχοιμι
1131 1218 1222 1268 οὐδ’
1256 1222 1433 1270 ὁπόθεν
1465 1223 1516 1270 τι)
1539 1229 1686 1271 τοιοῦ-

193 1308 271 1337 τον
300 1289 455 1344 πάθος
495 1291 705 1349 ἑγγίνεταί
743 1309 832 1348 μοι.
901 1292 974 1335 καὶ
1011 1285 1116 1336 ὅῖλλο
1154 1292 1203 1336 δέ
1229 1310 1269 1337 τι
1302 1295 1681 1352 προσαναγγὲλλω,
1700 1296 1734 1330 Ῑῑ

195 1357 383 1420 φιλτάτη
414 1357 546 1421 ψυχή,
580 1360 761 1404 κοινωνὲ
790 1363 880 1404 τῶν
910 1360 1029 1416 ἐμῶν
1062 1363 1228 1405 παθῶν
1254 1362 1326 1405 καὶ
1346 1360 1684 1420 βουλευμάτων·

193 1426 339 1485 χάσμα
378 1425 591 1481 πολλάκις
627 1427 856 1484 ἐπέρχεταί
901 1446 992 1485 μοι,
1035 1430 1107 1473 καὶ
1144 1427 1498 1487 διακοπτόμενον
1537 1433 1582 1476 ἐν
1619 1434 1683 1491 τῴ

193 1494 355 1553 μεταξὺ
400 1494 452 1541 τὸ
495 1494 812 1553 εἶσπνεόμενον
855 1500 1029 1554 πνεῦμα
1071 1498 1279 1557 μεγίστην
1321 1517 1399 1555 μοι
1446 1498 1525 1560 τὴν
1561 1496 1687 1544 ἆνίαν

149 1562 361 1623 Βὲπάγει.
405 1565 449 1609 τί
469 1582 581 1609 ποτε
602 1559 707 1610 ἄλλο
738 1563 790 1610 τὸ
811 1563 1060 1622 καταλαβόν
1079 1583 1134 1622 με
1154 1570 1287 1612 τοῦτο
1309 1565 1465 1622 δεινόν,
1489 1566 1528 1612 εἷ
1548 1564 1683 1622 οἶδας,

194 1630 374 1693 φράζε.”
439 1630 465 1694 ἡ
496 1634 545 1678 δέ
575 1650 621 1691 γε
651 1635 824 1690 βασιλὶς
852 1637 990 1679 ταῦτα
1018 1630 1241 1680 ἀκούουσα
1270 1637 1342 1680 καὶ
1372 1634 1488 1692 ἅπερ
1519 1637 1687 1690 ἐκεῖνος
1699 1645 1734 1681 2(

195 1698 358 1757 πάσχει
387 1703 490 1759 παρ’
526 1702 693 1746 ἐκείνου
724 1700 1014 1758 μανθάνουσα
1045 1700 1188 1748 ἐδόκει
1214 1703 1295 1760 μὲν
1324 1699 1437 1749 εἶναι
1467 1701 1600 1766 αὐτῆς
1630 1705 1685 1749 τὰ

43 1778 86 1816 V.
114 1780 183 1815 393
196 1767 327 1829 πάθη
357 1771 430 1814 καὶ
459 1767 612 1828 ὥσπερ
635 1766 970 1830 ἅνακοπτομένη
994 1772 1064 1816 καὶ
1083 1767 1192 1832 αὕτη
1214 1770 1304 1817 ὑπὸ
1327 1775 1412 1818 τοῦ
1435 1767 1681 1830 ἄσθματος,

195 1835 312 1883 οὕτω
345 1838 530 1883 διέκειτο
562 1836 679 1896 πρὸς
710 1838 814 1892 τούς
843 1837 1001 1898 λόγους
1027 1843 1108 1885 τοῦ
1128 1835 1467 1898 αὐτοκράτορος.
1516 1846 1684 1898 συχνιῖς

329 1945 364 1980 4.
392 1941 464 1979 ὑπὸ
493 1943 594 1979 τῶνῬ
655 1945 687 1980 6.
716 1944 1035 1991 ἐπαγγέλλοντος-Ῥ
1092 1945 1148 1981 12.
1174 1946 1374 1993 ἐπίκειταί]
1400 1959 1437 1981 αι
1451 1958 1525 1982 exe
1541 1959 1589 1983 m.
1605 1948 1626 1981 2
1646 1946 1685 1982 G.

332 1992 387 2028 15.
415 1992 622 2039 ἐγγίνεταί]
647 2005 686 2027 αι
711 2004 757 2028 ex
781 2007 794 2027 ι
816 2005 864 2030 m.
883 1994 905 2028 2
932 1993 970 2030 C.
1068 1996 1384 2041 προσαναγγέλλω
1407 1994 1446 2038 C,
1471 2007 1686 2042 προσαναγ-

329 2042 427 2087 γέλω
455 2041 494 2077 Ρ.
656 2042 711 2077 17.
738 2041 813 2088 καὶ]
841 2055 863 2077 κ
887 2042 928 2077 in
953 2054 1024 2078 ras.
1050 2054 1099 2078 m.
1130 2044 1151 2077 2
1179 2043 1217 2079 C.
1363 2045 1421 2079 22.
1447 2042 1520 2080 ὑπὸ
1545 2044 1683 2080 addidi.

193 2153 288 2198 nuit,
315 2164 392 2189 sese
426 2153 640 2198 remisisset,
683 2153 1005 2200 convaluissetque
1043 2157 1229 2201 aegrotus,
1267 2155 1434 2192 nondum
1470 2158 1595 2192 tamen
1621 2169 1684 2193 sex

146 2201 151 2209 ⁸
193 2213 336 2238 menses
350 2200 584 2246 effluxerant,
595 2213 679 2237 cum
692 2202 920 2248 periculosus
934 2203 1088 2239 morbus
1102 2215 1146 2239 ex
1158 2203 1434 2240 cotidianorum
1444 2207 1681 2251 negotiorum

194 2250 323 2286 nimiis
348 2250 664 2286 sollicitudinibus
689 2251 1001 2298 publicarumque
1024 2263 1200 2288 curarum
1215 2263 1397 2289 concursu
1413 2253 1447 2288 ei
1466 2253 1614 2289 accidit.
1647 2256 1685 2289 et

193 2298 389 2335 audiebam
427 2310 691 2345 saepenumero
730 2311 815 2335 eum
859 2300 960 2346 apud
999 2300 1208 2346 Augustam
1250 2301 1465 2348 loquentem
1502 2302 1549 2338 de
1586 2302 1684 2337 malo

193 2347 307 2393 idque
329 2348 435 2393 quasi
447 2347 755 2383 denuntiantem:
782 2349 872 2394 “qui
897 2349 1050 2384 tandem
1077 2349 1213 2385 accidit
1239 2350 1331 2385 mihi
1346 2351 1499 2386 morbus
1524 2351 1685 2397 respira·

192 2395 333 2431 tionis?
369 2396 480 2441 cupio
506 2396 605 2431 enim
633 2397 818 2443 respirare
847 2397 1034 2443 profunde
1062 2398 1284 2444 copioseque
1320 2410 1362 2435 ac
1393 2399 1516 2435 cordis
1549 2399 1683 2435 sollici-

193 2444 324 2480 tudine
348 2444 481 2490 levari3
519 2447 558 2480 at
584 2456 692 2491 saepe
716 2446 886 2482 conando
911 2458 957 2481 ne
984 2446 1095 2482 semel
1119 2447 1271 2492 quidem
1296 2447 1474 2493 ponderis
1498 2459 1573 2493 quo
1602 2459 1684 2493 pre-

194 2504 277 2528 mor
302 2493 487 2538 particula
509 2504 568 2528 me
592 2493 752 2529 liberare
771 2506 932 2540 possum,
952 2495 1287 2542 gravissimumque
1306 2497 1412 2542 quasi
1428 2508 1557 2531 saxum
1577 2496 1683 2532 cordi

195 2553 276 2577 meo
301 2542 521 2587 impositum
545 2545 664 2577 restat
689 2543 954 2589 abrumpitque
980 2543 1171 2589 inceptum
1189 2545 1403 2590 suspirium.
1441 2556 1509 2580 nec
1531 2556 1679 2580 causam

194 2590 355 2633 invenio,
369 2589 467 2625 unde
480 2590 554 2626 tale
567 2590 660 2625 mihi
675 2591 854 2627 acciderit
869 2592 1018 2628 malum.
1044 2596 1082 2628 et
1096 2595 1138 2628 ut
1151 2592 1254 2628 aliud
1267 2593 1339 2628 tibi
1353 2593 1488 2637 dicam,
1503 2596 1615 2639 caput
1626 2605 1683 2629 ca-

195 2638 396 2682 rissimum,
412 2639 601 2684 particeps
615 2651 788 2674 sensuum
803 2641 1121 2687 consiliorumque
1136 2653 1316 2685 meorum,
1334 2642 1557 2677 oscitatione
1576 2653 1683 2688 saepe

195 2686 336 2730 laboro,
353 2689 391 2721 et
407 2687 562 2732 spiritus
575 2688 675 2723 inter
691 2688 918 2724 trahendum
934 2689 1149 2735 prohibitus
1162 2691 1365 2726 maximam
1381 2690 1473 2726 mihi
1486 2693 1590 2726 creat
1606 2702 1683 2726 mo-

195 2734 351 2770 lestiam.
396 2736 461 2780 qui
487 2737 536 2771 sit
562 2736 656 2771 alius
683 2736 744 2772 hic
767 2737 931 2782 morbus,
959 2737 1024 2784 qui
1048 2750 1107 2774 me
1133 2737 1310 2784 affecerit,
1337 2739 1367 2774 si
1392 2739 1496 2783 scias,
1518 2739 1680 2775 indica.”

194 2782 331 2829 quibus
355 2783 496 2819 auditis
530 2784 700 2830 Augusta
736 2785 868 2821 iisdem
905 2786 978 2822 sibi
1000 2786 1108 2822 malis
1143 2787 1316 2823 laborare
1341 2787 1541 2823 videbatur
1566 2790 1604 2823 et
1628 2787 1683 2823 ita

195 2831 432 2877 imperatoris
457 2832 581 2868 verbis
598 2832 846 2876 afficiebatur,
866 2836 910 2869 ut
934 2835 1015 2880 ipsa
1033 2835 1308 2881 quodammodo
1335 2837 1491 2882 spiritus
1511 2835 1683 2882 angustia

193 2879 394 2915 laboraret.
446 2880 573 2926 itaque
603 2882 735 2917 crebro
760 2883 1007 2928 peritissimos
1023 2883 1256 2921 medicorum
1281 2884 1456 2921 adhibuit
1481 2885 1520 2921 in
1544 2884 1681 2920 morbi-

1703 2940 1734 2954 ‘a'
