1734 3120
483 236 746 271 ALEXIADIS
779 238 872 271 LIB.
901 238 999 271 XIV.
1032 233 1066 272 l.
1438 237 1518 278 251

34 356 271 417 συμφορὰς
289 358 339 414 ἐξ
362 352 511 402 αὐτῶν
538 352 719 415 ἇμφίων
738 354 1007 414 παριστάναι
1027 362 1124 411 τοῖς
1152 357 1398 418 ὁμοφύλοις
1416 363 1523 415 βου-

35 423 214 483 λόμενοι
242 422 420 471 ἅπασαν
449 422 528 485 τὴν
557 423 648 469 ὑπὸ
668 426 759 469 τῶν
789 422 998 481 Τοὺρκων
1028 426 1318 484 κατεχομένην
1345 423 1523 486 διῄεσαν

34 491 181 551 χώραν
224 492 382 552 γοερὸν
422 488 743 550 ἀνοιμώζοντες
784 494 857 538 καὶ
902 490 957 537 τά
992 510 1146 551 σφισιν
1173 489 1326 547 αἰτοῖς
1355 497 1523 550 ξυμπε-

34 561 172 609 σόντα
201 560 322 609 δεινὰ
349 559 627 621 διηγούμενοι
647 558 730 606 κάκ
755 564 847 606 τῶν
863 558 1045 621 α’μφίων
1064 560 1262 616 ἅπαντας
1289 562 1353 616 εἷς
1373 559 1523 607 οἶκτον

0 633 379 689 ὕπαρακινοῦντες
412 632 483 676 καὶ
526 624 644 687 πρὸς
682 625 849 687 ἄμυναν
887 631 1179 688 ἐρεθίζοντες.
1239 630 1263 675 ὃ
1298 633 1347 676 δὲ
1377 627 1523 687 Εὐμά-

35 707 141 754 θιος
167 699 246 761 τὴν
278 701 599 760 Φιλαδέλφειαν
637 701 895 757 καταλαβών
938 699 1111 759 ἔχαιρεν
1149 703 1227 747 ἐπὶ
1264 706 1318 762 τῇ
1347 697 1524 761 εὐτυχίᾳ

33 773 114 815 τοῦ
142 767 464 828 ἐγχειρήματος.
528 764 862 828 ἆρχισατρᾶπης
890 770 939 815 δέ·
977 789 1044 823 τις
1072 767 1210 816 Ἀσάν
1246 770 1327 831 τὴν
1355 772 1519 824 κλῗσιν,
1534 765 1576 801 Ρ·
1601 767 1670 801 42¹

34 837 60 883 ό
102 836 182 898 τὴν
226 838 555 883 Καππαδοκίαν
596 839 800 895 κατέχων,
842 843 941 892 τοῖς
978 835 1227 896 αὖτόχθοσι
1271 841 1523 896 καθαπερεὶ

32 903 358 967 ἆργυρωνήτοις
398 904 637 963 χρώμενος,
668 907 945 966 μεμαθηκώς
987 908 1043 952 τὰ
1081 913 1180 962 τοῖς
1218 903 1299 968 ἤδη
1342 913 1523 966 ῥηθεῖσι

0 979 23 1012 0
40 972 253 1033 Τοὺρκοις
296 974 579 1033 ξυμπεσόντα
615 976 695 1031 τὰς
738 977 904 1032 οἰκείας
943 975 1153 1035 δυνάμεις
1195 974 1523 1034 ἅναλαβόμενος

34 1046 107 1089 καὶ
134 1043 360 1101 ἑτέρωθεν
386 1043 581 1099 πολλοὺς
617 1044 1040 1103 μεταπεμψάμενος,
1071 1045 1133 1100 ὥς
1161 1048 1207 1100 ἐς
1224 1045 1377 1093 ,εἴκοσι
1406 1045 1524 1103 πρὸς

34 1117 133 1167 ταῖς
158 1114 369 1171 τέσσαρσι
398 1112 598 1170 χιλιάδας
626 1118 903 1173 παραστῆναι
925 1113 976 1160 τὸ
1001 1114 1076 1160 ὑπ’
1106 1111 1242 1160 αἰτόν
1258 1116 1519 1173 στράτευμα,

33 1185 127 1227 κατ’
156 1178 293 1228 αὐτοῦ
325 1182 474 1239 ἔξεισι.
534 1182 681 1237 δεινδς
717 1183 766 1228 δὲ
798 1181 862 1228 ὢν
900 1180 1009 1244 ἀνὴρ
1041 1182 1066 1228 ό
1093 1182 1337 1241 Εὐμάθιος,
1370 1182 1432 1237 ὡς
1460 1181 1523 1228 εἴ-

34 1269 173 1309 ρηται,
207 1245 287 1296 οὔκ
314 1247 495 1307 α’μελῶς
526 1249 610 1310 τήν
641 1253 963 1312 Φιλαδέλφειαν
993 1247 1098 1311 ᾤκει
1130 1249 1222 1299 οὔδ’
1253 1248 1522 1298 ἀναπεπτώ-

0 1330 99 1363 5κει
126 1317 234 1365 εἴσω
262 1323 355 1365 τῶν
382 1318 543 1378 ταύτης
562 1323 721 1376 τειχῶν
734 1319 934 1379 γεγονώς,
963 1318 1075 1366 ἄλλα
1092 1319 1291 1375 σκοπούς
1312 1339 1361 1367 τε
1382 1320 1522 1365 ἃπαν-

32 1392 143 1447 ταχῆ
193 1388 371 1446 ἔπεμπε
404 1391 476 1435 καὶ
519 1392 592 1435 ἵνα
630 1389 691 1450 μὴ
733 1387 953 1448 ἀμελοῖεν,
1011 1391 1163 1445 αὐτοῖς
1198 1391 1522 1447 προσέπεμπεν

32 1451 193 1511 ἄλλους
233 1458 307 1502 καὶ
347 1456 465 1514 πρὸς
499 1456 757 1517 ἐγρήγορσιν
800 1460 1071 1518 ανηρέθιζεν,
1117 1458 1232 1505 ὥστε
1274 1457 1563 1514 παννὺχοιςΒ

35 1527 310 1585 ἐγρηγορέναι
341 1530 414 1573 καὶ
441 1527 522 1582 τὰς
549 1525 784 1588 ἀμφόδοις
804 1530 875 1573 καὶ
896 1527 976 1582 τὰς
1003 1525 1222 1581 πεδιάδας
1242 1530 1520 1584 περιαθρεῖν.

31 1593 209 1640 τούτων
237 1588 315 1641 οὖν
341 1614 410 1650 τις
438 1595 685 1654 πόρρωθεν
715 1596 767 1641 τὸ
805 1595 1048 1654 Τουρκικὸν
1076 1594 1359 1652 θεασάμενος
1389 1592 1521 1651 στρά-

0 1674 170 1720 ῠτευμα
198 1665 415 1721 δρομαῖος
433 1661 553 1724 αὖτῷ
575 1668 850 1722 προσελθών
868 1666 1142 1723 ἀπαγγέλλει.
1187 1664 1212 1709 ὁ
1232 1665 1281 1709 δὲ
1301 1661 1522 1723 φρενήρης

32 1729 95 1776 ὢν
123 1733 196 1777 καὶ
226 1729 329 1787 ὀξὺς
357 1734 410 1778 τό
439 1734 541 1779 δέον
570 1737 764 1779 συνιδεῖν
792 1735 864 1779 καὶ
894 1734 940 1779 ἒν
969 1729 1179 1791 α’σκέπτῳ
1208 1730 1352 1790 χρόνῳ
1381 1732 1522 1787 πέρας

31 1803 129 1853 τοῖς
157 1801 387 1858 λογισμοῖς
415 1799 600 1856 διδόναι,
642 1803 743 1848 ἐπεὶ
771 1801 832 1862 μὴ
861 1798 1131 1860 ἅποχρώσας
1158 1798 1275 1857 πρὸς
1305 1796 1523 1852 τοσαύτας

175 1922 207 1958 l.
233 1920 433 1969 συμφορὰς
457 1922 537 1968 FA,
560 1935 633 1960 om.
658 1923 700 1960 P.
845 1925 901 1960 11.
930 1922 975 1962 ὠς
1002 1924 1042 1962 ἐς
1066 1923 1110 1965 F,
1137 1921 1187 1961 ὥς
1209 1934 1281 1958 om.
1308 1921 1348 1956 P.
1469 1922 1523 1956 12.

170 1967 234 2004 ὑπ’
259 1967 387 2016 αὐτὸν]
413 1968 524 2006 αὐτοῦ
551 1971 589 2007 C.
730 1972 785 2009 16.
814 1970 935 2012 αὐτοῖς
960 1972 1007 2012 Α,
1032 1968 1135 2007 αἶποὶ
1158 1970 1199 2006 Ρ.
1335 1971 1390 2006 17.
1418 1964 1523 2015 ἐγρή-

169 2029 304 2065 γορσιν
327 2018 407 2059 FA,
432 2016 678 2066 ἔγρηγόρησιν
701 2020 741 2056 Ρ.

35 2127 111 2166 tur,
136 2123 250 2169 pullis
274 2125 441 2161 vestibus
464 2125 589 2162 induti
613 2129 766 2162 cunctas
792 2125 1043 2162 circumibant
1067 2124 1239 2170 regiones
1262 2135 1284 2158 a
1308 2122 1440 2158 Turcis
1466 2134 1523 2159 oc-

36 2175 191 2217 cupatas
214 2172 425 2210 miserrime
442 2177 640 2220 querentes
665 2178 704 2210 et
728 2186 824 2220 quae
848 2174 922 2209 sibi
947 2173 1083 2209 acerba
1107 2172 1353 2218 contigissent
1371 2182 1526 2206 narran-

32 2223 113 2265 tes;
138 2232 297 2266 quorum
323 2222 496 2269 lugubris
521 2223 612 2259 haec
636 2224 778 2269 species
803 2225 841 2258 et
868 2222 916 2258 ad
941 2221 1237 2257 misericordiam
1259 2223 1299 2256 et
1322 2219 1370 2255 ad
1382 2218 1525 2255 vindic-

32 2271 108 2303 tam
128 2280 256 2305 omnes
272 2270 456 2306 incitavit.
507 2271 661 2307 interim
685 2271 910 2307 Eumathius
930 2269 1225 2315 Philadelphiam
1254 2280 1292 2304 se
1313 2267 1525 2304 contulerat

32 2317 81 2352 ob
105 2329 292 2354 successus
315 2318 535 2356 felicitatem
552 2320 787 2356 laetissimus.
837 2319 1093 2364 archisatrapa
1117 2329 1207 2353 vero
1234 2316 1397 2362 quidam,
1423 2316 1523 2351 Asan

31 2365 194 2410 nomine,
219 2367 284 2412 qui
298 2366 568 2414 Cappadociam
595 2369 792 2404 obtinebat
816 2367 1076 2414 indigenisque
1101 2370 1144 2402 ut
1171 2365 1370 2410 mancipiis
1395 2364 1523 2400 uteba-

32 2417 107 2456 tur,
143 2426 228 2450 cum
251 2414 316 2451 illa
341 2415 548 2453 Turcarum
575 2417 674 2453 mala
698 2417 913 2460 audivisset,
950 2415 1146 2451 confestim
1171 2417 1211 2449 et
1249 2413 1325 2448 suis
1362 2415 1401 2449 et
1438 2412 1522 2448 aliis

31 2461 183 2498 aliunde
206 2463 325 2509 copiis
347 2476 464 2511 usque
499 2465 547 2501 ad
572 2468 735 2512 quatuor
758 2468 797 2501 et
821 2464 958 2510 viginti
982 2463 1101 2499 millia
1126 2462 1288 2498 militum
1319 2461 1522 2497 contractis

32 2514 164 2547 contra
174 2510 414 2548 Eumathium
426 2513 688 2559 proficiscitur.
714 2514 758 2558 is,
775 2525 883 2559 quem
903 2524 1026 2548 acrem
1042 2512 1167 2548 virum
1180 2510 1356 2553 diximus,
1369 2509 1522 2545 minime

32 2570 184 2595 securus
206 2561 424 2597 considebat
446 2561 729 2608 Philadelphiae
752 2573 821 2597 nec
845 2573 883 2597 se
906 2561 1090 2606 segnitiae
1115 2561 1218 2595 intra
1254 2558 1334 2594 eius
1375 2558 1523 2593 moenia

31 2606 158 2652 dabat,
195 2608 261 2644 sed
295 2609 597 2655 exploratoribus
634 2611 674 2646 in
700 2611 826 2646 omnia
850 2609 931 2645 loca
953 2609 1129 2653 dimissis,
1165 2619 1214 2643 ne
1248 2608 1370 2642 essent
1399 2606 1520 2652 negle—

31 2658 173 2701 gentes,
194 2659 326 2702 postea
349 2658 441 2694 alios
465 2659 652 2704 submisit,
667 2659 734 2705 qui
759 2658 806 2694 ad
830 2657 1062 2704 vigilandum
1081 2668 1144 2692 eos
1161 2655 1380 2695 excitarent,
1406 2655 1462 2690 ita
1478 2657 1522 2690 ut

32 2706 132 2740 totas
154 2708 282 2741 noctes
304 2705 354 2742 ad
376 2707 456 2743 vias
479 2718 703 2754 camposque
726 2706 874 2754 vigilias
915 2708 1082 2752 agerent.
1130 2704 1265 2740 horum
1300 2703 1420 2749 igitur
1455 2704 1521 2749 qui

32 2752 177 2798 primus
199 2751 299 2789 forte
323 2754 529 2792 Turoarum
554 2756 761 2793 exercitum
797 2756 1004 2800 conspexit,
1040 2752 1211 2789 celeriter
1245 2751 1423 2788 advolans
1446 2752 1520 2787 Eu-

33 2800 177 2837 mathio
201 2801 242 2837 id
267 2803 430 2840 nuntiat.
496 2804 561 2840 ille
597 2803 891 2851 praesentissimi
928 2802 1043 2839 animi
1071 2802 1131 2838 vir
1167 2799 1522 2846 deliberationisque

34 2849 189 2894 velocis,
216 2850 282 2895 qui
306 2851 599 2889 consultationes
624 2864 698 2888 uno
728 2854 917 2888 momento
942 2851 1162 2896 corriperet,
1194 2861 1281 2885 cum
1303 2848 1344 2884 in
1371 2851 1520 2884 tantum

34 2897 242 2935 exercitum
264 2898 368 2936 haud
391 2900 482 2937 satis
506 2902 698 2949 copiarum
723 2901 797 2937 sibi
823 2899 952 2938 adesse
977 2899 1161 2943 sensisset,
1196 2897 1420 2935 communiri
1443 2909 1520 2934 om-
