1806 3132
514 217 570 251 m
596 217 883 252 nummum
906 218 1068 253 NOTAE
1449 210 1531 253 697

57 333 248 378 Clemens
280 331 458 376 constit.
489 330 564 374 lib.
586 331 626 373 2.
655 342 745 386 cap.
767 331 834 374 61.
866 329 1091 386 Gregorius
1106 331 1303 375 Nazianz.
1333 332 1377 375 in
1392 331 1533 376 Somn.

57 390 108 434 de
133 389 374 440 Anastasia,
405 387 653 431 Ambrosius
698 387 752 430 ad
783 387 945 443 virgin.
988 387 1091 442 laps.
1123 387 1342 443 Cogitosus
1371 389 1414 431 in
1445 389 1533 432 vita

57 445 101 490 S.
132 445 336 501 Brigidae
363 444 443 488 sub
485 443 625 495 finem,
657 444 844 487 Allatius
887 443 937 486 de
978 444 1252 487 recentiorum
1283 443 1534 488 Graecorum

57 501 255 557 Templis,
284 500 447 545 Gnarus
461 500 516 544 ad
535 500 763 556 Eucholog.
795 501 837 542 et
867 499 952 542 alii.
1006 500 1098 543 Iam
1127 513 1222 543 vero
1250 514 1300 543 an
1330 514 1412 544 una
1440 514 1534 544 cum

58 558 233 603 caeteris
260 557 507 601 mulieribus
552 557 819 600 constiterint
847 556 1126 608 Diaconissae‚
1171 556 1215 599 id
1252 569 1334 599 non
1372 557 1535 600 videtur

58 628 155 660 vero
197 614 348 667 simile,
393 627 490 657 cum
518 613 791 669 Presbyter-is,
819 612 1030 663 maeonis,
1060 612 1327 664 Diaconissis‚
1358 613 1535 656 Subdia-

58 665 1536 781 3331Ἢὲῗὲ3313111211ἓῐῃῇῗὲἣῖίῗοιῑῖξάσεέῗωῑὲἓ

60 785 400 828 Diaconissarum
430 783 546 827 sedae
574 783 651 826 illa
680 783 788 826 forte
824 782 963 833 fuerit,
1003 795 1128 836 quam
1157 781 1429 825 Matroneum
1464 794 1538 824 vo-

59 842 158 885 cant
201 840 433 896 Scriptores
479 839 592 883 Eccl.
640 838 892 882 Anastasius
935 839 977 881 13
1026 837 1183 894 Symm.
1224 838 1309 880 PP.
1353 851 1448 893 pag.
1468 839 1535 880 32.

58 897 193 953 Apud
232 897 289 940 B.
333 896 585 951 Apostolum
634 896 819 939 Paulum
879 919 930 924 —
978 908 1186 938 cameram
1227 894 1327 948 feeit
1370 898 1408 938 et
1435 894 1537 937 Ma—

58 959 262 998 troneum.
348 953 466 997 Idem
514 953 559 995 in
608 952 810 1008 Gregorio
858 951 932 995 IV.
978 964 1074 1006 pag.
1118 952 1210 994 166.
1267 950 1538 994 Matr-oneum

57 1010 326 1067 Presbyterio
383 1010 630 1054 adiunctum
683 1010 810 1052 fuisse
865 1008 1030 1051 innuit:
1094 1006 1405 1063 Presbyterium
1448 1021 1538 1050 am·

56 1068 178 1123 plum
226 1067 390 1122 operosi
435 1067 577 1121 operis
618 1066 816 1120 funditus
859 1065 1104 1116 construxit,
1152 1065 1220 1107 cui
1261 1078 1312 1106 ex
1354 1063 1538 1117 Septem-

58 1124 235 1168 trionali
261 1124 404 1180 playa
437 1123 655 1178 lapidibus
688 1123 803 1166 circa
836 1125 998 1175 septu-m
1026 1121 1300 1164 Matroneum
1329 1120 1537 1174 adposuit.

5 1212 13 1217 -
59 1181 156 1225 Non
171 1181 323 1224 desunt
337 1182 480 1224 tamen
495 1180 569 1235 qui
581 1180 855 1223 Matroneum
864 1177 970 1220 illud
987 1190 1072 1220 esse
1087 1177 1270 1228 credant,
1283 1176 1391 1231 quod
1407 1176 1537 1219 eidem

59 1237 264 1293 Scriptori
282 1251 395 1292 pars
421 1237 646 1280 mulierum
669 1236 836 1287 dicitur,
880 1234 951 1276 ubi
980 1234 1139 1276 scilicet
1167 1233 1360 1276 mulieres
1383 1232 1539 1275 consis-

59 1295 220 1346 tebant,
265 1294 367 1337 dum
408 1307 529 1337 sacra
565 1293 833 1348 perageretur
862 1290 1058 1345 liturgia:
1103 1303 1200 1333 nam
1244 1289 1352 1332 etin
1380 1288 1538 1331 balneis

59 1352 224 1407 partem
266 1350 312 1393 13
354 1364 438 1406 qua
475 1350 679 1393 lavabant
708 1349 914 1401 mulieres,
948 1345 1256 1401 Matowm'mov
1287 1345 1539 1400 appellatam

59 1408 187 1451 fuisse
216 1408 341 1451 autor
368 1408 432 1451 est
461 1406 691 1450 Cedrenus:
727 1406 795 1449 cui
825 1404 991 1460 quidem
1027 1402 1256 1447 sententiae
1286 1402 1398 1444 favet
1429 1400 1539 1444 Ordo

60 1465 288 1516 Romanus,
319 1464 393 1520 qui
422 1464 586 1519 partem
622 1463 846 1506 mulierum
870 1464 1039 1514 partem
1078 1463 1368 1502 matronarum
1399 1457 1539 1500 vocat:

58 1520 267 1565 Similiter
279 1519 700 1574 transiensPontifex
711 1520 757 1562 in
760 1521 931 1572 partem
947 1521 1237 1560 matronarum
1251 1514 1387 1568 explet
1400 1514 1541 1557 omnia

60 1581 108 1620 ut
125 1591 272 1631 supra.
299 1577 361 1620 Ex
390 1577 543 1633 quibus
559 1577 692 1619 videri
713 1576 849 1631 potest
868 1574 978 1616 idem
1006 1573 1132 1615 fuisse
1145 1572 1417 1614 Matroneum
1445 1582 1537 1612 cum

52 1638 184 1689 parte
221 1638 528 1678 matronarum.
601 1633 680 1677 Sed
717 1634 758 1676 et
797 1644 906 1685 pars
944 1629 1164 1673 mulierum
1200 1627 1312 1671 haud
1344 1626 1485 1682 procul
1514 1638 1540 1668 a

60 1691 325 1746 Presbyterio
354 1690 508 1734 extitit.
559 1690 721 1733 Narrat
742 1689 892 1744 quippe
921 1686 1031 1728 idem
1053 1684 1302 1727 Anastasius
1328 1696 1423 1738 pag.
1448 1682 1539 1724 154.

63 1749 156 1790 155.
190 1747 438 1791 Paschalem
467 1746 552 1789 PP.
591 1759 684 1789 cum
716 1744 874 1788 videret
916 1742 1150 1786 Ecclesiam
1177 1743 1347 1783 sanctae
1373 1743 1411 1781 et
1436 1739 1542 1780 inte-

60 1807 247 1847 meratae
281 1803 475 1860 Viryinis
502 1803 680 1846 Mariae
725 1802 783 1845 ad
809 1800 1020 1853 Praesepe
1062 1798 1272 1852 quondam
1312 1795 1390 1838 tali
1428 1808 1542 1836 more

61 1864 353 1914 constructam,
382 1865 429 1903 ut
448 1864 552 1914 post
576 1860 715 1903 sedem
734 1856 954 1910 Pontificis
981 1854 1174 1898 mulieres
1203 1853 1259 1896 ad
1288 1866 1411 1894 sacra
1431 1850 1540 1892 Mis-

59 1931 208 1961 sarum
233 1917 438 1961 solemnia
466 1921 626 1960 stantes
675 1929 814 1969 prope
844 1913 1039 1956 assistere
1066 1911 1187 1953 iuxta
1212 1908 1454 1972 Pontificem
1481 1907 1539 1948 vi-

62 1974 285 2018 derentur.-
314 1975 378 2018 ita
406 1977 454 2016 ut
482 1975 522 2016 si
551 1973 718 2028 aliquid
756 1970 932 2024 colloqui
959 1967 1157 2020 Pontifex
1190 1979 1282 2009 cum
1311 1966 1542 2027 assistenti-

61 2031 138 2074 bus
168 2031 377 2086 voluisset,
425 2045 477 2074 ea·
514 2031 758 2084 propinqua
805 2026 927 2069 valde
955 2024 1177 2067 mulierum
1211 2022 1542 2083 frequentatione

61 2101 327 2143 nequaquam
355 2089 394 2131 ei
421 2088 514 2131 sine
551 2087 724 2130 illarum
751 2082 1047 2126 interventione
1087 2079 1237 2130 liceret,
1269 2078 1436 2132 lai-qum
1464 2074 1542 2116 iln-

63 2145 156 2187 dem
184 2144 321 2188 locum
359 2145 517 2196 inesse„
552 2143 735 2198 qualiter
762 2141 861 2183 inde
887 2138 1024 2181 sedem
1058 2140 1221 2179 mutare
1248 2133 1417 2183 valeret,
1447 2145 1541 2174 con-

60 2205 256 2252 cerneret,
289 2201 389 2244 dato
418 2202 557 2255 operis
575 2200 725 2253 studio,
755 2197 935 2250 coepisse
953 2193 1235 2236 indesinenter
1260 2203 1383 2245 aqere
1407 2187 1543 2250 sedem

60 2258 242 2311 inferius
278 2258 464 2311 positam
508 2270 675 2300 sursum
696 2267 868 2309 ponere,
912 2255 957 2293 ut
987 2264 1031 2293 eo
1070 2247 1332 2302 familiarius
1359 2244 1542 2287 Domino

58 2327 208 2368 preces
230 2314 413 2368 fundere
431 2318 590 2368 posset,
636 2325 715 2367 quo
743 2309 953 2353 consortia
974 2305 1230 2360 populorum
1266 2301 1445 2344 modeste
1473 2298 1541 2340 de-

62 2371 224 2414 clinare
244 2371 464 2425 potuisset.
525 2370 615 2424 Quo
644 2370 734 2411 loco
765 2365 956 2408 mulieres
976 2363 1094 2412 istae,
1124 2372 1230 2416 quae
1258 2357 1368 2401 haud
1395 2354 1541 2420 procul

62 2441 87 2471 a
129 2427 224 2470 sede
253 2427 471 2470 Pontificis
515 2427 738 2470 stationem
782 2434 900 2464 suam
931 2419 1140 2462 habebant
1175 2417 1219 2458 in
1250 2413 1448 2463 Ecclesia,
1478 2424 1542 2452 vl-

62 2484 215 2526 dentur
242 2484 371 2526 fuisse
388 2484 677 2529 Diaconissae3
707 2492 804 2522 uam
835 2478 1020 2520 caeterae
1047 2475 1090 2516 in
1124 2472 1331 2516 Narthece
1359 2467 1540 2517 stabant,

65 2541 141 2583 aut
170 2540 216 2582 in
245 2553 295 2583 ea
317 2541 440 2607 parte
469 2553 575 2595 quae
602 2537 822 2580 mulierum
852 2533 1079 2575 dicebatur.
1126 2585 1134 2593 ·
1402 2581 1411 2589 ι

194 2594 434 2653 Ἰβηριὸων]
463 2595 777 2642 Monacharum‚
823 2602 927 2645 quae
957 2601 1003 2630 ex
1030 2586 1164 2629 lberra
1197 2582 1585 2633 Constantlnopo-A

60 2653 136 2696 lim
172 2653 470 2708 migraverant.
1120 2698 1128 2705 ,
1203 2697 1211 2704 ,

197 2705 535 2775 Παιδευτὴριον]
602 2705 847 2750 Scholarum
897 2696 1286 2743 Grammaticalrum
1326 2691 1581 2746 Orphano-C

60 2766 217 2821 trophii
246 2766 440 2809 meminit
470 2764 744 2818 Pachymeres
773 2759 845 2801 lib.
868 2759 906 2799 4.
938 2769 1027 2820 cap.
1052 2755 1117 2796 14.

194 2822 390 2877 Σχεόῶν]
423 2817 805 2875 Schedographiam
840 2812 1055 2868 intelligat,
1093 2822 1165 2853 seu
1194 2820 1285 2851 eam
1314 2805 1581 2850 Gramma-c
