1806 3132
499 233 555 267 m
580 233 868 270 mmmm
897 237 1059 272 Nom:
1431 232 1513 275 647

41 347 179 392 castro
209 359 360 392 nomen
387 347 571 391 inditum
586 348 793 402 Themati,
824 351 935 406 quod
958 351 1160 396 Minorem
1186 353 1424 398 Armeniam
1454 356 1519 399 in-

41 403 188 448 cludit.
250 404 359 448 Vide
388 403 559 460 Scylitz.
590 418 684 461 pag.
703 407 799 449 814.

175 469 254 524 Εἰς
279 467 543 573 Ὑδροῦντοεὲι
562 473 680 527 Quod
704 475 900 529 oppidum
915 474 1146 519 Boemundi
1176 478 1387 531 proprium
1416 482 1618 536 eratPag.
1634 489 1755 525 366.ss

40 529 277 573 Alexander
306 528 480 574 Celoein.
530 530 583 573 Ἰ).
607 531 645 573 l.
677 543 767 586 cap.
791 532 856 574 13.
906 531 957 574 de
984 532 1163 587 Rogerio
1183 533 1350 577 Siciliae
1380 536 1517 591 Rege:

37 585 207 630 Deinde
237 585 466 630 Tarentum
485 587 749 641 perveniens,
797 587 956 631 civibus
1001 602 1088 632 sese
1131 590 1383 647 dedentibus,
1423 606 1520 636 mox

38 656 131 686 eam
158 643 352 697 obtinuit.
428 642 560 687 Cuius
578 648 682 698 post
710 644 965 688 obsidionem
987 645 1255 700 Hydruntini
1288 648 1395 691 cives
1413 663 1515 702 per-

38 701 294 743 timescentes
335 700 542 744 civitatem
568 704 607 743 et
634 701 719 754 ipsi
744 714 908 756 seseque
930 701 1188 745 submittunt.
1247 703 1342 747 Hae
1370 705 1521 759 quippe

38 756 161 800 urbes
188 755 428 800 Boenmndi
455 757 567 800 iuris
590 756 777 810 fuerant,
820 772 924 812 quas
960 759 1050 812 ipse
1088 772 1324 815 omnemque
1365 765 1519 805 terram

37 826 171 865 suam,
201 826 295 857 eum
334 814 393 857 ad
422 814 674 867 potiendum
699 813 998 869 Principatum
1029 815 1277 859 Antiochiae
1311 820 1517 861 transma-

37 870 180 913 rinum
211 873 374 925 peteret
412 871 518 926 iter,
558 869 825 924 Apostolicae
858 872 986 925 prius
1032 871 1171 925 fertur
1212 873 1363 916 tutelae
1409 888 1517 917 com-

36 927 309 1027 ἴιοὰςίξὲᾱῇὓο.
367 927 573 971 Tancredi
600 940 698 970 vero
738 926 1148 983 fuit}andusium‚
1178 930 1226 972 ut
1254 929 1364 973 idem
1381 929 1515 986 Scrip-

84 996 107 1026 r
266 1016 277 1026 .

170 1046 430 1108 Πατρόθεν]
461 1051 568 1095 Vide
596 1051 698 1095 Not.
729 1051 783 1095 ad
814 1065 911 1107 pag.
932 1053 1029 1095 341.
1526 1066 1556 1102 B

175 1119 251 1176 Τῷ
279 1114 447 1177 Πάπᾳ]
476 1118 672 1162 Paschali
691 1119 746 1162 II.
777 1132 860 1163 non
888 1120 1071 1173 Urbano,
1102 1121 1151 1163 ut
1179 1121 1272 1164 vult
1291 1122 1488 1166 Allatius.
1527 1131 1705 1178 Pag.367.
1719 1132 1750 1167 B

170 1183 431 1243 Παγάνους]
464 1187 655 1243 Scythas,
686 1188 826 1242 inquit
846 1188 984 1239 Anna,
1014 1188 1260 1232 Latinorum
1290 1203 1416 1243 more,
1446 1204 1516 1234 seu
1531 1201 1558 1236 c

38 1244 201 1299 recepto
231 1243 343 1299 apud
371 1244 544 1287 Latinos
573 1243 773 1287 idiomate
805 1245 846 1287 et
876 1244 1077 1288 vocabulo
1106 1244 1308 1300 Paqanos
1334 1247 1517 1301 appella-

35 1300 123 1344 bat.
183 1300 339 1344 Verum
369 1313 501 1344 voxne
530 1300 654 1343 Latia
682 1300 750 1352 sit,
781 1301 830 1342 ut
861 1300 1049 1344 dubitem
1076 1301 1180 1344 facit
1208 1301 1516 1354 Constantinus,

36 1356 109 1412 qni
138 1356 247 1401 libro
276 1356 328 1400 de
356 1356 528 1400 Admin.
555 1356 662 1411 Imp.
693 1369 780 1411 cap.
803 1357 872 1399 29.
913 1370 938 1400 a
969 1357 1106 1400 Slavis
1135 1359 1302 1413 etymon
1331 1360 1516 1410 accersit,

37 1412 189 1468 quibus
229 1413 293 1456 ita
321 1413 663 1469 indigitabantur
689 1413 890 1467 baptismi
918 1414 1119 1468 expertes:
1156 1414 1365 1469 Παγανοὶ,
1411 1414 1518 1457 κατὰ

35 1465 1518 1581 ζῇς.τέῇκλαωᾴεῖεὲλῇεῑῑῑᾱάβξζῖεὲςὲέὲμξςῑέῗὲ..ὢξᾛξ

37 1582 174 1625 causis
203 1581 475 1626 differebatur
493 1560 503 1578 ⁷
517 1582 772 1636 Baptismus,
803 1582 969 1638 Pagani
1004 1560 1132 1637 vulgo
1165 1585 1514 1638 nuncuparentur,

66 1638 190 1681 uibus
219 1639 416 1694 posthaec
443 1639 489 1681 in
518 1638 702 1682 ioculare
738 1639 782 1682 id
818 1638 998 1681 nominis
1031 1638 1212 1681 transiit.
1270 1639 1516 1682 Lambertus

102 1694 260 1738 densis:
289 1694 373 1749 Qui
390 1695 721 1739 Norohoutensis
740 1695 918 1738 Domini
955 1694 1093 1748 filium
1121 1696 1207 1738 iam
1236 1695 1452 1738 decennem
1478 1699 1516 1738 et

38 1752 132 1795 sine
158 1750 383 1806 Baptismo
420 1756 598 1806 patrum
631 1751 890 1807 neqliqentia
923 1751 982 1794 ad
1022 1750 1204 1794 Gentilis
1241 1752 1517 1795 imitationem

36 1807 252 1862 squaloris
289 1808 427 1852 adhue
478 1812 792 1863 permanentem
832 1812 871 1850 et
912 1820 1039 1862 usque
1082 1807 1140 1850 ad
1180 1806 1255 1850 hoe
1297 1811 1336 1850 et
1364 1808 1413 1851 ob
1441 1807 1516 1850 hoc

37 1863 266 1920 Paqanum
298 1869 490 1908 vocatum
529 1865 774 1920 baptizavi-t,
818 1868 856 1907 et
897 1877 988 1907 eum
1028 1864 1195 1906 nomine
1239 1877 1314 1906 suo
1356 1864 1515 1907 vocavit

37 1920 273 1964 Abraham.
331 1921 531 1976 Diploma
560 1922 612 1964 A.
643 1931 809 1965 chv1.
846 1921 891 1962 in
919 1919 1065 1962 Tabul.
1097 1919 1139 1962 S.
1170 1919 1344 1962 Martini
1381 1919 1513 1962 Paris.

45 1977 123 2020 Vir
156 1978 331 2032 qnidam
357 1979 552 2034 eqreqius
579 1981 619 2021 et
637 1978 770 2021 Miles
799 1981 1003 2027 strenuus,
1034 1975 1239 2031 Paqanus
1267 1975 1514 2029 appellatus,

38 2048 67 2078 a
95 2033 366 2088 Baptismtzte
395 2034 640 2078 Walterius.
698 2033 778 2077 Sed
807 2047 859 2076 an
890 2031 1053 2087 Pagani
1080 2045 1155 2075 vox
1173 2031 1390 2075 Slavorum
1421 2044 1515 2085 pro-

36 2090 129 2145 pria
158 2090 301 2143 fuerit,
331 2103 506 2146 eamque
535 2091 588 2134 ab
620 2091 706 2133 illis
726 2089 868 2133 Latini
897 2088 1123 2139 hauserint,
1153 2089 1242 2130 iure
1262 2087 1514 2130 controverti

90 2147 188 2199 test,
220 2159 316 2190 cum
346 2147 471 2202 longe
499 2148 597 2190 ante
627 2147 848 2190 Slavorum
890 2144 1081 2188 auditum
1126 2157 1273 2187 nomen
1316 2143 1515 2197 usurpent

70 2202 272 2258 criptoroe
305 2202 548 2255 Christiani,
580 2203 659 2246 etsi
688 2203 731 2245 in
762 2202 946 2245 confesso
975 2201 1029 2242 sit
1065 2201 1161 2243 ante
1191 2199 1514 2243 Constantinum

38 2258 99 2302 Μ.
133 2260 176 2303 et
208 2258 505 2303 Constantium
537 2260 606 2302 vix
644 2259 892 2313 usurpatum
930 2257 1008 2299 hac
1035 2256 1201 2299 notione
1232 2268 1304 2310 pro
1334 2254 1514 2298 Gentili-

37 2315 116 2358 bus
157 2316 200 2359 et
226 2315 481 2370 Idololatris,
516 2317 564 2359 ut
593 2316 753 2371 pridem
783 2313 1046 2357 observatum
1077 2325 1102 2355 a
1130 2312 1310 2355 Baronio
1339 2311 1384 2353 in
1413 2310 1512 2353 Not.

38 2371 92 2415 ad
121 2371 341 2428 Martyrol.
1161 2422 1169 2430 ⁸
1463 2421 1488 2430 ..

170 2425 403 2484 Χιμάρας]
438 2427 644 2481 Chimera,
675 2428 775 2471 urbs
814 2425 1026 2469 maritima
1057 2423 1185 2478 Epin,
1222 2422 1266 2464 in
1299 2421 1512 2465 Ceraumis
1523 2424 1735 2473 Pag.368.c

38 2484 191 2537 Plinio,
222 2485 334 2528 hand
363 2485 509 2540 procul
540 2499 565 2528 a
599 2484 777 2540 Corcyra
807 2481 962 2533 Insula,
993 2480 1113 2523 hodie
1145 2477 1358 2522 Chimaro.
1405 2477 1512 2521 Vide

39 2540 284 2584 Leunclavii
312 2541 446 2585 Pand.
477 2542 531 2585 N.
553 2543 648 2584 220.

181 2609 271 2651 Τοῦ
301 2604 507 2666 Βάρεως]
556 2607 793 2651 Brundusio
837 2604 1007 2648 solvisse
1035 2601 1323 2645 Boemundum
1367 2600 1512 2644 scribit
1522 2605 1739 2653 P⁸g.369.1)

38 2665 206 2719 praeter
234 2665 456 2709 Albertnm
486 2667 568 2720 Aq.
599 2666 641 2708 et
669 2661 935 2707 Fulcherium
979 2660 1097 2703 vetus
1123 2657 1308 2712 Scriptor
1337 2657 1453 2700 Tom.
1469 2656 1510 2699 4.

39 2720 135 2764 Rer.
168 2721 357 2765 Francic.
388 2735 484 2777 pag.
506 2723 573 2764 94.
1339 2769 1347 2777 ·
1411 2769 1419 2777 .

181 2779 271 2820 Τοῦ
297 2771 542 2833 Λῦλῶνος]
571 2774 812 2820 Fulcherius
842 2773 915 2816 lib.
935 2773 974 2814 2.
1004 2783 1091 2826 cap.
1114 2771 1181 2812 36.
1223 2768 1289 2812 Eo
1308 2768 1553 2823 siquidemn

43 2846 157 2877 armo
186 2831 376 2891 (MCVH.)
396 2838 624 2889 postquam
642 2829 913 2875 Boemundus
942 2829 993 2872 de
1013 2826 1170 2871 Gallus
1197 2838 1411 2881 reyressus
1437 2827 1509 2875 est,
