1780 3138
278 234 355 275 134
779 240 943 275 ΑΝΝΑΕ
972 241 1238 275 COMNENAE

272 354 454 413 λίντρων,
481 353 570 399 εἴτε
593 355 662 398 καί
695 355 981 413 δωροληψίας
1008 353 1231 414 ἑκφεύγων
1260 352 1477 400 ὑπόνοιαν
1502 357 1574 400 καὶ
1607 354 1669 409 ὡς
1697 352 1758 414 μὴ

121 437 159 472 Ρ.
187 438 258 472 347
271 426 475 485 φαίνοιτο
518 427 647 483 τιμῆς
687 421 871 476 τούτους
914 419 1216 481 ἀποδόμενος,
1272 419 1387 469 dno}
1432 422 1635 481 καθαρὰν
1678 421 1760 482 τήν

270 492 392 550 χάριν
421 488 659 549 ἀπονέμων
686 495 750 550 τῷ
776 493 950 548 βασιλεῖ
969 493 1040 536 καὶ
1062 487 1309 550 ἆκίβὸηλον,
1334 489 1424 537 εἴτε
1446 494 1518 537 καὶ
1539 491 1760 538 πλειόνων

271 562 512 621 ἐφιέμενος,
549 558 664 614 Θεὸς
694 559 746 604 ἂν
777 559 925 619 εἰδείη.
986 557 1171 613 τούτους
1201 558 1225 605 ὁ
1255 558 1463 616 βασιλεὺς
1491 559 1760 618 καταλαβόν-

270 648 347 684 τας
380 627 662 686 θεασάμενος
691 625 984 687 ὑπερηγάσθη
1013 629 1093 685 μὲν
1121 627 1199 687 τὴν
1228 631 1308 673 τοῦ
1333 627 1562 687 βαρβάρου
1585 628 1780 689 γνώμηνὲ

271 700 341 744 καὶ
371 696 660 754 τεθαύμακεν,
686 696 915 749 ἐπιπόνως
944 697 992 742 δὲ
1018 694 1203 751 τούτους
1233 699 1340 755 περὶ
1369 701 1460 743 τῶν
1484 696 1760 758 συμβεβηκό-

271 787 359 813 των
388 765 539 822 αὔτοῖς
568 766 852 827 ἐπερωτήσας
880 769 953 813 καὶ
980 764 1266 826 μεμαθηκώς,
1297 766 1427 822 ὅπως
1447 768 1524 813 ἐπὶ
1543 770 1760 813 τοσοῦτον

272 835 430 894 χρόνον
459 838 530 882 καὶ
571 835 797 883 τοσούτων
840 835 1009 881 κύκλιον
1054 834 1304 894 περιόδους
1341 835 1592 898 ἔμφρουροι
1633 831 1761 889 ὄντες

275 901 376 949 οὐδὲ
418 902 540 960 ἅπαξ
581 902 705 962 ἥλιον
751 901 995 949 ἐθεάσαντο
1041 900 1142 948 οὐδὲ
1175 907 1264 948 τῶν
1307 906 1485 961 δεσμῶν
1520 904 1756 963 ἐλύθησαν,

273 968 387 1018 «iud
418 974 491 1018 καὶ
518 977 698 1033 τροφῶν
727 974 950 1018 παντοίων
986 967 1191 1031 ἷίγευστοι
1230 971 1282 1018 τὸ
1321 970 1536 1031 παράπαν
1574 973 1650 1018 ἐπὶ
1682 982 1780 1017 'co-1

275 1044 434 1086 σοῦτον
472 1039 842 1100 διαμεμενηκεσαν
875 1040 1014 1098 μόνου
1054 1035 1195 1098 ἄρτου
1232 1042 1305 1086 καὶ
1342 1039 1504 1096 ὕδατος
1536 1043 1759 1100 μεταλαμ-

231 1106 494 1165 Ββάνοντες,
543 1108 759 1166 οἰκτείρας
801 1113 879 1154 τοῦ
923 1107 1108 1163 πάθους
1151 1111 1224 1155 καὶ
1268 1108 1444 1168 θερμὸν
1487 1107 1760 1166 καταστάξας

274 1174 461 1234 δάκρυον
490 1179 658 1238 πολλῆς
684 1181 947 1239 παραχρῆμα
971 1174 1093 1237 ἠξίου
1116 1177 1450 1239 φιλοφροσύνης
1479 1176 1679 1238 χρήματά
1709 1196 1757 1223 τε

273 1244 455 1299 ἐπιδοὺς
483 1247 553 1290 καὶ
583 1241 728 1307 ἅμφια
758 1252 949 1292 παντοῖα
979 1246 1220 1305 παρασχών
1253 1249 1298 1302 ἐς
1325 1246 1537 1305 βαλανεῖά
1566 1266 1614 1293 τε
1644 1266 1758 1306 προ-

271 1311 544 1370 τρεπόμενος
570 1315 642 1359 καὶ
671 1317 894 1369 παντοίως
928 1319 1006 1374 τῆς
1046 1314 1263 1376 τοσαύτης
1300 1315 1546 1376 κακότητος
1573 1311 1780 1379 ἅνακτή·]

271 1386 439 1426 σασθαι
465 1380 649 1435 τούτους
675 1381 998 1442 μηχανώμενος.
1062 1382 1102 1428 οἱ
1135 1385 1184 1429 δὲ
1215 1384 1392 1443 ἔχαιρον
1430 1385 1501 1446 ἐφ’
1534 1380 1606 1439 οἷς
1636 1385 1759 1442 παρὰ

269 1452 347 1494 τοῦ
371 1447 694 1508 αὐτοκράτορος
723 1444 770 1496 εὖ
803 1450 1103 1508 πεπόνθασιν,
1149 1452 1191 1499 οἳ
1222 1456 1329 1511 πρὶν
1364 1455 1523 1512 ἐχθροὶ
1557 1455 1631 1500 καὶ
1670 1472 1758 1499 πο-

269 1519 424 1575 λέμιοι,
457 1517 497 1562 οἳ
530 1517 781 1577 παραβάται
811 1524 900 1565 τῶν
929 1519 1045 1579 πρὸς
1086 1518 1221 1567 αὐτὸν
1257 1521 1421 1581 ὁρκίων
1462 1525 1535 1568 καὶ
1565 1521 1757 1579 ὑποσχέ-

269 1602 394 1640 σεων,
421 1585 502 1645 τήν
530 1585 745 1646 τοσαύτην
773 1589 817 1641 ἐς
845 1585 1011 1643 αὐτούς
1039 1595 1355 1646 κατανοοῦντες
1384 1588 1672 1648 ἀνεξικακίαν.
1731 1590 1756 1636 ὁ

269 1656 317 1699 δὲ
344 1658 450 1711 μεθ’
479 1653 641 1715 ἡμέρας
666 1656 1073 1715 μεταπεμψάμενος
1101 1659 1289 1715 τούτους
1319 1660 1405 1722 ἔφη
1441 1655 1625 1706 “ἆ’ὁειαν
1654 1658 1780 1718 ὖμῖνὲ

270 1725 346 1767 τοῖ
376 1724 536 1768 λοιποῦ
568 1725 740 1782 δίδωμι,
779 1727 850 1770 ἵνα
889 1725 1060 1773 ὁπόσον
1087 1727 1312 1786 βούλεσθε
1350 1729 1460 1775 κατὰ
1489 1727 1651 1788 ταύτην
1679 1728 1757 1790 τὴν

231 1798 257 1834 C
270 1789 401 1835 πόλιν
432 1791 768 1854 ε’γκαρτερησητε
793 1790 901 1851 μεθ’
922 1793 1056 1856 ἡμῶν.
1106 1795 1299 1857 ὁπηνίκα
1319 1800 1367 1844 δέ
1384 1816 1452 1853 τις
1470 1802 1561 1843 τῶν
1581 1797 1758 1844 οἰκείων

406 1902 434 1936 1.
461 1896 601 1948 λύτρων
625 1903 774 1948 scripsi:
799 1903 929 1952 λυπρὸν
953 1906 992 1942 P.
1140 1909 1173 1942 2.
1200 1904 1442 1955 ἂποδόμενος
1455 1908 1499 1953 F,
1525 1904 1756 1956 ἀποδιδόμε-

404 1960 464 1988 νος
478 1948 516 1985 Ρ.
669 1951 724 1987 11.
749 1952 1100 2002 μεταλαμβάνοντος
1124 1955 1169 1992 F.
1321 1958 1376 1993 14.
1403 1958 1442 1998 ἐς
1466 1957 1509 1997 F,
1537 1959 1588 1997 εἰς
1611 1956 1653 1994 Ρ.

269 2062 367 2108 quod
384 2074 458 2119 non
474 2064 709 2102 sufficiebant
730 2067 998 2115 redemptionis
1018 2071 1151 2117 pretia,
1167 2073 1244 2109 sive
1263 2072 1362 2119 quod
1381 2073 1563 2110 avaritiae
1578 2073 1755 2120 suspicio-

269 2122 351 2145 nem
367 2110 545 2158 fugoebat,
562 2126 608 2149 ne
621 2115 813 2152 videretur
830 2118 953 2163 pretio
973 2130 1034 2155 eos
1052 2120 1209 2157 reddere
1232 2133 1367 2168 puram
1383 2122 1511 2166 potius
1532 2123 1755 2168 imperatori

268 2170 465 2205 veramque
489 2162 649 2207 gratiam
676 2164 906 2210 tributurum
934 2168 1011 2203 sive
1036 2168 1198 2215 denique
1232 2170 1334 2216 quod
1359 2170 1470 2216 plura
1503 2182 1542 2206 se
1574 2170 1756 2207 beneficia

268 2211 505 2265 recepturum
531 2212 723 2256 sperabat:
756 2213 847 2249 deus
872 2215 911 2250 id
937 2216 1040 2252 sciat.
1092 2229 1186 2264 quos
1218 2218 1285 2254 ubi
1317 2219 1512 2266 conspexit
1535 2220 1756 2266 imperator,

268 2255 371 2291 valdo
397 2256 601 2313 aflmiratus
626 2267 680 2295 cst
713 2261 864 2298 barbari
891 2263 1123 2303 facilitatem.
1182 2270 1263 2302 tum
1302 2267 1507 2315 diligenter
1539 2268 1639 2314 ipsos
1663 2280 1755 2314 quas

268 2315 431 2349 perpessi
460 2310 580 2342 essent
603 2308 832 2347 calamitates
864 2317 1116 2359 percontatus,
1158 2318 1358 2362 postquam
1397 2317 1582 2363 comperit
1607 2317 1753 2352 tamdiu

268 2363 327 2406 cos
354 2355 485 2399 totque
509 2355 696 2400 cyclorum
722 2358 898 2395 solarium
924 2362 1099 2407 periodos
1132 2364 1170 2398 in
1196 2376 1345 2400 carcere
1376 2367 1544 2401 retentos
1569 2377 1616 2400 ne
1641 2365 1753 2401 semel

267 2399 414 2454 quidem
442 2402 554 2438 solem
567 2404 714 2459 ‘vidisse
732 2419 850 2453 neque
869 2420 888 2443 e
905 2410 1063 2446 vinculis
1095 2411 1208 2448 fuisse
1233 2413 1430 2459 expeditos
1454 2425 1523 2449 nec
1548 2413 1753 2460 quidquam

267 2460 417 2484 omnino
446 2462 512 2495 per
538 2451 757 2508 diuturnum
785 2460 931 2503 tempus
958 2459 1035 2495 cibi
1074 2464 1260 2508 potusque
1284 2466 1467 2509 gustasse,
1507 2462 1579 2498 nisi
1618 2474 1751 2509 panem

266 2499 304 2531 ct
328 2508 472 2552 aquam,
499 2507 778 2557 commiseratus
805 2508 928 2541 tantas
955 2519 1149 2544 aerumnas
1175 2510 1348 2555 profudit
1373 2511 1547 2547 lacrimas
1577 2515 1616 2546 et
1651 2512 1753 2547 omni

272 2547 396 2599 statim
440 2547 686 2601 benignitatis
731 2563 866 2597 genere
907 2566 967 2591 eos
1006 2557 1211 2594 cumulavit
1251 2559 1352 2595 datis
1389 2559 1544 2606 insuper
1586 2559 1754 2605 pecuniis

266 2595 584 2648 yestlmentisque3
635 2599 681 2634 ad
730 2600 879 2637 balneas
929 2616 1076 2650 quoque
1117 2618 1179 2642 eos
1221 2607 1383 2644 adduxit
1423 2607 1600 2654 omnique
1638 2620 1753 2654 opera

266 2639 304 2674 id
353 2645 430 2687 egit
476 2648 518 2679 ut
567 2649 694 2682 tantae
742 2649 842 2685 illius
884 2652 1054 2689 miseriae
1102 2657 1321 2692 memoriam
1368 2656 1617 2703 extingueret.
1680 2657 1753 2703 ipsi

266 2699 369 2744 yero⁸
398 2690 507 2745 yalde
559 2695 771 2739 gaudebant
814 2699 1052 2745 imperatoris
1094 2703 1284 2740 beneficiis
1324 2705 1465 2752 quique
1514 2708 1625 2741 antea
1673 2706 1752 2740 eius

266 2748 408 2790 inimici
458 2743 495 2774 ct
544 2741 666 2779 hostes
705 2744 865 2792 fuerant,
894 2749 1036 2793 periuri
1077 2750 1135 2787 illi
1173 2764 1215 2788 ac
1264 2754 1557 2799 promissionum
1601 2765 1750 2790 suarum

265 2796 507 2842 1mmemores,
536 2801 632 2845 nunc
666 2795 809 2829 tantam
852 2796 930 2831 eius
974 2798 1013 2833 in
1039 2810 1076 2833 se
1117 2800 1352 2838 clementiam
1399 2802 1663 2848 suspiciebant.
1689 2802 1752 2838 ille

264 2844 351 2868 vero
378 2834 521 2881 aliquot
544 2837 674 2894 diebus
700 2842 909 2880 interiectis
935 2846 1129 2883 arcessitos
1154 2849 1201 2884 ad
1227 2851 1338 2886 scita
1365 2850 1548 2887 allocutus
1566 2853 1642 2886 est:
1668 2850 1753 2886 “Li-

265 2880 396 2917 berum
423 2895 520 2921 nunc
546 2887 650 2923 vobis
667 2890 868 2927 arbitrium
899 2895 1079 2940 permitto
1104 2895 1233 2934 bacin
1252 2899 1344 2935 urbe
1369 2897 1550 2946 quamdiu
1575 2898 1669 2935 libet
1688 2911 1751 2936 no·
