1734 3120
483 213 749 250 Ammms
781 216 875 249 Lm.
908 217 1008 251 xtv.
1042 212 1079 251 3.
1208 195 1211 197 ’
1441 215 1522 257 269

35 322 215 378 χαλινόν
240 326 314 370 καὶ
343 330 442 380 τοῖς
469 320 619 380 ἄλλοις
645 322 754 373 aium}
783 332 917 373 τοῦτο
947 331 1388 390 παρακελευσάμενος
1415 333 1525 397 ᾖττᾷ

35 391 140 446 τούς
180 391 443 451 βαρβάρους.
519 393 544 439 ὃ
588 395 636 440 δὲ
678 394 865 450 τούτους
904 398 1140 455 ἐκπέμψας
1177 400 1418 457 σουλτάνος
1446 403 1524 465 τὴν
1535 411 1576 448 Ρ.
1601 414 1673 448 432

35 451 167 520 ἧτταν
193 464 287 507 τῶν
313 460 541 508 τοσούτων
571 463 848 523 μεμαθηκώς
876 461 1147 522 ἀποστείλας
1185 468 1303 526 πρὸς
1340 470 1419 516 τὸν
1446 468 1524 517 αὗ-

33 525 280 587 τοκράτορα
308 528 363 574 τὰ
403 532 509 588 περὶ
541 530 715 591 εἰρήνης
754 533 1121 590 διαπρεσβεύεται
1165 534 1395 596 ὁμολογῶν
1434 537 1525 596 ἅμα

0 594 84 640 ὅέκ
115 598 291 643 πολλοῦ
321 597 400 660 τὴν
429 595 675 657 ἇναμεταξὺ
704 604 794 646 τῶν
811 602 1186 660 Μουσουλμάνων
1216 607 1287 650 καὶ
1312 609 1404 651 τῶν
1421 605 1524 651 Ῥω-

32 665 178 720 μαίων
205 664 379 728 εἰρήνην
405 668 655 714 ἑπιποθεῖν
684 667 958 716 θεάσασθαι.
1028 673 1075 717 ἐκ
1115 678 1284 733 μακροῦ
1327 673 1406 733 γὰρ
1445 675 1524 729 τὰς

32 736 112 778 τοῦ
145 729 473 793 αὐτοκράτορος
518 736 629 781 κατὰ
673 736 854 782 πάντων
897 735 1122 797 ἀριστείας
1163 741 1410 799 μανθάνων
1450 745 1523 788 καὶ

31 795 287 858 ἀπόπειραν
314 803 450 849 αἰτοῦ
482 799 583 850 οἷον
612 805 915 864 ποιησάμενος
946 804 1027 852 miz
1064 813 1144 854 τοῦ
1179 811 1430 868 κρασπέδου
1468 810 1520 856 τὸ

31 865 216 927 ὕφασμα
238 872 312 916 καὶ
341 872 388 928 ἐξ
418 867 587 928 ὀνύχων
615 872 694 919 τὸν
725 876 880 920 λέοντα
919 875 1182 934 ἐπεγνωκὼς
1216 880 1289 923 καὶ
1326 878 1387 937 μὴ
1415 883 1522 934 βου·

0 934 216 994 ῠλόμενος
247 939 365 997 πρὸς
392 940 616 1000 εἰρηνικὰς
643 938 933 989 ιῖπενενεί-κει
962 947 1188 999 σπονδάς,
1218 949 1309 992 τῶν
1337 948 1384 992 ἐκ
1402 952 1522 1004 Περ-

30 1006 155 1059 σίδος
196 1008 345 1052 τοίνυν
377 1008 716 1067 καταλαβόντων
753 1013 988 1068 πρέσβεων
1029 1012 1054 1058 ὁ
1083 1013 1289 1070 βασιλευς
1325 1014 1563 1075 φοβερὸςΒ

29 1069 328 1134 προῦκάθητο
349 1078 422 1122 καὶ
442 1075 484 1122 οἶ
505 1079 582 1123 ἐπὶ
595 1131 597 1133 ,
611 1082 689 1140 τῆς
707 1077 874 1135 τάξεως
893 1080 998 1135 τούς
1016 1082 1288 1138 στρατιώτας
1307 1084 1355 1129 ἐκ
1374 1082 1521 1143 πάσης

28 1140 223 1202 γλώττης
246 1146 602 1203 συνειλεγμένους
630 1149 701 1192 καὶ
721 1148 825 1202 τους
844 1148 1183 1210 πελεκυφόρους
1205 1150 1454 1209 βαρβάρους
1475 1153 1520 1197 ἐν

28 1208 152 1267 τάξει
172 1213 549 1273 καταστησάμενοι
577 1214 682 1270 τους
710 1218 921 1273 πρέσβεις
950 1219 1027 1263 ἐπὶ
1054 1222 1135 1265 τοῦ
1152 1222 1382 1276 βασιλικοῦ
1402 1239 1519 1278 παρ-

0 1277 270 1338 5εστήσαντο
296 1281 506 1343 βήματος.
566 1282 591 1329 ό
624 1285 673 1330 δὲ
702 1287 810 1342 περὶ
841 1289 918 1331 τοῦ
962 1286 1205 1333 σουλτάνου
1250 1287 1436 1342 τοίτους
1464 1290 1519 1334 τὰ

28 1345 178 1392 εἰκότα
202 1349 489 1411 ἐπερωτήσας
507 1354 580 1398 καὶ
606 1348 799 1408 ἄκουσας
815 1353 872 1399 τὰ
890 1355 947 1399 δι’
978 1351 1130 1401 αὐτῶν
1147 1359 1376 1415 μηνύματα
1397 1356 1517 1414 ὦμο-

26 1413 145 1474 λόγει
172 1419 253 1474 μὲν
280 1418 360 1479 τὴν
387 1419 502 1478 μετὰ
530 1419 710 1466 πάντων
741 1421 915 1483 εἰρήνην
940 1419 1227 1481 ἀσπάζεσθαί
1255 1443 1304 1471 τε
1333 1427 1407 1470 καὶ
1435 1427 1517 1471 θέ-

24 1484 128 1538 λειν,
161 1485 424 1544 πυθόμενος
453 1490 502 1534 δὲ
530 1492 635 1547 περὶ
665 1493 757 1545 τῶν
786 1495 849 1550 τιιῦ
877 1490 1104 1552 σουλτάνῳ
1125 1492 1386 1548 δοκούντων,
1416 1495 1517 1539 ἐπεὶ

25 1551 86 1612 μὴ
115 1552 262 1600 πάντα
304 1555 360 1601 τὰ
402 1559 507 1615 παρ’
549 1554 695 1604 αὗτῶν
740 1558 980 1617 αἰτούμενα
1020 1562 1283 1607 συνοίσοντα
1327 1565 1382 1624 τῇ
1425 1565 1516 1607 τῶν

0 1617 251 1678 ῢῬωμαίων
295 1620 406 1687 ἆρχῇ
450 1626 618 1684 διέγνω,
665 1626 835 1687 πολλὴν
868 1633 967 1682 τοῖς
994 1625 1130 1674 αι’·τοῦ
1172 1628 1320 1688 λόγοις
1358 1629 1511 1675 πειθώ
1526 1636 1554 1672 C

24 1692 306 1746 περιστείλας
333 1689 647 1750 εὕστοχώτατά
684 1713 733 1740 τε
773 1695 891 1753 πρὸς
927 1694 1087 1751 αὐτους
1125 1693 1516 1758 ἀπολογησάμενος

24 1756 98 1801 διὰ
126 1760 308 1804 πολλῶν
333 1760 539 1820 ῥημάτων
566 1765 723 1810 πείθει
755 1770 854 1819 τοῖς
886 1761 1023 1811 αὐτοῦ
1055 1771 1394 1824 συγ-κατανεῦσαι
1432 1773 1514 1812 θε-

161 1847 194 1880 1.
219 1845 307 1894 ἡπᾷ
331 1847 430 1899 κατὰ.
447 1847 580 1895 κράτος
605 1852 648 1887 A.
724 1854 757 1888 3.
782 1855 845 1887 καὶ
868 1850 1091 1893 ἀποστείλας
1107 1853 1144 1889 C.
1226 1854 1259 1888 4.
1286 1855 1370 1899 περὶ
1395 1855 1458 1898 τῆς
1472 1854 1513 1899 Ρ,

157 1894 219 1937 τῆς
242 1908 316 1932 om.
342 1897 422 1934 FA.
520 1901 553 1935 5.
582 1897 896 1947 Μουσουλμάνων
920 1901 964 1939 F.
991 1898 1305 1950 Μουλσουμάνων
1326 1901 1368 1936 Ρ.
1441 1903 1515 1938 τῶν

158 1954 230 1979 om.
258 1945 303 1981 F.
450 1946 483 1983 9.
510 1947 732 1994 ἐπεγνωκὼς
755 1949 798 1994 F,
823 1949 995 1996 ἐγνωκὼς
1021 1950 1060 1985 Ρ.
1228 1950 1283 1985 13.
1308 1947 1512 1998 πελεκοφό-

156 2005 242 2037 ρους
261 1993 303 2028 F.
406 1996 460 2031 16.
489 1993 724 2042 ἐπερωτήσας
747 1998 820 2043 FC,
850 1994 1105 2045 ἐπετρωτῆσας
1121 1998 1161 2034 P.
1235 1995 1455 2046 μνηνῦματα
1469 1999 1511 2044 F,

156 2037 428 2101 μηνυόμεναΡ.
451 2092 467 2100 ·
543 2047 599 2102 ¹⁷.-
623 2044 736 2104 pigui]
763 2045 824 2081 διὰ
841 2047 878 2082 C.
941 2092 952 2104 ’
980 2049 1028 2103 lq
1047 2059 1099 2093 sq.
1130 2050 1348 2082 συνοίσοντα
1372 2049 1414 2097 τῇ
1438 2047 1512 2083 τῶν

165 2093 347 2137 Ηομαίων
371 2105 467 2141 αρχῃ
486 2093 531 2135 F,
556 2107 598 2142 τῃ
622 2107 696 2130 των
726 2098 909 2143 Ρωμαίων
932 2108 1027 2144 αρχῃ
1052 2099 1271 2131 συνοίσοντα
1294 2095 1334 2132 Ρ.

22 2193 103 2217 mus
129 2183 296 2219 omnium
322 2184 362 2219 in
379 2196 441 2220 eos
465 2185 546 2230 ipse
570 2186 749 2231 invectus,
772 2186 862 2223 dum
880 2191 1024 2223 eeteros
1040 2187 1137 2223 idem
1155 2187 1277 2223 faeere
1294 2187 1410 2229 iubet,
1427 2187 1509 2224 hos-

20 2233 96 2266 tem
122 2235 284 2277 superat.
331 2235 439 2268 tanta
461 2233 566 2270 clade
587 2236 764 2271 nuntiata
788 2236 966 2280 saltamus,
980 2237 1047 2282 qui
1064 2236 1131 2271 hos
1147 2236 1310 2281 miserat,
1329 2248 1395 2281 per
1411 2235 1509 2283 lega-

20 2281 80 2314 fios
106 2291 190 2315 eum
215 2281 445 2326 imperatore
468 2281 516 2317 de
544 2295 633 2328 paee
658 2285 738 2330 egit
762 2284 883 2320 fatens
908 2285 1018 2319 simul
1033 2284 1174 2319 iamdiu
1192 2296 1231 2320 se
1256 2286 1354 2320 inter
1369 2284 1508 2319 Musul-

20 2339 150 2364 manos
174 2328 433 2376 Romanosque
458 2342 586 2375 pacem
611 2333 806 2377 cupivisse.
858 2334 995 2368 etenim
1032 2333 1192 2379 egregiis
1216 2332 1339 2368 Alexii
1376 2336 1509 2368 eontra

19 2387 147 2412 omnes
171 2376 297 2413 hostes
322 2377 552 2415 facinoribus
576 2381 651 2415 iam
677 2381 822 2426 pridem
847 2381 986 2416 auditis
1011 2393 1095 2416 cum
1121 2380 1287 2426 periculo
1308 2380 1407 2417 facto
1429 2392 1507 2416 ves-

18 2426 96 2459 tem
121 2436 167 2460 ex
194 2424 343 2461 fimbria
367 2429 406 2462 et
429 2439 475 2462 ex
499 2439 623 2474 ungue
646 2429 791 2464 leonem
816 2430 1061 2475 cognovisset,
1079 2429 1126 2464 ad
1142 2440 1269 2475 paoem
1285 2440 1507 2475 componen-

19 2472 104 2508 dam
124 2473 213 2509 licet
229 2474 370 2510 invitus
387 2475 554 2511 animum
571 2477 788 2523 applicat-at.
835 2478 953 2523 igitur
967 2489 1052 2513 cum
1070 2477 1305 2512 advenissent
1321 2489 1341 2512 e
1356 2477 1507 2513 Perside

18 2520 145 2567 legati,
168 2522 374 2568 imperator
397 2524 438 2559 in
462 2525 555 2560 solio
581 2526 763 2561 terribilis
788 2525 895 2567 sedit,
922 2526 951 2561 ii
976 2529 1112 2570 autem,
1137 2525 1273 2571 quibus
1299 2525 1371 2561 hoe
1393 2537 1507 2561 curae

18 2568 102 2614 fuit,
117 2570 302 2606 militibus
316 2572 438 2607 omnis
454 2572 604 2619 linguae
621 2586 663 2610 ac
676 2574 857 2617 barbaris,
875 2575 940 2620 qui
958 2585 1103 2609 secures
1119 2573 1284 2609 humeris
1297 2574 1505 2620 gestabant,

17 2628 85 2653 suo
101 2618 233 2654 ordine
249 2619 442 2666 dispositis
458 2620 602 2668 legatos
618 2622 666 2657 ad
682 2622 876 2668 imperiale
892 2622 1026 2657 solium
1044 2621 1246 2657 adducunt.
1293 2625 1376 2657 tum
1390 2623 1506 2668 impe·

17 2669 124 2702 rator
147 2666 195 2702 de
220 2667 368 2703 sultano
393 2680 488 2714 quae
513 2669 640 2706 decuit
665 2674 905 2716 percontatus
930 2682 1013 2705 cum
1046 2681 1141 2716 quae
1180 2670 1406 2706 nuntiabant
1441 2683 1506 2706 au·

16 2713 159 2759 diisset,
192 2727 231 2751 se
269 2728 417 2762 quoque
442 2721 575 2764 optare
599 2731 642 2754 ac
666 2719 761 2754 velle
786 2717 1010 2764 significavit
1049 2729 1176 2763 paoem
1210 2730 1295 2754 cum
1333 2719 1506 2754 omnibus

15 2761 116 2807 fieri3
156 2764 380 2810 eognitaque
405 2765 542 2802 sultani
567 2767 763 2811 sententia,
789 2767 964 2812 quoniam
989 2777 1063 2801 non
1100 2769 1227 2801 omnia
1261 2778 1355 2812 quae
1381 2778 1504 2812 posce·

14 2810 156 2847 bantur
178 2811 432 2849 Romanorum
455 2815 614 2861 imperio
639 2815 817 2850 salutaria
841 2826 919 2850 esse
943 2815 1139 2858 intellexit,
1164 2816 1333 2850 oratione
1357 2814 1406 2850 ad
1421 2826 1503 2860 per-

7 2859 248 2896 suadendum
272 2862 480 2908 composita
504 2875 641 2910 magna
662 2875 748 2899 eum
775 2863 1003 2898 dexteritate
1025 2874 1121 2909 quae
1144 2874 1167 2898 a
1189 2874 1228 2898 se
1256 2862 1356 2899 faeta
1394 2866 1503 2900 erant
