1734 3120
491 206 756 241 ALEXIADIS
786 207 880 240 LIB.
910 207 1014 241 XIII.
1053 202 1085 241 l.
1428 201 1506 241 179

18 324 156 380 λέγειν
186 318 239 367 οὗ
264 319 508 379 βούλομαι·
537 319 660 378 ὅμως
687 321 735 366 δὲ
763 318 943 380 Σκύθην
968 316 1274 380 α’ργυρώνητον
1300 321 1379 382 τὴν
1408 324 1509 382 κλῆ-

16 409 86 436 σιν
119 389 368 451 Δημήτριον
405 389 647 449 αὐτουργὸν
675 392 755 434 τοῦ
802 388 945 450 φόνου
989 388 1376 447 παρεσκευάσαντο
1419 393 1508 445 (καὶ

16 458 148 513 αὐτὸς
183 461 232 505 δὲ
279 458 304 505 ὁ
340 457 506 504 τούτου
536 457 760 518 δεσπότης
788 454 980 515 Ἀαρών)
1019 459 1159 515 πέρας
1201 462 1280 503 τοῦ
1312 477 1508 505 σκοπου-

15 530 149 586 μένου
180 527 261 588 τήν
289 532 371 585 τῆς
397 529 626 586 βασιλίδος
653 524 939 584 ὑποχώρησιν
968 527 1166 583 θέμενοι,
1208 525 1269 581 (ὗς
1299 529 1508 574 ἐντεῦθεν

0 593 244 655 ,εὐκαιρίας
272 596 296 642 ὁ
326 594 805 656 Σκίθηςιδραξάμενος
834 593 945 639 κατὰ
972 598 1062 639 τῶν
1081 599 1161 640 τοῦ
1188 597 1405 652 βασιλέως
1432 598 1508 640 λα-

16 664 157 724 γόνων
186 662 358 726 ιῦθήσει
389 663 442 710 τι)
474 666 604 725 ξίφος
632 662 660 724 ἢ
690 665 735 709 ἑν
764 667 903 722 στενῷ
924 663 1175 721 περιτυχών
1195 662 1222 723 ἢ
1240 666 1312 709 καὶ
1334 663 1509 709 ὑπνώτ-

16 752 136 779 τοντι
164 731 331 780 λαθών.
399 734 472 778 καὶ
501 732 524 777 ὃ
557 730 809 793 Δημήτριος
845 730 1004 792 φόνιον
1043 733 1192 776 πνέων
1227 731 1278 777 τὸ
1313 731 1553 792 σιδηριονΒ

19 801 156 861 ἔθηγε
186 804 259 847 καὶ
287 801 370 861 τήν
389 800 630 861 μιαιφόνον
648 800 795 858 δεξιὰν
826 798 1106 861 ηὐτρέπιστο.
1151 797 1262 847 ἄλλά
1290 820 1332 847 τι
1362 801 1513 847 καινὸν

17 866 248 916 nanae-30(
277 868 303 930 ἦ
337 871 435 930 δίκη
464 872 799 928 δραματουργεῖ.
866 871 938 914 καὶ
971 869 1051 928 γὰρ
1083 871 1183 915 ἐπεὶ
1214 888 1265 915 ου
1295 870 1402 926 ταχὺ
1432 875 1512 915 τοῦ

0 954 7 984 ι
17 941 235 996 βασιλεως
271 937 296 1000 ἡ
334 940 508 996 βασιλὶς
551 940 797 996 ἐχωρίζετο,
839 937 950 983 ἀλλα
990 956 1062 984 σω
1063 940 1225 984 είπετο
1264 938 1427 1000 ἡμέραν
1468 940 1517 996 ἐξ

18 1008 180 1068 ἡμέρας
208 1009 288 1052 τοῦ
322 1003 649 1065 αὐτοκράτορος
690 1003 826 1067 αὐτὴν
856 1004 1158 1064 ε’πισὺροντος,
1200 1026 1242 1052 οι
1280 1023 1512 1067 μιαιφονοι

20 1078 179 1122 ἐκεῖνοι
208 1075 286 1120 τὸν
313 1073 583 1121 ἅνύστακτον
611 1079 693 1120 τοῦ
724 1070 1054 1133 αυτοκράτορος
1080 1074 1266 1136 φύλακα,
1289 1074 1368 1135 τὴν
1387 1080 1513 1133 βασι-

18 1145 118 1188 λίδα
154 1145 281 1205 φημί,
325 1143 392 1189 ἔτι
432 1141 789 1201 ε’μβραδύνουσαν
829 1142 1031 1201 ὁρῶντες,
1073 1143 1395 1207 ἐκκακήσαντες
1425 1141 1513 1204 φά-

18 1211 163 1269 μουσά
193 1230 289 1257 τινα
318 1210 563 1272 γράφοντες
583 1211 694 1257 κατὰ
716 1212 795 1272 τὴν
814 1215 894 1256 τοῦ
924 1213 1142 1268 βασιλέως
1167 1212 1380 1270 ἔρριπτον
1409 1229 1512 1271 σκη-

0 1279 105 1339 ἰνήν.
166 1278 208 1325 οἳ
238 1281 288 1325 δὲ
316 1284 455 1325 ταῦτα
482 1279 717 1339 ῥίπτοντες
747 1280 923 1340 ἔκδηλοι
953 1282 1066 1334 τέως
1093 1277 1173 1326 οὔκ
1202 1274 1324 1340 ἦσαν.
1384 1283 1512 1340 δηλοῖ

19 1349 67 1394 δὲ
93 1348 137 1408 [ἡ
165 1347 294 1408 λέξις]
325 1347 378 1393 τὸ
411 1346 623 1408 φάμουσα
652 1347 952 1408 λοιδορήματά
987 1367 1084 1394 τινα
1116 1349 1311 1410 ἔγγραφοι
1341 1354 1405 1409 τῷ
1434 1345 1552 1394 ati-C

19 1416 255 1476 τοκρὰτορι
281 1416 361 1477 τὴν
390 1417 550 1475 πρόσω
571 1418 760 1476 πορείαν
790 1416 1155 1475 ξυμβουλεύοντα,
1187 1420 1241 1480 τῇ
1269 1418 1318 1463 δέ
1348 1434 1394 1476 γε
1414 1413 1513 1462 Αὖ-

19 1485 180 1547 γοὲστῃ
211 1485 290 1545 τὴν
310 1485 426 1544 πρὸς
444 1485 497 1531 τὸ
523 1484 773 1543 Βυζάντιον.
822 1485 938 1545 ἅπερ
970 1488 1043 1531 καὶ
1074 1485 1097 1531 ὁ
1127 1485 1265 1544 νόμος
1281 1487 1514 1544 τιμωρίαις

18 1554 284 1613 βαρυτάταις
313 1553 487 1612 κολάζει
517 1552 628 1600 αὐτὰ
657 1557 738 1613 μὲν
773 1552 1022 1601 οἷναλίσκων
1041 1557 1162 1613 πυρί,
1185 1555 1290 1609 τούς
1310 1556 1515 1601 δὲταῦτα

0 1627 275 1682 »τολμῶντας
303 1629 484 1678 ποιναῖς
514 1623 875 1681 καθυποβάλλων
904 1623 1323 1682 παλαμναιοτάταις.
1382 1620 1514 1669 ἄστο-

18 1696 198 1749 χοῦντες
229 1691 308 1752 γὰρ
338 1697 419 1738 τοῦ
449 1695 623 1738 σκοποῦ
667 1693 731 1747 εἷς
759 1692 838 1753 τὴν
873 1697 962 1737 τῶν
1006 1692 1252 1754 φαμούσων
1296 1693 1515 1753 φλυαρίαν

21 1761 306 1806 κατέπιπτον.
367 1761 479 1818 μετὰ
507 1761 587 1820 γὰρ
615 1763 666 1806 τὸ
697 1757 929 1823 α’ριστῆσαι
969 1760 1048 1806 τὸν
1087 1758 1393 1819 αὐτοκράτορα
1425 1764 1515 1804 τῶν

157 1909 212 1944 13.
238 1906 394 1954 ὁρῶντες
418 1920 509 1944 eras,
537 1908 581 1944 F.
818 1909 872 1944 16.
900 1907 921 1953 ἡ
949 1910 992 1944 λέ
972 1910 1040 1948 ἕξις
1068 1908 1107 1943 P.
1134 1906 1155 1951 ἡ
1181 1903 1278 1947 ταξις
1302 1907 1344 1943 C:
1369 1907 1513 1943 seclusi.

159 1957 213 1993 20
244 1954 581 2005 παλαιιναιοτάταις
606 1957 759 2003 scripsi:
787 1953 1129 2005 πιιλαμνιιισταταις
1154 1956 1194 1991 Ρ.

22 2095 132 2131 huius
149 2095 203 2130 rei
220 2095 360 2131 conscii
378 2095 532 2141 fuerint,
549 2095 738 2131 affirmare
751 2096 849 2132 nolo.
876 2095 1053 2142 Scytham
1067 2098 1192 2130 tamen
1209 2095 1425 2140 empticium
1441 2105 1515 2129 ser·

22 2156 110 2180 vum
128 2145 277 2180 nomine
289 2144 521 2180 Demetrium
539 2144 586 2180 ad
605 2144 755 2180 eaedem
768 2145 881 2180 istam
899 2144 1188 2190 perpetrandam
1206 2144 1514 2179 subornaverant.

22 2195 128 2228 euius
140 2192 314 2228 dominus
326 2194 406 2239 ipse
419 2195 543 2229 Aaron
557 2193 642 2229 fuit.
669 2193 758 2229 huic
771 2193 1051 2237 mandaverant,
1062 2197 1105 2227 ut
1120 2192 1370 2238 imperatricis
1382 2191 1515 2227 disces-

23 2253 104 2276 sum
125 2245 341 2288 expectaret
365 2253 408 2278 ac
433 2242 567 2278 deinde
584 2243 814 2278 occasionem
829 2245 986 2277 nanctus
1010 2241 1103 2277 clam
1122 2242 1328 2276 intentaret
1348 2240 1515 2287 gladium

24 2290 174 2335 corpori
194 2290 431 2336 imperatoris
448 2291 507 2326 vel
529 2290 751 2336 deprehensi
773 2291 919 2336 uspiam
935 2291 974 2325 in
1001 2291 1185 2336 angustiis
1203 2289 1259 2325 vel
1281 2288 1513 2324 dormientis.

24 2338 236 2374 Demetrius
255 2339 374 2385 igitur
392 2339 540 2375 caedem
559 2339 735 2375 anhelans
753 2339 806 2374 fei
809 2351 892 2374 rum
911 2339 1067 2374 acuebat
1083 2337 1338 2383 nefariamque
1364 2346 1515 2372 manum

15 2390 193 2433 paratam
209 2387 382 2424 habehat.
414 2388 479 2423 sed
495 2399 633 2423 novum
656 2391 738 2423 tum
759 2387 903 2434 aliquid
922 2387 1068 2423 iustitia
1087 2390 1275 2432 operatur.
1311 2397 1396 2422 cum
1417 2385 1515 2420 enim

24 2435 166 2471 diutius
189 2436 412 2482 imperatrix
438 2436 538 2482 apud
568 2437 833 2493 imperatorem
863 2439 1162 2472 commoraretur
1187 2446 1345 2479 cumque
1365 2446 1439 2469 non
1454 2433 1516 2468 de-

26 2485 166 2519 sineret
187 2496 272 2520 eum
286 2496 330 2520 ex
349 2485 542 2521 voluntate
557 2486 635 2520 eius
662 2486 778 2531 sequi,
802 2485 928 2520 sicarii
951 2485 1015 2519 isti
1035 2483 1254 2530 pervigilem
1278 2483 1517 2529 imperatoris

24 2529 215 2568 custodem
229 2534 439 2580 Augustam
459 2535 654 2569 etiamtum
686 2533 786 2579 apud
818 2545 902 2568 eum
926 2537 1219 2568 commorantem
1242 2531 1409 2567 videntes
1436 2533 1517 2566 tan-

24 2580 109 2616 dem
126 2581 324 2628 defatigati
343 2582 524 2617 famosum
542 2582 727 2628 quendam
748 2582 939 2617 libellum*
928 2594 968 2616 m
983 2580 1220 2626 imperatoris
1233 2579 1517 2616 tabernaculum

24 2629 119 2665 clam
140 2630 390 2676 proiecerunt.
427 2632 492 2677 qui
518 2631 669 2676 quidem
695 2631 842 2666 libellus
867 2630 1143 2665 contumeliosis
1170 2628 1378 2664 maledictis
1402 2629 1518 2674 impe-

0 2706 2 2708 .
25 2679 142 2714 rator
133 2691 156 2723 1,
172 2679 299 2714 utiter
312 2687 498 2735 pergeret,
517 2679 708 2720 suadebat.
724 2679 915 2725 Augustae
927 2690 1026 2723 vero,
1052 2682 1096 2713 ut
1112 2677 1331 2723 Byzantium
1356 2680 1517 2712 reverte-

0 2726 5 2729 '
25 2730 142 2762 retur.
181 2729 411 2764 severissime
430 2740 518 2765 vero
537 2728 629 2763 talia
642 2728 784 2774 exlege
804 2727 1013 2773 puniuntur
1033 2727 1186 2771 scripta
1205 2729 1247 2761 ut
1265 2727 1347 2772 ipsa
1366 2725 1517 2771 quidem

0 2765 64 2821 {in
85 2777 207 2822 ignem
225 2776 448 2821 inferantur,
462 2777 631 2812 homines
646 2779 772 2812 autem
795 2788 838 2811 ea
863 2775 984 2811 facere
1009 2776 1089 2810 ausi
1117 2775 1358 2810 atrocissimis
1384 2774 1518 2809 subici—

0 2817 140 2867 {jantur
181 2825 320 2870 poenis.
386 2828 583 2872 postquam
620 2827 740 2872 igitur
786 2825 929 2860 frustra
967 2823 1033 2859 diu
1065 2826 1367 2868 expectaverunt,
1402 2823 1441 2857 in
1467 2821 1518 2856 fa-

0 2875 21 2895 >
27 2882 216 2908 mosot-um
242 2885 359 2920 nugas
389 2874 615 2910 inciderunt.
661 2885 798 2919 pranso
825 2874 923 2908 enim
957 2873 1184 2918 imperatore
1213 2883 1298 2907 cum
1333 2871 1520 2917 plerisque
