1734 3120
177 234 257 276 336
680 239 844 277 ΑΝΝΑΕ
874 239 1139 276 οοΜΝΕΝΑΕ

176 357 291 415 πρὸς
322 353 526 415 ’Λμποῦν
555 354 734 402 ὥδευον.
780 354 978 413 πόλεμος
999 357 1046 401 δὲ
1075 359 1309 415 τηνικαῦτα
1338 354 1659 415 καταλαμβάνει

174 424 360 480 τούτους
388 424 525 482 βαρὺς
554 427 626 470 καὶ
654 423 807 479 δεινός,
876 423 899 469 ὁ
933 423 1011 483 γὰρ
1043 423 1282 479 σουλτάνος
1311 424 1498 482 συνάξας
1528 419 1662 480 αὖθις

136 493 252 548 Οτὰς
280 493 485 552 δυνάμεις
518 495 591 539 καὶ
619 491 870 551 περιζώσας
899 492 950 538 τὸ
989 491 1239 550 στράτευμα
1276 491 1471 552 γυρόθεν
1510 511 1663 550 καρτε-

176 567 266 620 ρῶς
297 560 496 620 ἐμάχετο,
529 564 741 620 μηδαμῶς
780 562 828 606 δὲ
857 559 936 605 τὸν
973 560 1280 618 συνασπισμὸν
1322 566 1413 607 τῶν
1436 560 1663 619 Ῥωμαίων

176 629 392 689 διακόψαι
427 629 616 686 ἰσχύσας,
647 630 738 674 ἀλλ’
782 627 934 685 ὥσπερ
974 625 1284 686 ἀδαμαντίνοις
1318 632 1481 687 τείχεσι
1522 636 1699 686 προσ-5

174 698 323 756 βαλών
350 694 577 756 ἄπρακτος
606 693 904 758 ἀπεπέμφθη.
940 693 1094 756 ἠνιᾶτο
1133 701 1237 756 γοῦν
1267 700 1320 744 δι’
1361 697 1465 758 ὅλης
1498 700 1663 757 ἐκείνης

175 771 253 829 τῆς
295 765 450 820 νυκτὸς
493 768 566 811 καὶ
614 764 831 821 καθάπαξ
867 761 1090 824 ἀπογνοὺς
1132 766 1246 823 μετὰ
1281 769 1360 811 τοῦ
1393 765 1659 812 Μονολύκου

177 837 250 881 καὶ
278 839 367 881 τῶν
394 837 565 880 λοιπῶν
600 836 841 892 σατραπῶν
873 831 1129 890 ἐβουλεύετο
1160 835 1233 879 καὶ
1262 833 1316 879 τὰ
1351 836 1458 891 περὶ
1494 832 1665 893 εἰρήνης

179 901 521 962 ἐπιφωσκούσης
548 901 709 962 ἡμέρας
739 898 887 963 ᾐτεῖτο
921 901 1000 946 τὸν
1029 898 1336 960 αὐτοκράτορα
1356 900 1516 947 τούτου
1553 904 1665 947 πᾶσι

177 976 274 1024 τοῖς
315 969 556 1029 βαρβάροις
599 969 904 1026 συνδόξαντος.
976 966 1054 1015 οὖν.
1099 967 1420 1028 ἀποπέμπεται
1463 970 1522 1024 δέ,
1555 966 1665 1015 ἀλλὰ
1682 980 1725 1013 10

178 1042 348 1096 δέχεται
391 1038 551 1085 τούτου
592 1038 670 1101 τὴν
715 1037 881 1084 ἱκεσίαν
911 1038 934 1083 ὃ
963 1035 1249 1096 αὖτοκράτωρ
1295 1040 1368 1083 καὶ
1399 1042 1664 1098 παραχρῆμα

177 1108 228 1154 τὸ
259 1105 545 1168 ἀνακλητικὸν
575 1105 731 1169 ἦχῆσαι
762 1109 945 1164 ἐπέταξε
974 1109 1047 1152 καὶ
1078 1106 1221 1161 οὕτως
1243 1103 1449 1165 ἀτρεμεῖν
1469 1105 1667 1160 ἅπαντας

179 1177 535 1236 παρεκελεύσατο
567 1178 638 1221 καὶ
674 1178 748 1222 ἐπὶ
777 1181 856 1221 τοῦ
886 1174 1022 1221 αὐτοῦ
1053 1178 1269 1222 ἵστασθαι
1300 1175 1523 1238 σχήματος
1551 1174 1665 1234 μήτε

132 1250 266 1292 Βτιῦν
309 1248 466 1290 ἵππων
509 1241 767 1302 ἀποβάντας
811 1243 920 1305 μήτε
965 1245 1043 1299 τὰς
1070 1244 1245 1299 ’σκευὰς
1286 1248 1376 1290 τῶν
1417 1243 1667 1303 ὑποζυγίων

177 1311 485 1371 ἄποσάξαντας
515 1314 952 1374 περιφραττομένους
988 1314 1144 1359 ἀσπίδι
1165 1316 1237 1358 καὶ
1259 1314 1385 1373 κυνέῃ
1405 1315 1476 1358 καὶ
1497 1311 1663 1370 δόρατι,
1682 1319 1726 1354 15

177 1381 298 1428 καθά
319 1401 366 1442 γε
396 1385 469 1427 καὶ
499 1382 719 1440 πρότερον
740 1385 794 1427 δι’
828 1381 931 1441 ὅλης
949 1384 1031 1440 τῆς
1052 1380 1328 1438 ὁδοιπορίας.
1377 1384 1514 1427 ταῦτα
1542 1383 1589 1426 δὲ
1610 1383 1665 1426 δι’

179 1448 306 1496 οὐδὲν
336 1447 445 1496 ἄλλο
469 1455 531 1510 τῷ
563 1447 851 1509 αὐτοκράτορι
883 1447 1152 1510 ιιιῖκονόμητο,
1185 1446 1278 1495 ἀλλ’
1308 1452 1380 1495 ἵνα
1416 1450 1476 1511 μὴ
1513 1449 1668 1508 συγχύ-

180 1538 295 1573 σεως
314 1521 545 1578 γενομένης
573 1519 787 1573 πολλάκις
816 1517 868 1564 τό
898 1537 946 1564 τε
974 1523 1118 1580 σχῆμα
1147 1523 1229 1578 τῆς
1255 1517 1543 1577 παρατάξεως
1573 1521 1666 1563 δια-

180 1592 368 1649 σπασθῇ
397 1587 644 1633 κοῖντεῦθεν
676 1584 891 1633 εὐάλωτοι
911 1586 1105 1642 ἅπαντες
1136 1589 1356 1647 γένωνται.
1405 1589 1562 1632 ἐδεδίει
1584 1585 1664 1645 γὰρ

180 1655 284 1710 τοὺς
317 1655 541 1714 Τούρκους
570 1658 754 1715 πλῆθος
784 1655 900 1701 πολὺ
931 1655 1117 1710 τούτους
1148 1655 1265 1714 ὁρῶν
1305 1657 1378 1701 καὶ
1417 1653 1666 1710 ἁπανταχό-
1681 1670 1727 1704 20

180 1730 266 1770 θεν
295 1728 356 1784 τῴ
384 1723 610 1784 Ῥωμαϊκῷ
633 1723 995 1783 προσβάλλοντας
1024 1723 1330 1783 στρατεύματι.
1380 1725 1425 1770 ἐν
1452 1725 1666 1782 ἐπικαίρῳ

181 1793 228 1837 δὲ
258 1790 386 1852 τόπῳ
417 1792 523 1847 στας
553 1792 576 1838 ὁ
609 1789 892 1851 αὐτοκράτωρ
923 1793 1028 1847 τούς
1056 1811 1104 1839 τε
1135 1797 1354 1852 συγγενεῖς
1373 1788 1507 1838 αὐτοῦ
1527 1790 1668 1836 ἅπαν-

180 1878 259 1915 τας
288 1862 359 1906 καὶ
391 1859 570 1916 ἱκανούς
596 1864 686 1907 τῶν
715 1866 999 1921 στρατιωτῶν
1028 1859 1359 1919 ἀπολεξάμενος
1386 1862 1454 1922 ἐφ’
1484 1858 1667 1918 ἑκάτερα

317 2024 350 2058 3.
374 2018 537 2080 γυρόθεν
562 2022 599 2068 C,
628 2018 800 2069 γύρωθεν
823 2021 862 2058 P.
913 2040 917 2043 -
1031 2022 1064 2057 7.
1090 2022 1151 2056 καὶ
1176 2019 1317 2057 addidi.
1475 2019 1531 2054 17.
1557 2015 1666 2053 αὖτο-

316 2084 473 2119 κρατωρι
501 2071 539 2107 C.

182 2216 532 2264 progrediebantur.
586 2217 641 2252 ibi
666 2217 805 2253 bellum
843 2229 905 2253 eos
940 2216 1087 2263 excepit
1121 2227 1235 2263 grave
1267 2218 1305 2251 et
1343 2217 1464 2259 atrox,
1488 2225 1574 2250 cum
1599 2212 1671 2249 sul-

186 2270 296 2302 tanus
335 2277 464 2301 rursus
490 2265 653 2301 collectis
679 2266 797 2312 copiis
840 2265 1005 2312 undique
1031 2264 1302 2301 circumvolans
1335 2263 1540 2299 exereitum
1578 2263 1671 2298 acri-

182 2317 241 2350 ter
266 2316 436 2350 instaret.
472 2326 540 2350 nec
563 2317 688 2350 tamen
708 2315 784 2350 ulla
809 2314 956 2350 ratione
970 2314 1225 2349 Romanorum
1242 2314 1462 2349 contextum
1476 2313 1668 2347 scutorum

181 2374 423 2409 perrumpere
450 2363 586 2408 potuit,
614 2362 688 2408 sed,
718 2366 911 2409 tamquam
937 2363 976 2397 in
1002 2362 1261 2398 adamantinos
1290 2372 1417 2396 muros
1441 2360 1668 2405 impegisset,

182 2411 322 2447 infecta
346 2423 386 2446 re
411 2411 522 2457 abiit;
560 2414 714 2457 totaque
753 2415 862 2447 nocte
900 2411 1082 2447 sollicitus
1120 2422 1162 2446 ac
1199 2409 1309 2456 plane
1345 2409 1546 2454 desperans
1585 2419 1670 2443 cum

183 2459 379 2504 Monolyco
404 2460 632 2505 reliquisque
657 2460 818 2506 satrapis
843 2459 1080 2505 consultavit,
1110 2462 1148 2494 et
1174 2459 1240 2494 ubi
1261 2457 1398 2502 illuxit,
1427 2456 1528 2502 quod
1554 2456 1671 2491 omni-

183 2508 252 2543 bus
279 2508 451 2543 barbaris
478 2508 630 2554 placuit,
667 2510 769 2554 pacis
804 2508 1040 2545 condiciones
1079 2508 1348 2553 imperatorem
1385 2506 1542 2551 rogavit.
1606 2516 1673 2539 nec

182 2556 356 2602 repudiat
379 2568 507 2602 preces
533 2557 612 2592 eius
639 2557 845 2602 imperator
871 2557 1051 2603 signoque
1085 2555 1283 2592 confestim
1321 2554 1423 2599 dato,
1462 2564 1589 2589 omnes
1629 2555 1672 2588 ut

183 2605 389 2640 consistant
414 2604 636 2650 ordinesque
661 2617 744 2640 suos
769 2608 931 2646 teneant,
958 2605 1132 2650 imperat,
1150 2616 1221 2640 neu
1248 2603 1295 2638 ab
1322 2603 1426 2648 equis
1443 2600 1672 2637 descendant

183 2654 241 2688 vel
267 2654 434 2688 iumenta
462 2654 616 2689 sarcinis
642 2653 777 2698 levent,
805 2653 868 2689 sed
893 2656 947 2696 ut,
965 2653 1091 2699 quales
1118 2655 1199 2688 toto
1224 2652 1371 2695 itincre,
1389 2652 1553 2697 protecti
1571 2652 1672 2684 stent

183 2701 311 2747 clipeis
350 2701 464 2747 galeis
489 2702 623 2746 hastis3
656 2702 756 2748 quod
781 2702 931 2748 quidem
963 2702 1066 2737 nulla
1091 2701 1165 2736 alia
1190 2712 1301 2736 causa
1325 2701 1534 2743 curaverat,
1560 2709 1671 2744 quam

183 2761 229 2784 ne
256 2749 352 2784 forte
369 2750 586 2786 confusione
603 2754 735 2786 exorta
758 2751 853 2786 acies
868 2750 1112 2786 dirimeretur
1129 2760 1330 2794 omnesque
1347 2747 1513 2783 hostium
1532 2746 1671 2792 praeda

182 2797 327 2842 fierent,
353 2799 490 2844 quippe
516 2798 616 2844 quod
629 2798 768 2834 Turcas
794 2799 940 2845 ingenti
954 2810 1110 2834 numero
1125 2797 1290 2843 undique
1303 2796 1471 2832 Romano
1489 2795 1672 2831 exercitui

183 2846 426 2882 circumfusos
440 2847 585 2883 metuit.
612 2850 692 2882 tum
707 2847 841 2882 idoneo
856 2847 936 2882 loco
948 2850 1057 2893 capto
1071 2846 1317 2891 omnibusque
1333 2845 1506 2891 cognatis
1521 2845 1559 2879 et
1573 2842 1672 2878 suffi—

183 2895 304 2930 ciente
318 2894 605 2930 lectissimorum
620 2907 774 2930 numero
789 2895 952 2930 militum
963 2896 1152 2940 utrimque
1166 2894 1356 2931 collocatis
1373 2893 1534 2929 mediam
1549 2892 1672 2927 tenuit

1712 2775 1734 2979 'fflm.v;2.ffl2.„
1732 2743 1734 2760 ,,
1732 2687 1734 2690 ,
