1812 3184
273 227 328 269 84
789 231 956 266 ANNAE
985 229 1252 265 COMNENAE

272 350 600 409 στοχασάμενος
622 349 645 395 ὁ
674 348 899 408 βασιλεύς,
932 347 993 404 (ὃς
1023 345 1075 395 ού
1106 346 1269 402 πάντες
1300 349 1349 404 ἐξ
1380 343 1567 406 α’νάγκης
1596 365 1765 395 συναπ-

273 424 416 483 ῆλθον
462 423 560 473 τοῖς
609 417 791 478 κόμησι,
860 421 987 476 δηλοῖ
1028 419 1092 477 τῶ
1148 418 1452 478 Βουτουμίτῃ,
1495 418 1551 462 ἵν’
1599 415 1767 463 ὁπόσοι

272 492 362 535 τῶν
392 491 577 534 Κελτῶν
611 490 690 547 τῆς
728 488 842 542 ἰδίας
881 488 1088 545 στρατιᾶς
1124 481 1484 545 ἀπελείφθησαν,
1528 485 1595 540 εἷς
1625 503 1767 545 φρου-

274 557 353 617 ρὰν
382 560 462 620 τῆς
493 558 678 610 Νικαίας
704 553 1003 614 μισθῶσηται.
1063 554 1087 601 ὁ
1134 556 1183 600 δέ
1223 573 1269 613 γε
1307 555 1514 617 Τατίκιος
1542 552 1655 611 μετὰ
1686 558 1766 599 τοῦ

273 628 349 674 ὑπ’
376 623 510 672 αὐτὸν
539 628 731 683 στρατοῦ
761 626 835 669 καὶ
863 622 905 669 οἳ
938 624 1128 683 κόμητες
1165 622 1360 678 ἅπαντες
1395 625 1468 669 καὶ
1496 621 1553 669 τὰ
1583 622 1661 668 ὑπ’
1689 619 1804 668 ani-5

232 696 377 750 Οτοῦς
405 691 684 753 ἀναρίθμητοι
701 692 895 740 Κελτικὰ
924 691 1080 755 πλήθη
1112 694 1157 737 ἐν
1178 693 1303 738 δυσὶν
1332 691 1515 754 ἡμέραις
1544 692 1625 748 τὰς
1644 690 1768 739 Λεύ-

273 786 351 821 κας
380 762 701 822 καταλαβόντες
736 766 800 824 τῶ
838 765 917 822 μὲν
945 761 1209 823 Βαϊμούντῳ
1246 761 1325 808 τὸν
1357 761 1624 820 ἔμπροσθεν
1652 758 1768 808 οἷπε-

272 837 510 894 μερίσαντο
551 831 696 881 τόπον
736 835 870 878 τοῦτο
930 833 1064 878 αὐτοῦ
1111 833 1470 891 ἐξαιτησαμένου·
1523 832 1686 878 ἐκεῖνοι
1728 834 1765 877 d’

274 900 470 950 ὄπισθεν
486 900 625 948 αὐτοῦ
642 899 998 959 παραταξάμενοι
1013 904 1170 959 βραδεῖ
1188 903 1298 947 ποδὶ
1316 901 1527 958 ἔστειχον.
1559 898 1769 958 ὀξυτέραν

274 975 323 1019 δέ
351 971 431 1033 τὴν
460 973 628 1030 κίνησιν
672 968 944 1028 ποιούμενον
989 972 1090 1016 ἐπεὶ
1133 972 1240 1029 περὶ
1283 970 1362 1025 τὰς
1405 974 1486 1017 τοῦ
1518 973 1812 1028 Δορυλαίουκ

275 1039 489 1094 πεδιάὸας
523 1043 718 1096 Τοῦρκοι
763 1043 928 1085 τοῦτον
966 1037 1226 1095 ἐθεάσαντο,
1278 1040 1511 1099 οἰηθέντες
1538 1042 1602 1100 τῷ
1634 1043 1769 1086 παντὶ

274 1107 568 1168 στρατεύματι
598 1115 687 1154 τῶν
714 1111 897 1154 Κελτῶν
918 1109 1242 1168 ἐντετυχηκέναι
1272 1111 1346 1154 καὶ
1373 1108 1770 1172 καταπεφρονηκό-

272 1197 346 1233 τες
372 1174 507 1224 αὐτοῦ
538 1180 805 1239 παραχρῆμα
834 1178 911 1223 τὸν
940 1180 1033 1235 μετ’
1067 1173 1203 1224 αὐτοῦ
1235 1182 1439 1237 συνῆψαν
1470 1173 1683 1237 πόλεμον.
1743 1177 1767 1224 ὃ

273 1248 322 1292 δέ
351 1264 398 1305 γε
427 1247 739 1306 τετυφωμένος
782 1247 950 1300 ἐκεῖνος
978 1251 1200 1301 Λατῖνος,
1249 1246 1272 1292 ὁ
1312 1249 1389 1293 ἐπὶ
1427 1251 1508 1294 τοῦ
1537 1250 1768 1305 βασιλικοῦ

272 1317 522 1373 σκίμποδος
537 1318 818 1376 καθεσθῆναι
833 1313 1067 1377 τολμήσας,
1083 1320 1166 1374 τῆς
1176 1319 1255 1362 τοῦ
1272 1312 1602 1374 αὐτοκράτορος
1619 1319 1768 1363 ἐπιλα·
1785 1324 1812 1359 1!

272 1382 471 1442 θόμενος
487 1386 733 1446 ξυμβουλῆς
747 1381 802 1430 τό
817 1379 955 1442 ε’ίκρον
969 1381 1060 1441 εἶχε
1076 1389 1157 1444 τῆς
1172 1389 1257 1431 τοῦ
1273 1384 1552 1444 Βαϊμούντου
1568 1385 1769 1445 παρατά-

227 1453 261 1488 Ῑ)
275 1456 384 1510 ξεως
404 1455 478 1499 καὶ
496 1450 838 1511 μικροψυχήσας
858 1456 947 1498 τῶν
967 1455 1141 1499 λοιπῶν
1162 1456 1482 1513 προεξέδραμε.
1521 1457 1768 1502 κτείνονται

272 1522 354 1579 μὲν
383 1515 460 1567 οὖν
492 1525 725 1581 τηνικαῦτα
768 1520 1096 1581 τεσσαράκοντα
1136 1527 1226 1569 τῶν
1269 1526 1366 1581 μετ’
1395 1520 1555 1570 αὐτοῦ·
1601 1526 1769 1580 ἐκεῖνος

271 1591 320 1635 δὲ
348 1592 531 1647 καιρίως
560 1592 740 1650 πληγεὶς
764 1595 881 1637 νῶτα
908 1596 1006 1646 τοῖς
1027 1593 1211 1650 ἐχθροῖς
1231 1592 1443 1650 ὑποσχών
1467 1593 1532 1648 εἷς
1558 1593 1611 1640 τὸ
1631 1596 1769 1652 μέσον

269 1660 349 1717 τῆς
396 1657 687 1720 παρατάξεως
746 1659 881 1720 ἥλατο
932 1661 1046 1721 ἔργῳ
1096 1661 1174 1708 τὸν
1222 1659 1551 1723 αὐτοκράτορα,
1605 1663 1768 1719 ὁποῖος
1782 1673 1812 1706 2⁴

272 1724 519 1784 ξύμβουλός
550 1728 654 1783 ἐστι,
688 1728 1024 1789 ὃιακηρυκεύων,
1073 1728 1153 1776 κᾶν
1181 1729 1241 1793 μὴ
1272 1731 1421 1791 λόγοις
1452 1728 1679 1794 ἠβούλετο.
1743 1732 1767 1779 ὁ

271 1797 319 1840 δὲ
349 1798 628 1852 Βαϊμοῦντος
657 1796 762 1852 τούς
798 1796 1029 1856 Τούρκους
1069 1797 1279 1857 ἐκθύμως
1319 1801 1597 1859 μαχομένους
1634 1800 1767 1858 ὁρῶν,

269 1859 538 1918 ἀποστείλας
566 1864 645 1919 τὰς
665 1865 883 1921 Κελτικὰς
915 1870 1233 1926 μετεπέμπετο
1265 1868 1484 1928 δυνάμεις.
1537 1868 1768 1931 φθάνουσι

404 1986 438 2021 2.
464 1986 510 2022 ἵν’
536 1985 581 2032 A,
607 1989 668 2023 ἵνα
691 1988 733 2024 Ρ.
919 1991 953 2026 4.
980 1994 1159 2031 ταττίκιος
1184 1991 1229 2028 Α.
1412 1995 1445 2029 7.
1473 1988 1697 2041 Βαιμούντῳ
1724 1993 1762 2038 C,

403 2035 612 2081 Βαϊμοῦντι
626 2036 666 2072 Ρ.
741 2034 1021 2085 ἀπεμερίσαντο
1039 2040 1085 2085 A,
1110 2037 1382 2089 ἄπεμερίσαιτο
1395 2041 1437 2087 P,
1455 2038 1714 2090 ἆπεχαρίσατο
1728 2042 1766 2078 C.

405 2083 438 2118 8.
467 2083 501 2118 δ’
529 2083 575 2130 Α,
600 2084 643 2120 δὲ
669 2084 710 2121 Ρ.
837 2088 894 2123 10.
920 2090 1107 2135 Δορυλέου
1131 2089 1173 2126 F.
1299 2091 1357 2125 20.
1383 2088 1516 2133 ἥλλατο
1542 2090 1582 2137 Ρ,
1608 2091 1766 2128 correxi.

267 2200 343 2225 una
367 2201 454 2226 cum
474 2191 689 2236 comitibus,
715 2196 759 2230 ut
775 2193 967 2241 deberent,
993 2196 1132 2234 abiisse
1149 2198 1306 2235 mandat
1322 2198 1553 2243 Butumitae,
1577 2202 1634 2248 ut,
1660 2203 1769 2246 quot-

268 2239 361 2283 quot
374 2238 472 2275 Galli
489 2239 706 2278 discedente
719 2244 891 2280 exercitu
904 2246 1181 2289 remansissent,
1196 2249 1240 2283 ut
1248 2247 1410 2284 Nicaeae
1422 2247 1616 2294 praesidio
1632 2250 1768 2295 essent,

266 2286 504 2324 conduceret.
565 2292 604 2325 at
636 2290 805 2327 Taticius
838 2304 925 2329 cum
950 2295 1108 2340 proprio
1134 2296 1304 2332 exercitu
1336 2298 1568 2344 comitesque
1601 2298 1769 2334 universi

268 2346 355 2370 cum
393 2336 734 2376 innumerabilibus
772 2341 926 2378 Gallicis
957 2343 1076 2390 copiis
1107 2344 1173 2380 ubi
1211 2345 1327 2381 biduo
1359 2345 1503 2382 Leucas
1542 2346 1768 2393 attigerunt,

266 2383 501 2430 Boemundo,
535 2387 849 2432 quemadmodum
874 2395 1111 2437 poposcerat,
1143 2394 1353 2439 praeeundi
1376 2397 1506 2441 partes
1530 2394 1767 2432 tribuerunt:

269 2433 388 2469 ceteri
413 2445 498 2470 eum
515 2439 713 2482 sequentes
730 2438 810 2474 acie
834 2440 1023 2477 instructa
1040 2440 1143 2477 lente
1160 2443 1516 2489 progrediebantur.
1550 2443 1651 2480 hunc
1666 2455 1769 2489 vero,

269 2492 355 2516 cum
397 2482 556 2528 celerius
590 2489 777 2533 pergeret,
812 2487 958 2524 Tureae
1000 2489 1041 2525 in
1071 2490 1249 2537 Dorylaei
1284 2492 1429 2538 campis
1461 2493 1646 2539 speculati
1677 2493 1768 2529 rati-

269 2540 356 2585 que·
383 2530 598 2568 universum
636 2533 861 2572 Latinorum
902 2538 1112 2575 exercitum
1149 2539 1278 2576 adesse
1315 2541 1508 2587 paucitate
1548 2544 1769 2588 contempta

269 2579 399 2634 statim
433 2580 620 2633 proelium
657 2583 801 2620 ineunt.
850 2585 907 2621 ibi
940 2586 1104 2623 iactator
1129 2588 1194 2624 ille
1225 2588 1395 2635 Latinus,
1430 2589 1495 2636 qui
1526 2590 1768 2637 imperatoris

269 2626 404 2662 solium
444 2629 609 2683 insidere
651 2643 764 2668 ausus
807 2637 901 2679 erat,
944 2635 1025 2671 eius
1063 2637 1212 2673 consilii
1251 2637 1391 2674 oblitus
1433 2639 1473 2674 in
1511 2639 1634 2685 prima
1673 2639 1767 2675 Boe-

268 2675 402 2730 mundi
428 2687 509 2712 acle
542 2678 650 2715 stetit
682 2682 722 2716 et
747 2680 905 2719 levitate
944 2684 1125 2731 abreptus
1151 2687 1301 2723 ceteros
1334 2687 1561 2732 praecurrit.
1614 2689 1654 2723 at
1679 2699 1767 2733 qua-

267 2722 446 2779 dragmtq
479 2737 632 2762 suorum
666 2729 907 2766 trucidantur
917 2744 926 2778 ;
964 2733 1047 2778 ipse
1083 2734 1254 2779 graviter
1280 2735 1500 2774 vulneratus
1533 2736 1622 2772 dato
1655 2738 1766 2783 tergo

268 2783 307 2806 m
345 2772 506 2827 mediam
542 2776 661 2811 aciem
698 2781 881 2824 propera-t
911 2781 970 2816 vel
1009 2783 1160 2818 tacente
1193 2795 1285 2820 voce
1327 2796 1369 2820 re
1409 2784 1490 2831 ipsa
1525 2784 1767 2832 imperatoris

268 2820 514 2876 consiliorum
540 2824 783 2870 prudentiam
816 2828 1050 2874 praedicans
1101 2832 1141 2866 at
1165 2831 1319 2868 fortiter
1343 2833 1477 2870 Turcis
1508 2833 1767 2880 pugnantibus

268 2871 371 2906 misit
393 2869 635 2909 Boemundus
660 2874 708 2911 ad
734 2875 896 2913 Gallicas
921 2878 1048 2925 copias
1072 2881 1331 2928 arcessenda83
1361 2893 1457 2928 quae
1482 2882 1678 2919 celerrime
1702 2881 1764 2918 ad·
1799 2923 1812 2930 Α
