1768 3152
179 243 271 278 VIII
778 237 1070 286 PRAEFATIO.

180 376 303 409 vero
327 357 622 408 conlatione
640 357 754 422 ipsa
776 372 891 405 mea
906 356 957 404 in
982 353 1185 404 scriniis
1204 351 1465 416 Schopeni
1483 351 1677 401 frustra

187 438 421 504 quaesita
457 435 762 503 apographo
803 435 910 485 eius
942 432 1193 483 utendum
1230 431 1343 482 fuit.

319 516 634 581 Plerumque
684 532 801 564 cum
840 513 1144 563 Florentino
1192 510 1470 577 conspirat,
1517 510 1677 559 inter-

184 597 308 648 dum
356 613 474 646 eum
517 594 730 659 corrigit
778 593 1006 659 epitome
1042 590 1313 643 Alexiadis
1362 587 1451 649 (A)
1493 588 1679 639 Annae

184 677 482 729 Comnenae
518 682 687 725 aetate
720 673 958 723 confecta
996 668 1080 735 (cf.
1110 687 1242 736 quae
1280 669 1475 734 optime
1513 667 1578 718 de
1620 685 1680 718 ea

185 755 470 823 disputavit
508 754 812 818 Schopenus
857 752 1024 818 praef.
1072 756 1191 796 XVII
1236 749 1385 816 sqq),
1437 765 1569 814 quae
1619 765 1679 798 ex

185 835 366 885 codice
383 833 691 899 Augustano
724 848 861 880 nunc
881 829 1180 880 Monacensi
1219 846 1349 879 saec.
1372 835 1449 875 XV
1472 828 1678 887 (Graec.

187 920 363 961 CCGLV
399 933 446 962 v.
485 912 659 962 Hardt
694 911 841 962 catal.
882 910 996 960 cod.
1029 911 1150 960 Mss.
1184 909 1370 960 Graec.
1406 907 1533 958 bibl.
1570 925 1681 973 reg.

184 995 370 1046 Bavar.
406 1000 461 1040 IV
510 996 571 1042 27
621 993 718 1058 sq.)
758 1009 789 1041 a
824 990 884 1039 D.
923 989 1241 1040 Hoeschelio
1280 1007 1324 1038 a.
1373 989 1503 1037 1618
1542 987 1683 1038 edita

185 1083 276 1125 est.
345 1090 499 1140 quem
556 1071 790 1121 codicem
845 1069 1210 1120 benevolentia
1265 1068 1443 1121 Caroli
1485 1067 1685 1117 Halmii

187 1154 408 1219 contigit
443 1160 499 1201 ut
519 1151 868 1201 Vratislaviae
906 1149 1051 1199 domi
1087 1166 1234 1199 meae
1271 1147 1531 1215 inspicere
1563 1165 1683 1211 pos·

186 1251 309 1284 sem.
377 1249 692 1300 quamquam
740 1231 794 1279 in
842 1230 940 1279 hac
978 1228 1246 1279 Alexiadis
1283 1235 1431 1295 parte
1467 1227 1683 1277 minoris

187 1314 414 1381 epitome
439 1311 674 1362 utilitatis
712 1318 801 1370 est,
839 1310 960 1376 quia
985 1309 1251 1359 breviator
1279 1307 1347 1357 ad
1378 1307 1536 1357 finem
1563 1324 1684 1374 pro-

186 1411 389 1458 perans,
438 1410 551 1442 cum
600 1408 733 1457 quae
769 1407 860 1439 sex
905 1389 1051 1438 libris
1089 1387 1245 1438 Anna
1287 1395 1595 1454 exposuerat
1631 1387 1685 1436 in

187 1491 346 1522 unum
393 1472 586 1521 librum
639 1471 727 1537 qui
775 1469 1035 1534 epitomae
1075 1476 1287 1517 octavus
1336 1475 1412 1518 est
1459 1474 1683 1533 cogeret,

188 1551 414 1619 plurima
451 1549 814 1618 praetermisit.
873 1557 1102 1598 ceterum
1140 1549 1194 1597 in
1230 1547 1538 1597 testimoniis
1577 1547 1686 1596 eius

189 1631 488 1681 adferendis
530 1648 643 1680 eam
682 1629 819 1678 viam
869 1628 1013 1678 tenui
1060 1636 1115 1677 ut
1162 1627 1450 1691 scripturae
1496 1625 1687 1676 discre-

187 1711 421 1777 pantiam
465 1709 576 1759 solo
616 1707 889 1758 breviandi
940 1706 1113 1757 studio
1152 1715 1326 1756 natam
1366 1723 1576 1756 omnem
1608 1723 1687 1755 re-

189 1807 436 1840 secarem.

325 1869 526 1930 Quibus
559 1868 772 1918 testibus
805 1867 963 1932 longe
995 1866 1387 1932 posthabendus
1420 1874 1498 1916 est
1522 1864 1688 1915 codex

189 1949 538 2000 Coislinianus
560 1944 898 2011 saec.XII(C)‚
929 1946 1169 2012 quinunc
1183 1946 1395 1996 Parisiis
1420 1945 1472 1995 in
1501 1944 1688 1994 biblio-

188 2029 341 2079 theca
356 2028 582 2077 maxima
593 2036 746 2091 extat,
765 2044 982 2076 numero
997 2027 1131 2076 inter
1147 2025 1496 2077 Coislinianos
1512 2029 1688 2070 CCCXI-

188 2108 435 2172 signatus.
485 2107 556 2157 cf.
599 2107 937 2156 Montfaucon
982 2105 1109 2154 bibl.
1154 2105 1311 2155 Coisl.
1349 2123 1399 2171 p.
1438 2107 1535 2154 521
1574 2121 1688 2170 sqq.

192 2195 241 2236 et
266 2186 523 2252 Schopcn.
562 2186 729 2250 praef.
751 2204 799 2250 p.
825 2192 899 2234 IX.
922 2184 1145 2235 eundem
1175 2184 1407 2234 codicem
1443 2184 1564 2233 olim
1591 2183 1692 2232 Το-

192 2265 335 2316 losae
372 2266 532 2315 fuisse
578 2266 812 2330 suspicor
852 2274 1008 2330 atque
1047 2282 1077 2313 a
1115 2263 1327 2315 Cuiacio
1366 2263 1537 2312 Fabro
1568 2263 1691 2312 Pos—

193 2346 306 2394 sino
345 2345 652 2395 adhibitum.
707 2346 774 2394 cf.
812 2344 1068 2409 Schopen.
1109 2344 1275 2408 praef.
1303 2361 1353 2409 p.
1380 2349 1472 2391 VII.
1502 2349 1582 2388 XX
1614 2360 1690 2408 sq.

193 2426 235 2474 is
268 2443 298 2474 a
330 2424 654 2491 calligrapho
687 2424 910 2491 scriptus
950 2432 1039 2486 est,
1081 2422 1170 2488 qui
1205 2440 1309 2471 non
1347 2431 1452 2472 tam
1487 2423 1694 2472 veritati

196 2521 352 2570 quam
388 2504 548 2552 nitori
585 2504 874 2570 scripturae
923 2520 1136 2569 operam
1176 2501 1351 2552 dedit:
1404 2519 1500 2551 nec
1535 2502 1692 2551 inter-

194 2582 551 2648 polationibus
594 2582 819 2631 inmunis
870 2591 960 2631 est.
1033 2598 1134 2646 quo
1183 2582 1349 2645 magis
1407 2579 1693 2630 dolendum

195 2662 404 2711 videtur
443 2662 497 2710 in
535 2670 766 2712 extremo
800 2661 984 2710 Annae
1023 2678 1194 2726 opere,
1234 2661 1327 2709 ubi
1363 2660 1694 2710 Florentinus

196 2759 291 2792 nos
319 2742 506 2806 deficit,
545 2742 612 2791 ad
633 2741 1010 2791 Coislinianum
1049 2757 1142 2788 nos
1177 2740 1461 2805 confugere
1484 2739 1691 2789 debere.

197 2821 426 2888 reliquos
481 2822 619 2870 enim
671 2819 941 2869 Alexiadis
993 2820 1083 2885 qui
1133 2820 1474 2869 innotuerunt
1530 2819 1694 2869 libros
