1734 3120
463 226 730 261 ALEXIADIS
758 227 852 261 LIB.
880 227 979 263 XIV.
1012 223 1049 261 4.
1429 223 1510 264 273

23 341 168 396 μένων
194 342 287 385 τῶν
313 337 535 384 πλειόνων
561 333 703 384 ὄντων
730 340 803 383 καὶ
840 342 931 384 τῶν
965 340 1046 396 μὲν
1074 339 1129 384 τὰ
1161 343 1266 398 περὶ
1295 341 1375 401 τὴν
1404 348 1513 401 Σερ-

21 410 123 464 βιάν
158 409 304 467 τέμπη
341 410 414 452 καὶ
444 408 696 464 Δαλματίαν
730 405 1069 465 ἐπιτηρούντων,
1108 413 1198 454 τῶν
1235 411 1284 455 δὲ
1312 410 1367 455 τὰ
1407 414 1511 469 περὶ

23 475 101 521 τὸν
130 471 302 533 Ἵστρον
329 474 392 529 (ὃς
419 477 497 529 τᾶς
528 477 619 520 τῶν
650 473 871 532 Κομάνων
909 477 983 520 καὶ
1012 479 1172 521 Δακῶν
1209 477 1400 538 ἐφόδους
1429 498 1513 540 φιν-

22 545 313 600 λαττομένων,
345 545 526 587 πολλῶν
554 544 603 588 δὲ
633 544 705 587 καὶ
733 542 813 601 τὴν
841 545 921 587 τοῦ
939 546 1186 601 Δυρραχίου
1207 546 1407 606 φρουρὰν
1438 548 1512 604 ἐμ-

0 613 367 669 ῖπιστευομένων,
387 609 449 666 ὥς
466 610 527 670 μή
549 609 641 656 ὑπὸ
656 615 747 655 τῶν
772 613 956 656 Κελτῶν
974 614 1046 657 καὶ
1068 607 1198 668 αὖθις
1218 613 1349 675 ἁλῴη,
1370 620 1514 661 ταῦτα

23 683 223 738 συνορῶν
264 679 289 725 ὃ
333 676 621 738 αὐτοκράτωρ
667 678 771 734 ὅλος
811 681 973 738 γίνεται
1020 685 1110 726 τῶν
1154 685 1338 727 Κελτῶν
1378 676 1557 728 τᾶλλαΙ)

23 747 167 793 πάντα
194 749 241 794 ἐν
268 749 460 808 δευτέρῳ
489 749 695 805 θέμενος.
733 749 807 792 καὶ
835 747 889 793 τὸ
910 749 991 806 μὲν
1009 750 1142 806 πέριξ
1160 749 1513 808 ὕποκινούμενον

22 816 291 875 βαρβαρικὸν
315 819 388 862 καὶ
415 819 552 879 μήπω
575 817 621 870 ἐς
649 818 750 877 φῶς
768 817 952 877 ἐκρῆξαν
977 816 1060 876 τήν
1082 817 1251 876 ἔχθραν
1269 816 1514 878 ἀξιώμασιν

22 881 194 944 ἀνεῖργε
222 887 296 930 καὶ
324 887 526 942 δωρεαῖς,
571 888 662 929 τῶν
687 885 739 941 ,δὲ
771 887 954 931 Κελτῶν
982 885 1062 946 τὴν
1094 885 1250 947 ἔφεσιν
1280 890 1512 942 παντοίαις

0 954 284 1010 »μεθοδείαις
311 948 586 997 ἀναστέλλων
614 954 686 998 καὶ
719 957 810 998 τῶν
839 951 955 999 οἷ’κοι
975 952 1057 1013 τήν
1090 953 1244 1000 στάσιν
1264 952 1350 1012 οὔχ
1367 947 1509 1017 ἧττον,

23 1019 88 1065 ὅτι
108 1022 171 1079 μή
191 1023 263 1066 καὶ
282 1022 451 1078 μᾶλλον
469 1019 761 1080 ὑφορώμενος
780 1023 1006 1076 παντοίως
1019 1021 1324 1082 φυλάττεσθαι
1348 1023 1512 1069 ἔσπευ-
1522 1031 1563 1067 Ρ.
1590 1033 1661 1066 435

21 1091 96 1133 δεν
125 1090 333 1145 ἐντέχνως
376 1089 549 1134 τούτων
589 1087 815 1148 ἅπείργων
856 1089 912 1135 τὰ
953 1089 1248 1149 βουλεύματα.
1307 1088 1417 1138 ἀλλὰ
1444 1095 1512 1147 τίς

20 1160 111 1200 τῶν
139 1155 501 1203 ἕπεισπεσόντων
539 1160 659 1217 αὐτῷ
704 1162 851 1203 κακῶν
891 1158 972 1205 τὸν
1014 1163 1211 1204 κυκεῶνα
1251 1156 1508 1219 ἀπαγγεῖλαι

21 1223 279 1286 δι’νὴσεταις
307 1230 523 1279 παντοῖος
552 1219 631 1270 οὖν
659 1226 776 1283 πρὸς
799 1226 970 1282 πάντας
996 1226 1224 1287 γινόμενος
1252 1229 1325 1273 καὶ
1344 1245 1511 1286 συμμε-

0 1291 449 1352 ἱτασχηματιζόμενος
479 1291 540 1348 ὥς
571 1293 670 1339 ἐνὸν
697 1300 796 1349 τοῖς
825 1293 1051 1354 πράγμασι
1085 1294 1203 1353 πρὸς
1230 1296 1282 1340 τὸ
1303 1302 1511 1342 κατεπεῖ-

21 1379 98 1420 γον
128 1362 328 1407 ἒνίστατο
360 1361 570 1419 καθάπερ
604 1382 671 1417 τις
700 1363 886 1422 δόκιμος
928 1363 1094 1421 ἰατρῶν
1137 1369 1201 1424 τῷ
1243 1367 1323 1425 τῆς
1361 1367 1512 1424 τέχνης

20 1429 168 1475 κανόνι
199 1429 436 1488 χρώμενος.
495 1432 572 1476 ἐπὶ
601 1436 682 1477 τοῦ
711 1434 942 1488 βασιλικοῦ
971 1434 1120 1477 τοίνυν
1150 1431 1245 1490 ἅμα
1276 1433 1413 1494 ἡμέρᾳ
1439 1435 1510 1478 καὶ

21 1495 165 1552 εἰθύς
193 1497 320 1559 ἡλίου
351 1498 429 1544 τὸν
454 1495 714 1546 ἀνατολικὸν
741 1497 1049 1559 ἅναθορόντος
1081 1495 1285 1559 ὁρίζοντα
1309 1505 1512 1562 καθῆστο

23 1566 194 1624 θρόνου
222 1567 416 1614 κελεύων
452 1569 558 1623 τούς
588 1569 785 1624 Κελτοὺς
822 1569 1022 1624 ἅπαντας
1058 1567 1294 1624 ἀκωλύτως
1331 1570 1507 1616 εἰσιέναι

0 1638 126 1682 »2013’
156 1635 320 1696 ἡμέραν
347 1636 543 1696 ἑκάστην,
575 1637 665 1696 ἅμα
695 1641 776 1696 μὲν
818 1639 897 1694 τὰς
938 1639 1106 1684 ἑαυτῶν
1148 1638 1345 1698 αἰτήσεις
1370 1634 1553 1698 &way-B

20 1706 186 1762 γέλλειν
219 1704 406 1760 τούτους
445 1707 628 1760 ἐθέλων,
667 1706 758 1765 ἅμα
796 1708 845 1753 δὲ
873 1710 945 1753 καὶ
973 1714 1070 1762 τοῖς
1098 1705 1233 1752 αὗτοῖ
1264 1705 1511 1768 θελήμασιν

25 1771 277 1831 ὑπάγεσθαι
307 1773 381 1819 διὰ
410 1776 636 1820 παντοίων
664 1773 809 1834 λόγων
828 1771 996 1829 αὖτούς
1024 1774 1349 1835 μηχανώμενος.
1396 1772 1437 1818 οἳ
1461 1775 1510 1818 δὲ

156 1941 188 1976 1.
214 1942 299 1986 περὶ
325 1939 367 1986 F,
394 1938 495 1987 παρὰ
518 1940 559 1976 Ρ.
735 1945 767 1977 5.
795 1942 870 1977 τῶν
894 1941 938 1985 F,
963 1953 1034 1978 om.
1060 1941 1100 1976 P.
1270 1940 1303 1976 6.
1331 1935 1415 1978 ὅλος
1438 1938 1508 1983 FC,

156 1986 251 2028 ὅλως
274 1989 313 2024 Ρ.
458 1991 491 2025 8.
517 1990 662 2038 ἔχθραν
685 1990 725 2025 in
752 2002 826 2026 ras.
850 2002 899 2026 m.
921 1993 938 2025 1
964 1990 1008 2026 F.
1153 1990 1211 2023 20.
1239 1989 1383 2032 ἐκείνην
1407 1987 1445 2023 C.

18 2161 157 2196 raeque
189 2149 378 2196 dispersae
412 2154 546 2195 essent,
578 2150 662 2186 aliis
698 2162 766 2197 per
789 2149 959 2186 Serbiam
984 2149 1286 2195 Dalmatiamque
1321 2149 1513 2194 angustias

1 2198 327 2244 custodientibus,
359 2198 443 2234 aliis
478 2199 526 2235 ad
549 2199 687 2235 Istrum
714 2199 962 2235 Comanorum
984 2198 1243 2244 Dacorumque
1282 2197 1513 2242 irruptiones

19 2247 317 2292 observantibus,
355 2248 484 2283 multis
506 2249 668 2294 denique
691 2247 900 2294 Dyrrachii,
938 2258 985 2282 ne
1011 2247 1147 2282 iterum
1172 2257 1194 2280 a
1219 2245 1334 2280 Gallis
1365 2256 1511 2290 capere-

19 2300 95 2341 tur,
133 2296 431 2342 providentibus.
480 2296 572 2332 haec
597 2298 716 2343 igitur
740 2296 979 2332 considerans
1002 2296 1210 2340 imperator
1236 2293 1370 2329 ceteris
1394 2293 1512 2328 omni·

20 2345 89 2380 bus
107 2344 332 2390 posthabitis
346 2345 394 2380 ad
413 2345 597 2381 Gallicum
622 2344 760 2381 bellum
785 2347 888 2380 totus
913 2344 1096 2379 incubuit.
1145 2342 1390 2377 barbarorum
1412 2341 1510 2375 enim

22 2394 231 2428 vicinorum
245 2396 369 2428 motus
391 2393 643 2429 clandestinos
666 2393 825 2429 necdum
844 2393 891 2428 ad
906 2392 1025 2427 lucem
1043 2393 1280 2436 erumpentes
1297 2389 1512 2424 inimicitias

21 2440 229 2477 honoribus
245 2446 358 2487 atque
372 2443 590 2478 muneribus
610 2442 761 2487 sopivit,
774 2441 814 2476 id
834 2440 934 2486 quod
945 2440 1042 2476 Galli
1057 2440 1218 2485 agebant
1233 2438 1347 2473 variis
1368 2437 1512 2472 artibus

22 2490 205 2525 remorari
220 2489 390 2533 molitum
408 2502 475 2526 nee
493 2491 616 2526 minus
631 2490 690 2525 vel
707 2490 833 2535 potius
855 2490 974 2534 magis
991 2489 1104 2523 etiam
1120 2487 1342 2522 domesticas
1357 2485 1512 2520 insidias
1529 2531 1533 2537 ¹

21 2538 224 2583 respiciens
250 2539 351 2578 omni
366 2538 406 2573 id
421 2550 492 2584 ope
516 2539 682 2582 curabat,
699 2542 743 2573 ut
767 2538 1004 2572 inimicorum
1028 2535 1183 2571 consilia
1200 2534 1311 2569 irrita
1327 2533 1511 2568 redderet.

21 2586 86 2621 sed
110 2587 195 2632 quis
234 2598 510 2629 aerumnarum,
537 2587 674 2633 quibus
699 2586 955 2632 premebatur,
980 2584 1129 2619 turbam
1156 2581 1376 2618 enumeret?
1408 2585 1447 2616 et
1473 2587 1511 2616 ut

21 2634 117 2670 nihil
141 2635 293 2670 omniuo
318 2635 407 2670 mali
432 2635 656 2682 neglegebat
680 2646 769 2676 sese,
807 2637 989 2679 quantum
1013 2631 1097 2667 fieri
1123 2634 1284 2677 poterat,
1315 2630 1363 2664 ad
1388 2630 1512 2665 varios

21 2693 127 2718 casus
164 2682 362 2729 refingens,
395 2684 452 2718 ita.
487 2685 554 2728 rei,
593 2695 688 2729 quae
724 2694 808 2718 cum
845 2682 1006 2716 maxime
1043 2682 1206 2725 urgeret,
1244 2689 1371 2714 curam
1407 2677 1512 2712 adhi-

22 2731 107 2767 buit
144 2731 323 2767 maiorem
361 2734 550 2778 tamquam
587 2732 707 2767 bonus
746 2729 912 2765 medicus
953 2728 1045 2764 artis
1077 2728 1158 2773 lege
1200 2730 1319 2761 utens,
1385 2727 1513 2771 itaque

0 2782 131 2814 'mane
154 2782 199 2815 ut
223 2780 279 2815 sol
305 2783 458 2815 exortus
481 2784 539 2816 est
560 2781 697 2815 throno
721 2778 906 2814 insidebat
931 2776 1121 2821 Gallisque
1146 2774 1331 2819 omnibus,
1356 2778 1398 2809 ut
1422 2785 1511 2820 quo·

21 2827 115 2864 tidie
138 2839 178 2863 se
201 2829 281 2864 sine
307 2828 383 2863 ulla
406 2840 512 2864 mora
534 2829 695 2872 adirent,
721 2827 909 2872 permisit3
932 2836 1019 2860 nam
1045 2828 1084 2859 et
1107 2823 1199 2870 quid
1223 2826 1403 2868 cuperent
1430 2828 1510 2857 tum

21 2886 85 2911 eos
108 2875 278 2921 proferre
302 2876 434 2921 voluit,
456 2879 496 2912 et
520 2880 563 2912 ut
587 2887 675 2911 suae
699 2875 886 2911 voluntati
911 2874 1205 2918 obsequerentur
1223 2871 1338 2906 variis
1365 2870 1511 2905 studuit

112 2948 229 2984 Anna
250 2947 446 2984 Comma.
497 2948 551 2984 Π.
1234 2944 1277 2976 IS
