1794 3132
551 223 607 257 nv
633 222 923 258 Afflxunnu
951 226 1114 261 NOTAE
1489 223 1574 266 493

87 336 313 389 Diaconus‚
342 335 506 381 Iterum
524 338 574 380 in
600 338 760 394 yabata
781 339 935 392 bibisti,
968 341 1120 384 iterum
1138 355 1305 386 sensum
1330 344 1571 397 perdidisti.

85 393 163 436 Est
194 393 336 437 autem
359 393 531 438 Gabata
562 394 674 438 idem
706 395 817 450 qnod
847 397 1048 452 paropsis,
1070 411 1143 441 vas
1172 411 1318 454 nempe
1332 413 1572 457 concavum,

85 449 236 493 eludiis
266 450 641 506 pulmentariisque
661 452 942 507 aptissimum,
971 467 1055 508 qua
1077 468 1175 498 voce
1193 456 1328 498 utitur
1348 470 1429 500 non
1446 459 1572 502 semel

85 506 310 550 Martialis.
338 505 513 551 Glossae
539 508 671 552 Basil.
702 506 900 561 uarium-g,
932 507 1110 564 γάβατα.
1155 511 1260 555 Cum
1290 526 1386 555 vero
1405 513 1570 558 Prasini

82 563 127 606 id
151 563 316 607 Phocae
345 564 585 616 obiicerent,
623 566 765 620 pravis
799 566 1089 619 veneficorum,
1129 581 1200 611 seu
1237 571 1569 623 venenariorum,

83 619 149 662 uti
178 621 386 664 vocantur
413 634 439 664 a
469 620 745 674 Tertulliano,
778 622 947 678 Optato,
976 624 1158 667 Firmico
1197 629 1239 668 et
1273 625 1380 677 aliis,
1410 628 1571 670 artibus

84 677 126 719 et
158 677 319 732 poculis
349 677 416 720 illi
442 678 658 732 porrectis,
688 680 764 722 aut
792 682 935 723 caucis
974 681 1203 733 venenatis,
1234 683 1413 725 mentem
1456 683 1570 726 illius

83 734 372 788 perturbatam
400 734 644 778 innuebant.
695 736 817 780 Unde
846 737 1050 780 eiusmodi
1078 737 1248 780 venefici
1274 737 1572 783 Cauculatores

82 790 284 833 dicuntur
325 790 372 834 in
415 789 598 846 Capitul.
646 791 786 836 Caroli
815 793 873 837 M.
915 794 988 837 lib.
1017 797 1050 836 l.
1082 794 1168 837 Tit.
1188 795 1255 837 64.
1286 809 1390 850 quos
1433 797 1570 840 minus

82 848 206 898 recte,
237 847 287 890 ut
317 847 478 902 opinor,
507 847 739 892 Salmasius
770 849 815 892 in
836 850 962 893 Notis
991 851 1044 894 ad
1066 850 1351 906 Spartianum,
1382 865 1450 895 eos
1479 866 1570 896 osse

81 904 220 958 putat,
265 917 370 959 quos
412 904 547 948 nostri
590 904 774 949 Iou'eurs
823 907 875 950 de
911 908 1093 962 yobelets
1135 909 1361 962 appellant.
1419 909 1499 952 Sed
1530 911 1571 953 et

81 960 192 1015 apud
222 957 516 1016 Theophanem
544 961 586 1004 in
614 962 852 1018 Philippico
877 961 1262 1015 Καυκοδιακόνοις
1290 978 1358 1008 eos
1382 978 1468 1009 esse
1502 980 1570 1009 ar-

83 1017 216 1060 bitror
241 1031 264 1061 e
283 1017 496 1070 Diaconis,
527 1018 600 1073 qui
631 1019 815 1075 calycem
837 1019 1053 1065 Sacerdoti
1083 1021 1211 1064 Sacra
1244 1022 1407 1064 facturo
1437 1023 1570 1077 porri-

82 1074 256 1143 gebant:
286 1070 366 1117 τὸν
394 1068 488 1116 α’πὸ
517 1076 609 1117 τῶν
631 1074 1003 1119 Καυκοδιακόνων
1021 1075 1239 1135 σοφιστὴν
1266 1075 1475 1134 γεγονότα
1494 1081 1570 1138 τῆς

81 1132 282 1188 ιατρικῆς
310 1127 567 1190 ἐπιστήμης,
601 1133 854 1188 Κοιέστορα
889 1130 991 1177 τότε
1032 1131 1306 1189 ὑπάρχηντα;
1352 1136 1417 1178 vel
1460 1139 1569 1180 certe

81 1189 154 1244 qui
183 1189 356 1241 discum,
388 1190 464 1232 aut
483 1193 702 1242 patenam.
751 1191 863 1233 Nam
896 1192 1005 1246 apud
1023 1191 1203 1235 Graecos
1222 1196 1387 1246 patena
1419 1191 1569 1244 δι’σιος

79 1245 237 1288 dicitur
278 1245 488 1301 habetque
514 1245 649 1289 lancis
678 1248 721 1289 et
747 1247 853 1290 disci
890 1248 1173 1303 profundioris
1204 1249 1397 1304 figuram,
1427 1250 1569 1305 sicque

80 1302 318 1357 appellatur
345 1315 420 1346 vas
449 1302 570 1355 illud,
602 1304 647 1346 in
678 1316 759 1359 quo
790 1309 985 1348 sanctum
1008 1318 1170 1360 panem,
1202 1319 1274 1348 seu
1302 1301 1401 1361 ἅγια
1430 1306 1564 1360 δῶρα,

78 1359 299 1414 reponunt.
355 1359 552 1413 Liturgia
576 1359 618 1403 S.
648 1359 820 1404 Ioannis
850 1361 1064 1417 chrysost.
1105 1358 1129 1404 ὁ
1169 1360 1218 1404 δὲ
1246 1359 1464 1414 Διάκονος
1497 1357 1568 1405 εὖ-

77 1414 273 1470 τρεπίζει
319 1411 374 1458 τὰ
405 1412 514 1470 ἱερὰ,
557 1412 636 1457 τὸν
683 1416 765 1471 μὲν
807 1413 930 1473 ἅγιον
973 1417 1125 1462 δίσκον
1167 1417 1212 1461 ἐν
1256 1419 1320 1475 τῷ
1352 1419 1475 1474 μέρει
1503 1422 1566 1476 τῷ

78 1466 310 1529 ἀριστερῷ,
342 1469 394 1515 τὸ
425 1472 474 1516 δὲ
503 1469 722 1530 ποτήριον
754 1473 799 1516 ἐν
827 1476 891 1532 τῷ
922 1474 1066 1532 δεξιῷ,
1099 1476 1175 1519 etc.
1231 1475 1270 1518 A
1299 1476 1433 1519 forma
1464 1492 1566 1518 καυ-

78 1530 188 1580 κίου,
224 1542 295 1572 seu
324 1530 456 1582 cauci,
499 1529 716 1582 zowu'ovg,
758 1533 835 1574 aut
876 1531 1042 1583 καυκιά,
1089 1533 1320 1587 appellatos
1362 1533 1563 1587 quosdam

78 1585 333 1629 Graecorum
364 1587 672 1642 Imperatorum
702 1601 896 1632 nummos
936 1602 1083 1632 aureos
1111 1591 1153 1632 et
1186 1602 1325 1632 aereos
1356 1589 1439 1632 alio
1472 1589 1563 1632 loco

78 1643 361 1695 observamus,
391 1643 477 1698 qui,
508 1644 553 1686 ni
583 1644 725 1697 fallor,
755 1658 839 1687 non
869 1646 943 1688 alii
972 1647 1083 1698 sunt,
1123 1647 1198 1688 aut
1226 1645 1390 1696 diversi,
1430 1646 1484 1688 ab
1511 1646 1564 1689 iis

79 1712 183 1754 quos
211 1699 416 1743 Alexiana
441 1702 560 1744 aetas
588 1700 810 1755 Sciphatos
846 1703 1129 1757 nuncupabat,
1170 1702 1279 1757 quod
1308 1702 1400 1745 cavi
1429 1702 1564 1746 instar

75 1756 235 1811 scyphi,
270 1769 343 1800 seu
370 1758 502 1809 cauci,
533 1757 643 1812 quod
674 1758 783 1800 idem
814 1760 890 1810 est,
922 1759 1037 1801 illius
1057 1759 1236 1801 formam
1257 1758 1562 1813 quodammodo

77 1813 345 1867 praeferrent.
394 1813 551 1857 Charta
581 1814 753 1857 Roberti
774 1814 996 1858 Guiscardi
1017 1816 1097 1858 An.
1118 1816 1157 1858 9.
1179 1815 1381 1865 Ducatus,
1409 1814 1501 1858 Ind.
1522 1816 1561 1858 3.

77 1882 185 1924 quae
222 1870 338 1913 extat
375 1870 420 1912 in
451 1869 656 1914 Chronico
693 1871 941 1914 Monasterii
974 1871 1259 1914 Beneventani
1289 1871 1331 1914 S.
1362 1870 1562 1926 Sophiae:

84 1925 286 1970 Volumus
313 1930 437 1981 atque
465 1929 560 1970 iure
588 1927 835 1983 obligamus,
853 1932 899 1971 ut
926 1929 1161 1983 nonayinta
1181 1941 1332 1970 aureos
1350 1928 1562 1981 scipkatos

75 1983 207 2026 eidem
233 1983 500 2027 Monasterz'o
529 1988 569 2027 et
600 1983 756 2028 Curiae
795 1989 965 2028 nostrae
996 1988 1227 2038 componat.
1283 1983 1467 2037 Schifati
1495 1983 1561 2026 di-

75 2040 230 2082 cuntur
272 2040 315 2082 in
361 2041 489 2084 variis
534 2041 692 2084 chartis
739 2042 848 2096 apud
881 2043 1033 2084 Baron.
1075 2042 1192 2084 Tom.
1216 2042 1279 2083 11.
1310 2042 1352 2083 et
1385 2041 1447 2084 12.
1479 2054 1559 2083 non

74 2096 214 2139 semel.
273 2096 354 2140 Sed
383 2097 435 2140 de
462 2097 529 2140 his
553 2098 660 2141 alias
691 2098 893 2152 pluribus.
966 2098 1096 2140 Aliud
1140 2110 1260 2152 porro
1302 2099 1364 2140 est
1423 2098 1561 2139 καῖ-κα

74 2153 119 2195 in
165 2151 324 2196 Glossis
358 2153 721 2206 Graecobarbaris,
768 2155 928 2197 scilicet
974 2147 1101 2208 ἅβρα,
1144 2149 1289 2213 δούλῃ,
1345 2150 1556 2218 παλλακῇ,

75 2208 184 2252 unde
213 2209 421 2264 καυκίτζα
448 2212 492 2254 et
524 2210 821 2262 καυκοποῦλα,
844 2211 1018 2260 ancilla;
1047 2225 1094 2253 ex
1116 2224 1198 2265 qua
1218 2210 1408 2252 vocabuli
1427 2210 1560 2265 sigm-

74 2265 270 2310 ficatione
288 2268 444 2322 percipi
463 2269 604 2322 potest
623 2281 729 2323 quae
748 2268 803 2310 sit
822 2268 1008 2318 alterius,
1025 2267 1233 2317 cauculus,
1250 2265 1359 2320 apud
1375 2266 1559 2309 Anasta—

74 2322 184 2366 sium
223 2323 426 2367 Biblioth.
469 2324 514 2367 in
559 2325 671 2368 Hist.
717 2324 768 2367 de
812 2324 947 2367 Exilio
984 2324 1025 2367 S.
1056 2323 1232 2366 Martini
1262 2322 1346 2365 ΡΡ.
1376 2335 1471 2377 pag.
1493 2323 1557 2365 79.

74 2378 239 2423 Eadem
266 2385 387 2424 nocte
423 2381 612 2424 tulerunt
643 2395 707 2424 me
737 2382 788 2423 de
812 2380 996 2430 Palatio,
1039 2385 1076 2422 et
1119 2394 1205 2422 non
1249 2380 1336 2421 nisi
1363 2393 1457 2421 cum
1484 2392 1558 2422 sea:

64 2436 263 2490 puerulis
290 2441 330 2480 et
357 2452 442 2481 uno
472 2438 643 2482 cauculo
673 2438 909 2481 eduxerunt
935 2451 999 2479 me
1027 2451 1078 2480 ez·
1096 2436 1207 2478 urbe.
1259 2435 1340 2478 Ubi
1361 2435 1560 2478 caue-ulus

64 2492 240 2536 videtur
271 2494 398 2538 fuisse
424 2495 621 2547 famulus,
653 2496 727 2538 aut
755 2506 898 2536 servus
929 2493 1191 2536 domesticus.
1234 2490 1417 2534 Gaucum
1437 2504 1558 2546 prae·

72 2549 187 2593 terea
216 2563 291 2605 pro
320 2564 419 2594 vase
457 2565 572 2603 cavo,
604 2553 679 2595 aut
721 2551 886 2605 scyph0,
930 2562 1050 2604 saepe
1093 2550 1296 2602 usurpant
1326 2547 1556 2603 Scriptores

71 2605 241 2650 infimae
255 2606 515 2651 Latinitatis.
574 2608 742 2662 PapiaS,
772 2620 925 2649 caucus
952 2606 1066 2649 vasis
1083 2618 1225 2660 yenus.
1278 2603 1408 2647 Cauci
1425 2604 1558 2659 liynei

72 2665 298 2706 occurrunt
333 2665 444 2719 apud
487 2665 539 2707 D.
584 2665 886 2717 Hieronymum
934 2662 1005 2705 lib.
1032 2663 1070 2704 2.
1111 2661 1154 2703 in
1185 2661 1474 2709 Iovinianum;
1514 2662 1556 2703 et

71 2719 183 2773 apud
212 2719 459 2764 Marcellum
492 2721 751 2775 Empiricum
782 2732 869 2773 cap.
895 2720 962 2760 25.
991 2718 1196 2772 Aryentei
1224 2717 1334 2772 apud
1364 2716 1555 2772 Spartia-

70 2788 173 2818 num
201 2775 247 2818 in
275 2776 516 2830 Pescennio,
557 2780 599 2820 et
637 2777 682 2819 in
711 2776 845 2830 Epist.
872 2774 1116 2818 Heldeberti
1143 2773 1270 2827 Regis
1299 2772 1472 2816 Cantiae
1500 2772 1553 2816 ad

70 2830 113 2875 S.
135 2832 403 2877 Bonisacium
419 2834 613 2890 Mogunt.
635 2833 771 2888 Episc.
800 2831 929 2875 Aerei
961 2830 1072 2886 apud
1088 2829 1247 2874 Bedam
1277 2829 1349 2873 lib.
1371 2831 1410 2873 2.
1441 2829 1553 2872 Hist.
