1806 3132
77 315 168 365 Pag.
177 319 258 356 297.
272 319 298 355 C

78 389 168 436 Pag.
176 389 258 426 298.
267 389 299 438 B

263 854 294 889 Β

265 982 296 1017 Β

268 1103 295 1139 C

313 191 397 237 610
833 202 1011 238 ermom
1038 186 1290 238 DUGANen'

448 305 611 374 οὗβος]
643 317 750 361 Vide
780 316 1028 361 Guibertum
1058 317 1130 361 lib.
1153 318 1191 361 2.
1223 330 1312 373 cap.
1337 319 1401 361 19.

434 379 564 428 Ὥστε
597 380 789 442 ὁπόσας]
821 384 1019 427 Albertus
1050 384 1131 440 Aq.
1172 385 1244 429 lib.
1268 387 1307 428 2.
1344 399 1433 441 cap.
1455 387 1522 430 28.
1580 386 1793 430 Promise-

308 444 411 485 rant
439 442 550 485 enim
567 442 801 486 iuramento
822 441 930 484 nihil
955 441 1006 484 de
1033 441 1181 496 Regno
1208 441 1497 496 Imperatoris,
1528 457 1614 486 non
1640 447 1792 496 castra,

307 512 394 542 non
421 499 620 554 civitates,
649 499 736 542 nisi
765 512 815 541 ex
849 499 937 541 eius
955 498 1179 554 voluntate,
1211 502 1286 542 aut
1315 500 1423 543 dono
1453 500 1645 544 retinere.
1677 500 1789 542 Wil-

307 555 419 599 lelm.
451 555 667 608 Malmesb,
705 555 777 598 lib.
798 555 838 597 4.
883 554 934 597 de
964 554 1130 598 Alexio:
1178 555 1362 598 Tantum
1392 556 1560 600 Graeca
1583 557 1793 611 facundia

306 612 452 664 valuit,
493 616 541 655 ut
588 627 615 655 a
643 611 826 667 sinyulis
861 611 1074 654 hominum
1101 616 1410 655 sacramentum
1455 614 1650 669 exiyeret,
1682 613 1792 668 quod

307 668 375 712 illi
402 667 512 711 nihil
540 668 646 712 mali
687 668 1043 720 machinarentur,
1076 669 1187 723 quod
1221 669 1346 713 urbes
1380 669 1565 725 Imperio
1605 684 1680 713 suo
1716 684 1792 724 ap-

298 725 513 780 pendices,
543 726 582 768 si
601 725 829 780 anquirere
848 728 1035 778 possent,
1066 725 1289 769 redderent
1308 727 1383 770 etc.
1458 726 1578 770 Adde
1599 727 1787 770 eumdem

308 782 531 825 Albertum
567 781 648 837 Aq.
679 782 750 825 lib.
772 783 811 824 2.
843 794 932 836 cap.
956 782 1021 824 18.

441 844 680 907 Χρήματα]
727 848 890 893 Albert.
922 848 1003 904 Aq.
1038 849 1110 893 lib.
1133 851 1171 893 2.
1220 862 1310 905 cap.
1329 851 1393 894 16.
1441 850 1632 894 Fulcher.
1662 850 1736 894 lib.
1757 851 1792 895 1.

309 918 398 961 cap.
419 906 459 949 4.
490 906 586 962 Tyr.
616 906 688 949 lib.
711 907 749 949 2.
782 919 870 960 cap.
890 906 928 948 7.

444 969 717 1030 Πελεκάνον]
764 973 897 1015 Locus
943 973 989 1015 in
1018 973 1236 1029 Bithynia,
1266 973 1383 1017 cuius
1413 974 1605 1017 meminit
1637 973 1793 1017 Canta-

312 1037 488 1074 cuzenus
511 1030 584 1073 lib.
607 1031 645 1073 2.
682 1042 770 1085 cap.
793 1031 831 1072 6.
863 1029 969 1072 Vide
998 1029 1096 1073 Alb.
1126 1031 1207 1084 Aq.
1238 1031 1311 1074 lib.
1341 1031 1380 1073 2.
1412 1043 1501 1085 cap.
1526 1031 1589 1074 17.

439 1093 592 1140 Ῥαούλ
622 1093 797 1155 Κύμης]
851 1097 983 1141 Miror
1015 1098 1245 1153 Scriptores
1293 1110 1508 1142 sacrarum
1554 1097 1793 1153 Expeditio-

307 1167 409 1197 num
447 1155 610 1198 siluisse
652 1154 702 1198 de
738 1154 959 1209 Radulpho
1014 1155 1056 1198 et
1097 1155 1185 1198 tam
1230 1167 1448 1198 numeroso
1478 1155 1566 1198 eius
1596 1155 1790 1208 exercitu,

307 1223 428 1266 quem
459 1211 672 1254 maritimo
700 1211 848 1254 itinere
879 1211 932 1254 ad
963 1211 1230 1254 Dominicum
1272 1211 1546 1267 Sepulchrum
1575 1212 1690 1255 recta
1718 1212 1789 1255 de-

306 1268 541 1311 ducendum
582 1268 791 1311 curaverit
831 1267 1015 1311 Alexius.
1092 1267 1210 1311 Certe
1252 1269 1398 1312 narrat
1443 1268 1704 1312 Raimundus
1741 1268 1792 1311 de

306 1324 452 1380 Agiles
499 1337 595 1380 pag.
619 1325 713 1367 179.
744 1325 906 1380 Anglos
951 1325 1154 1379 quosdam
1191 1326 1384 1380 percepta
1414 1324 1634 1368 Gallorum
1661 1325 1793 1380 Expe-

306 1381 464 1424 ditione
495 1381 893 1436 Hierosolymitana,
945 1394 1016 1436 per
1058 1394 1174 1424 mare
1211 1381 1422 1425 Oceanum
1463 1382 1504 1425 et
1541 1381 1792 1425 Mediterra—

306 1450 430 1481 neum
460 1437 637 1480 Portum
682 1438 932 1481 Antiochiae
976 1438 1103 1493 atque
1134 1438 1360 1482 Civitatem
1405 1438 1643 1490 Laodiceae,
1673 1439 1792 1481 ante-

307 1506 433 1549 quam
479 1495 619 1538 noster
657 1494 858 1538 exercitus
897 1507 968 1549 per
1010 1495 1168 1538 terram
1207 1495 1310 1538 illuc
1356 1495 1536 1548 veniret,
1584 1495 1791 1538 laboriose

306 1550 546 1594 obtinuisse.
608 1550 668 1603 At
703 1550 866 1616 Anglos
905 1550 1420 1607 Constantinopolitanum
1465 1552 1650 1595 tractum
1688 1551 1791 1594 atti-

305 1607 415 1662 gisse
443 1620 490 1650 ex
519 1607 684 1651 itineris
709 1609 872 1650 ratlone
902 1621 983 1651 non
1015 1608 1181 1651 videtur
1209 1621 1307 1652 vero
1343 1609 1492 1652 simile.
1567 1608 1717 1651 Varios
1744 1621 1790 1651 eo

304 1664 394 1718 ipso
425 1677 526 1707 aevo
547 1664 743 1707 Proceres
764 1664 988 1719 Radulphi‚
1011 1665 1326 1720 aut‘Rodulphi,
1359 1665 1539 1718 nomine,
1571 1665 1724 1720 quique
1745 1664 1789 1707 in

305 1733 353 1763 ea
383 1721 518 1775 priore
539 1720 810 1775 Expeditione
834 1721 1018 1774 fuerunt,
1046 1722 1283 1764 memorant
1314 1721 1558 1777 Scriptores,
1590 1722 1717 1776 atque
1745 1721 1790 1763 in

304 1777 368 1819 his
390 1777 660 1832 Radulphum
681 1777 729 1820 de
750 1778 1039 1834 Balgentiaco,
1070 1778 1342 1833 Radulphum
1376 1778 1426 1822 de
1455 1778 1670 1831 Fontanis,
1698 1778 1784 1820 Ra-

303 1833 508 1888 dulphum
549 1833 670 1885 Gaer,
727 1834 996 1889 Rodulphum
1038 1835 1293 1877 Britannum
1344 1836 1385 1878 et
1428 1835 1695 1889 Rodulphum
1740 1834 1790 1877 de

305 1889 585 1933 Claromonte.
645 1890 839 1934 Occurrit
883 1892 1095 1945 praeterea
1125 1891 1253 1944 Raul,
1300 1892 1575 1947 cognomento
1608 1891 1790 1934 Macha-

303 1946 441 1998 baeus,
493 1947 564 2002 qui
613 1947 657 1989 in
703 1948 849 1991 charta
891 1947 943 1990 A.
980 1957 1061 1991 MC.
1113 1947 1331 1992 Seniorem
1378 1948 1702 1992 Montiscabiosi
1750 1951 1788 1990 et

303 2002 488 2047 aliarum
535 2003 703 2047 urbium
746 2017 831 2048 sese
881 2005 1085 2058 inscribit,
1132 2005 1303 2060 Rogerii
1335 2005 1502 2049 Siciliae
1533 2004 1707 2048 Comitis
1742 2017 1789 2047 ex

302 2059 390 2102 filia
410 2060 558 2103 Emma
590 2063 727 2116 gener,
771 2061 882 2116 apud
898 2061 1064 2116 Ughell.
1097 2061 1214 2104 Tom.
1239 2062 1274 2104 7.
1305 2062 1401 2106 Ital.
1419 2062 1571 2105 Sacrae
1601 2074 1697 2116 pag.
1718 2061 1787 2103 41.

301 2116 369 2159 42.
401 2116 653 2170 Rodulphus
680 2117 786 2160 91191
816 2119 1062 2174 cognomine
1102 2118 1152 2161 de
1188 2118 1374 2171 Molitio,
1423 2116 1568 2162 Comes
1605 2117 1786 2161 Provin-

302 2173 391 2216 ciae
406 2173 739 2225 Bivim‘anensis,
767 2174 846 2218 sub
862 2175 916 2217 A.
941 2184 1055 2218 MXO.
1079 2175 1189 2229 apud
1215 2176 1404 2218 eumdem
1422 2175 1589 2231 Ughell.
1613 2175 1730 2218 Tom.
1750 2176 1787 2217 6.

302 2242 396 2295 pag.
419 2230 552 2329 495st
589 2230 685 2285 Utri
727 2231 876 2274 horum
914 2231 1159 2286 Radulphus
1201 2231 1399 2276 Annaeus
1440 2231 1673 2284 conveniat,
1704 2243 1787 2274 non

303 2299 437 2329 91191111
465 2299 484 2329 9
507 2299 531 2329 9
555 2298 662 2330 11919.

265 2358 292 2394 C
438 2350 600 2419 Moerv·
621 2355 701 2397 τοῦ
717 2350 1022 2412 Πατριάρχου]
1059 2355 1362 2399 Monasterium
1388 2354 1661 2398 Patriarchae
1680 2355 1787 2398 illud

304 2422 389 2453 esse
420 2423 660 2464 censuenm,
708 2412 818 2467 quod
868 2413 973 2455 alias
1011 2412 1152 2468 Satyri
1183 2412 1351 2464 dicitur,
1388 2412 1432 2454 in
1465 2424 1546 2467 quo
1576 2412 1787 2467 sepultum

303 2465 567 2510 Stauratium
587 2468 693 2523 Imp.
724 2469 857 2512 tradit
879 2468 1099 2513 Cedrenus.
1158 2469 1281 2512 Hanc
1308 2481 1430 2523 porro
1464 2468 1786 2523 appellationem

303 2523 446 2576 postea
487 2524 685 2567 sortitum
730 2526 792 2568 est
835 2525 885 2568 de
916 2526 1083 2569 nomine
1114 2525 1155 2568 S.
1187 2525 1347 2580 Ignatii
1376 2525 1649 2568 Patriarchae
1677 2524 1786 2568 Con-

303 2579 681 2634 stantinopolitani‚
705 2582 776 2636 qui
797 2582 1023 2636 antequam
1050 2582 1158 2624 hanc
1187 2582 1438 2636 dignitatem
1461 2581 1636 2637 adeptus
1666 2583 1783 2633 esset,

302 2634 346 2677 in
377 2648 423 2678 eo
454 2636 736 2691 Hegumenus,
769 2651 840 2682 seu
861 2638 1004 2682 Abbas
1041 2638 1258 2682 extiterat:
1292 2639 1345 2681 ab
1374 2638 1448 2681 illo
1479 2639 1590 2681 enim
1621 2638 1785 2680 instau-

302 2692 441 2734 ratum
479 2694 519 2735 et
554 2693 605 2735 D.
627 2693 824 2737 Michaeli
857 2695 1057 2748 dicatum,
1089 2694 1266 2750 denique
1296 2695 1339 2737 in
1384 2707 1430 2738 eo
1461 2695 1682 2738 humatum
1712 2695 1785 2748 Ig-

302 2748 465 2790 natium
494 2749 676 2803 produnt
711 2751 882 2794 Nicetas
914 2752 1132 2807 Paphlago
1171 2753 1214 2795 et
1250 2751 1432 2795 Michael
1473 2750 1689 2807 Syncellus
1736 2751 1780 2794 in

301 2803 416 2847 illius
437 2805 526 2848 vita
557 2807 598 2848 et
628 2807 826 2851 encomio.
