1734 3120
512 206 777 241 ALEXIADIS
804 208 898 242 LIB.
926 209 1009 243 XV.
1039 205 1077 244 8.
1459 208 1540 249 353

56 318 228 362 δελέασι
259 320 324 377 τῷ
354 317 582 378 παμφάγῳ
621 316 767 378 τούτῳ
803 338 925 379 κητει
963 323 1182 379 παρέσχεν
1221 326 1432 385 ἐμφαγεῖν
1468 330 1540 374 καὶ

56 382 162 429 όλον
203 387 256 430 τὸ
300 383 535 446 φάρμακον
579 389 643 445 τῷ
684 391 863 447 μοναχῷ
907 387 1055 449 τοίτῳ
1095 409 1167 436 και
1211 395 1418 454 πολλαχῶ
1462 395 1540 456 τὴν

55 454 209 497 κακίαν
234 454 387 513 φέρων
414 454 549 510 ἐνέχει
588 453 661 499 διὰ
690 457 916 501 παντοίων
952 456 1301 517 ὑποκρινόμενος
1335 464 1540 523 μαθητής

53 516 174 580 αὐτῷ
204 521 378 566 ἐθέλειν
405 523 624 580 γενέσθαι,
657 518 738 568 οὖκ
765 519 899 578 αὐτὸς
927 523 1037 581 τάχα
1065 527 1216 584 μόνος,
1256 526 1365 574 ἄλλα
1401 534 1471 576 καὶ
1513 531 1537 577 ὁ

19 584 189 634 saiw&
225 585 423 651 α’δελφὸς
459 585 671 644 Ἰσαάκιος
700 589 725 636 ὁ
763 593 1147 652 σεβαστοκράτωρ,
1190 599 1261 641 καὶ
1300 597 1443 643 πάντα
1483 600 1581 644 ull)

54 659 158 715 παρ’
191 653 329 703 αὐτοῦ
355 656 568 717 λεγόμενα
597 677 660 713 ως
703 660 750 704 ἐκ
794 662 926 715 θείας
970 663 1123 723 ομφῆς
1163 666 1418 723 λογίζεσθαι
1465 670 1536 713 καὶ

52 723 251 771 ὑπείκειν
284 724 429 785 τούτῳ
474 728 519 772 ἐν
562 734 710 782 πᾶσιν,
758 728 799 774 εἶ
840 726 980 786 μόνον
1020 732 1103 790 τήν
1137 737 1214 792 τῆς
1244 737 1390 794 ψιπχνς
1417 733 1538 796 αἰτῶ

52 795 274 853 σωτηρίαν
302 793 687 853 πραγματεύσοιτο
718 794 743 842 ὁ
775 795 986 852 κάκιστος
1015 802 1260 855 Βασίλειος.
1325 805 1423 848 “mi
1453 803 1588 862 ε’γωΡ.
1618 815 1689 850 488

50 864 178 919 με’ν,”
220 880 357 922 φησιν
421 856 492 908 “ω
529 862 671 921 πάτερ
700 863 951 922 τιμιώτατε,
963 868 986 886 ”
1038 871 1282 928 (περιέχριε
1324 871 1403 930 γὰρ
1442 878 1539 926 τοῖς

0 942 40 976 ιο
51 932 224 988 γλυκέσι
270 929 448 1014 τούτοις
488 950 514 976 ο
558 932 765 988 βασιλεὺς
802 933 882 996 τὴν
915 933 1079 990 κύλικα,
1129 935 1191 991 ὥς
1221 939 1419 996 ἐξεμέσαι
1460 940 1538 985 τὸν

51 1001 345 1057 δαιμονιιῖἱντα
379 1000 463 1060 τήν
498 1004 788 1060 μελαγχολίαν
815 1000 968 1059 αὐτοῦ)
1017 1001 1214 1063 ((αγαμαί
1244 1024 1294 1052 σε
1325 1011 1405 1068 τῆς
1433 1005 1538 1066 ἄρε-

49 1071 129 1128 τῆς
154 1068 304 1114 ἕνεκα·
334 1065 445 1126 ἇξιιῦ
474 1070 558 1131 [σε]
588 1072 637 1116 δε
665 1077 955 1128 καταμαθεῖν,
988 1074 1083 1118 τίνα
1113 1073 1168 1118 τὰ
1197 1074 1320 1132 παρὰ
1347 1080 1427 1135 τῆς
1454 1079 1538 1135 σῆς

49 1135 304 1197 τιμιότητος
330 1136 628 1197 εἶσηγοῦμενα,
671 1137 734 1194 ὦς
770 1138 826 1185 τά
863 1158 910 1199 γε
951 1145 1040 1186 τῶν
1083 1140 1309 1203 ἡμετέρων
1347 1163 1536 1201 μονονοι·

50 1207 199 1265 φαῦλα
224 1207 297 1251 καὶ
326 1205 391 1260 εἷς
419 1202 630 1264 ουδεμίαν
656 1206 815 1267 ἅρετιν
843 1210 1073 1269 φέροντα”.
1142 1209 1166 1254 ὁ
1210 1212 1259 1256 δὲ
1294 1229 1348 1255 τα
1378 1215 1537 1270 πρῶτα

0 1284 36 1319 15
48 1274 129 1330 μὲν
170 1275 480 1333 ε’σχηματίζετο
524 1277 598 1320 καὶ
638 1274 718 1335 τὴν
760 1278 942 1338 λεοντῆν
977 1297 1001 1323 ο
1033 1278 1145 1323 κατὰ
1187 1276 1407 1340 α’λὴθειαν
1436 1276 1538 1335 ἷίνος

49 1342 218 1396 ἐκεῖνος
243 1343 447 1402 ἕφεῖλκεν
479 1342 544 1397 εἷς
572 1342 729 1390 ἑαυτὸν
760 1344 1047 1402 πανταχόθεν
1083 1348 1154 1392 καὶ
1184 1343 1396 1407 ἄπεπὴδα
1422 1350 1537 1407 πρὸς

48 1409 104 1455 τιὶ
135 1409 359 1469 λεγόμενα,
391 1411 507 1473 πλὴν
550 1411 783 1472 ἐχαυνώθη
823 1418 921 1467 τοῖς
958 1415 1180 1469 ἐπαίνοις·
1237 1419 1308 1462 καὶ
1347 1416 1426 1475 γὰρ
1464 1420 1538 1462 καὶ

49 1476 308 1536 ὁμοδίαιτον
353 1479 537 1539 ἐποίησε
580 1484 753 1526 τοῦτον.
828 1485 1066 1542 συμπαρῆν
1108 1485 1144 1528 δ’
1186 1478 1272 1541 ἶίρα
1314 1483 1462 1543 τούτῳ
1491 1487 1537 1529 ἐν

47 1550 159 1592 πᾶσι
187 1548 261 1592 καὶ
286 1546 710 1607 συνεδραματοὺργει
746 1550 818 1594 καὶ
859 1547 884 1594 ὁ
920 1553 1000 1595 τοῦ
1039 1552 1256 1607 βασιλέως
1293 1551 1533 1612 ἐξάδελφος

0 1616 119 1661 δοχαὶ
147 1614 527 1700 σεβαστοκράτωρ.
604 1615 628 1662 ὁ
671 1618 720 1662 δὲ
755 1615 812 1662 τὰ
841 1622 919 1677 τῆς
946 1616 1158 1676 αιρέσεως
1187 1618 1382 1678 δόγματα
1417 1639 1533 1680 απη-
1545 1628 1574 1663 Β

45 1701 167 1741 μεσε.
246 1686 318 1729 καὶ
357 1683 382 1730 ὁ
419 1687 591 1742 τρόπος
629 1683 817 1740 ὁποῖος,·
873 1688 1202 1745 παρατέτασμα
1251 1687 1330 1747 γὰρ
1368 1689 1531 1746 μεταξὺ

45 1750 127 1811 τήν
155 1770 203 1798 τε
229 1758 532 1811 γυναικωνῖτιν
561 1750 809 1811 απετείχιζε
845 1756 919 1800 καὶ
951 1755 1056 1810 τούς
1081 1758 1279 1812 βασιλεῖς
1306 1756 1419 1814 μετὰ
1447 1760 1532 1802 τοῦ

182 1892 216 1926 1.
241 1890 389 1926 δελέασι
413 1890 452 1936 C,
478 1891 647 1927 δελέεσσι
668 1891 709 1927 Ρ.
857 1895 890 1928 7.
915 1890 1081 1928 ὑπείκειν
1103 1893 1141 1938 C,
1166 1890 1319 1938 ὑπήκειν
1342 1893 1384 1930 Ρ.
1476 1894 1530 1930 12.

181 1950 224 1974 σε
249 1938 393 1975 seclusi.
419 1953 425 1958 ·
542 1942 598 1976 13.
623 1938 791 1999 μονονοὺ
816 1942 967 1987 scripsi:
1002 1937 1125 1988 μόνοι
1148 1942 1189 1977 Ρ.
1336 1942 1391 1977 14.
1416 1945 1466 1981 εἰς
1492 1943 1530 1986 C,

181 1998 254 2024 οιιι.
278 1987 318 2024 P.
500 1990 555 2024 18.
579 1984 666 2035 ἄρα]
690 1986 772 2036 ἅμα
796 1989 841 2025 L.
864 1989 1036 2026 Allatius.
1182 1991 1241 2026 21.
1267 1991 1531 2037 interrogatio·

181 2036 240 2072 nis
263 2037 414 2084 signum
437 2038 565 2084 posuit
590 2037 700 2073 idem.
850 2040 905 2074 19.
929 2035 1186 2086 αὖτιὲδελφοςὶ)

44 2191 145 2216 meas
164 2179 290 2216 infixit
301 2181 502 2227 voracique
523 2181 579 2217 1111
601 2185 683 2218 ceto
705 2182 853 2219 obiecit.
892 2186 1005 2228 atque
1026 2186 1069 2218 ut
1090 2184 1210 2218 omnis
1223 2183 1372 2229 generis
1384 2183 1531 2219 simula-

44 2229 148 2264 tione
178 2232 303 2264 totum
333 2229 401 2265 isti
423 2230 592 2266 solitario
618 2230 864 2266 multifariam
894 2241 1069 2276 perverso
1096 2231 1336 2276 pharmacum
1361 2231 1531 2276 inferret,

43 2275 270 2323 discipulum
294 2277 374 2313 eius
405 2289 444 2314 se
469 2277 553 2314 fieri
575 2278 671 2314 velle
695 2279 860 2323 simulat,
889 2290 958 2314 nec
982 2279 1105 2324 ipsum
1130 2279 1259 2324 solum,
1284 2279 1348 2314 sed
1375 2279 1529 2315 fratrem

44 2336 193 2372 quoque
219 2325 401 2362 Isaacium
433 2327 775 2372 sebastocratorem,
808 2338 919 2372 seque
944 2327 1070 2362 omnia
1095 2327 1173 2362 eius
1198 2328 1310 2362 verba
1341 2331 1530 2374 tamquam

46 2384 67 2408 e
90 2373 219 2410 divino
244 2375 394 2410 oraculo
419 2375 586 2421 accipere
610 2376 720 2421 eique
744 2376 847 2411 omni
872 2376 911 2410 in
931 2386 972 2410 re
990 2375 1258 2421 obtemperare,
1283 2375 1394 2411 modo
1415 2377 1531 2412 animi

43 2421 118 2458 sibi
148 2422 307 2458 salutem
349 2423 544 2469 improbus
568 2424 727 2459 Basilius
760 2423 906 2459 condat.
967 2423 1197 2469 “equidem,’'
1240 2425 1364 2470 inquit
1399 2425 1531 2470 “pater

42 2470 383 2516 reverendissime?
420 2470 505 2517 (tali
529 2484 630 2508 emm
655 2472 849 2507 dulcedine
873 2471 1025 2507 calicem
1055 2472 1216 2515 inunxit,
1248 2475 1291 2507 ut
1320 2472 1529 2508 daemonia-

42 2529 108 2554 cus
132 2519 204 2554 iste
226 2519 341 2555 bilem
365 2531 470 2555 suam
494 2521 696 2565 evomeret)
722 2521 784 2555 “et
807 2520 972 2554 admiror
997 2523 1035 2554 te
1060 2520 1109 2554 ob
1138 2521 1317 2555 virtutem
1349 2524 1452 2556 tuam
1479 2524 1529 2563 et,

43 2567 133 2613 quia
167 2579 283 2613 paene
318 2567 440 2604 futilis
471 2572 687 2605 nostrorum
716 2568 890 2604 doctrina
921 2571 978 2603 est
1010 2579 1077 2603 nec
1101 2568 1253 2603 omnino
1278 2568 1325 2604 ad
1350 2570 1527 2605 virtutem

41 2614 164 2660 ducit,
194 2616 328 2662 cupio
337 2616 464 2653 doceri
493 2629 552 2652 me
575 2617 701 2663 aliqua
724 2628 770 2652 ex
794 2616 859 2661 iis,
897 2627 992 2661 quae
1016 2616 1225 2651 reverentia
1249 2619 1315 2652 tua
1341 2618 1504 2652 novavit.
1507 2619 1529 2636 ’²

41 2674 200 2710 cumque
237 2665 488 2711 tergiversans
533 2666 642 2701 initio
675 2665 821 2700 leonina
863 2664 957 2709 pelle
996 2664 1121 2699 asinus
1163 2665 1252 2709 iste,
1293 2677 1402 2711 quem
1443 2678 1528 2702 vere

41 2711 194 2758 dixeris,
229 2712 438 2749 involveret
476 2725 555 2749 saee
590 2713 889 2758 deflecteretque‚
921 2712 1049 2747 laudes
1080 2716 1218 2757 tamen,
1253 2724 1386 2759 nempe
1436 2714 1528 2750 adeo

7 2796 11 2798 r
41 2771 154 2797 cenae
178 2763 261 2797 erat
284 2773 449 2804 consors,
470 2762 519 2797 ad
540 2762 755 2808 superbiam
770 2772 855 2796 eum
878 2759 1060 2795 inflarunt
1078 2760 1307 2796 adiuvante·
1297 2773 1337 2796 ιιι
1356 2763 1529 2798 omnibus

40 2809 154 2846 rebus
185 2812 454 2856 imperatorem
487 2810 606 2846 fratre
631 2810 937 2845 sebastocratore.
996 2807 1147 2844 tandem
1176 2810 1344 2845 evomuit
1364 2810 1529 2846 haeresis

41 2855 238 2905 dogmata,
272 2861 312 2894 et
342 2859 399 2894 ita
429 2859 600 2904 quidem,
638 2862 683 2893 ut
721 2857 849 2893 aulaeo
885 2855 1084 2892 mulierum
1120 2857 1355 2893 habitatione
1379 2870 1402 2894 a
1426 2860 1528 2904 prin·

117 2928 454 2967 Amanum.
500 2930 560 2968 Π.
1288 2931 1336 2965 23
