1780 3138
245 252 324 292 110
742 250 907 285 ANNAE
930 244 1195 282 OOMNENAE

244 368 361 428 ζύγια
390 370 462 413 καὶ
488 366 591 420 τοὺς
628 368 800 419 ἵππους
832 365 876 418 ε”ς
908 361 1050 407 ποτόν
1086 357 1250 418 ἐξάγειν
1290 354 1578 414 συνεχώρουν.
1643 354 1726 414 τήν

242 437 410 482 ἑαυτῶν
455 429 536 481 οὖν
579 434 893 491 πανωλεθρίαν
931 432 999 476 ἐπ’
1041 426 1294 488 ὀφθαλμῶν
1333 421 1418 484 ἤδη
1451 423 1647 483 ὁρῶντες
1684 422 1723 468 οἶ

197 507 409 552 ΒΚελτοὶ
436 507 518 564 τῆς
555 503 722 549 ἑαυτῶν
752 505 864 561 ζωῆς
905 495 1219 560 οῗφειδήσαντες
1254 497 1308 557 τῇ
1348 495 1443 552 μετ’
1476 489 1623 555 αὐτήν,
1653 511 1726 538 τε·

241 575 347 631 τρὰς
375 574 423 618 δὲ
448 566 510 632 ἦν,
542 573 765 629 καρτερῶς
796 566 1084 625 ὁπλισάμενοι
1118 564 1196 610 τδν
1225 562 1338 621 μετὰ
1365 565 1457 608 τῶν
1489 559 1727 620 βαρβάρων

243 638 497 698 ἀνεδέξαντο
542 639 751 697 πόλεμον.
823 636 864 683 οἱ
904 639 951 681 δὲ
1001 638 1189 691 Ίόῦρκοι
1231 631 1295 686 εἷς
1346 635 1498 690 χεῖρας
1539 629 1763 684 τούτουςὸ

247 709 420 766 ἔχοντες
460 706 604 754 οὐκέτι
638 706 749 766 μετὰ
796 710 885 752 τῶν
923 702 1122 761 δοράτων
1162 698 1264 747 οὗδὲ
1311 698 1383 746 διὰ
1427 697 1572 756 τόξων
1612 697 1729 756 πρὸς

244 774 403 831 αὐτοὺς
431 774 724 835 οἷπεμάχοντο,
757 771 864 820 ἄλλά
897 772 951 819 τά
983 774 1086 832 ξίφη
1107 767 1386 827 σπασάμενοι
1404 769 1478 813 καὶ
1506 772 1597 812 τῶν
1626 786 1730 812 κου-

245 848 356 891 λεοῗν
400 844 701 902 ἐξελκύσαντες
751 839 991 902 οἷγχέμαχον
1054 838 1133 901 τὴν
1175 836 1316 898 μάχην
1368 838 1606 883 ἐποιοῦντο
1657 838 1730 881 καὶ

247 913 452 971 παρευθ·ὐ
491 915 703 971 τρέπουσι
746 910 850 965 τοὺς
895 908 1166 967 Νορμάνους.
1239 906 1280 953 οἱ
1327 909 1375 952 δὲ
1404 905 1731 963 καταλαβόντες

97 995 135 1030 P.
164 993 234 1029 332
246 982 324 1027 τὸν
352 980 466 1027 ἴδιον
494 980 659 1040 χάρακα
686 979 935 1038 σύμβουλον
964 975 1211 1039 ἀνεζήτουν.
1263 977 1287 1022 ὁ
1319 978 1357 1022 δ’
1389 971 1572 1034 ἷίριστος
1599 971 1730 1020 αὐτο·
1745 980 1780 1017 l(

247 1048 420 1107 κράτωρ
452 1049 475 1095 ὁ
505 1048 560 1095 τὰ
588 1047 732 1109 λῴονα
754 1047 929 1102 τούτοις
959 1046 1289 1103 ὑποτιθέμενος
1317 1046 1391 1090 καὶ
1417 1043 1478 1106 μὴ
1500 1043 1730 1090 εἰσακουσ-

247 1119 348 1172 θεὶς
378 1115 429 1164 οὐ
455 1121 610 1178 παρῆν.
654 1116 813 1163 λοιπὸν
845 1118 920 1162 ἐπὶ
949 1115 1027 1176 τὴν
1055 1118 1134 1160 τοῦ
1155 1115 1367 1173 Ἰσαγγέλη
1397 1115 1570 1159 καὶτοῦ
1597 1114 1731 1169 Τζίτα

247 1185 419 1246 γνώμην
457 1185 814 1247 καταφεύγουσιν,
857 1184 950 1243 ἅμα
990 1187 1038 1230 δὲ
1076 1185 1160 1238 καί,
1195 1183 1234 1229 εἰ
1263 1181 1385 1240 χώρα
1415 1201 1483 1237 τις
1517 1184 1610 1227 τῶν
1639 1180 1730 1227 ὑπὸ

247 1254 325 1301 τὸν
352 1252 652 1314 αὗτοκράτορα
687 1257 874 1314 πλησίον
912 1253 1184 1311 παράκειται,
1229 1250 1537 1298 ἐπυνθάνοντο
1576 1248 1732 1311 ἀναζη-

247 1326 424 1377 τοῦντες
445 1321 590 1384 αὐτήν.
645 1326 716 1369 καὶ
746 1323 798 1382 δὴ
844 1322 921 1378 τάς
960 1341 1007 1368 τε
1055 1321 1213 1376 σκευὰς
1242 1323 1315 1366 καὶ
1354 1321 1431 1374 τὰς
1471 1319 1632 1380 σκηνὰς
1659 1321 1731 1364 καὶ
1747 1325 1780 1361 1!

247 1392 298 1438 τό
328 1392 462 1450 πεζόν
490 1391 608 1437 ἅπαν
636 1390 770 1437 αὐτοῦ
803 1411 891 1438 που
923 1391 1240 1444 καταλιπόντες
1267 1395 1366 1444 τοῖς
1402 1389 1534 1443 ἰδίοις
1569 1391 1735 1441 ἵπποις

249 1462 543 1519 ἐποχηθὲντες
573 1459 635 1515 ῶς
667 1458 786 1517 εἶχον
812 1460 971 1517 τάχους
1001 1459 1116 1517 πρὸς
1145 1458 1201 1504 τὰ
1232 1458 1355 1516 παρὰ
1387 1457 1622 1504 θάλασσαν
1652 1459 1732 1502 τοῦ

247 1526 534 1586 Ἀρμενιακοῦ
577 1532 649 1575 καὶ
692 1534 769 1589 τῆς
811 1528 1045 1588 Παυράκης
1087 1528 1237 1574 ἔθεον.
1312 1525 1659 1580 ἐπεισπεσόντες
1694 1528 1731 1571 δ’

97 1608 140 1645 V.
167 1609 236 1644 263
248 1592 418 1657 ἆθρόον
466 1597 508 1642 οἶ
559 1602 746 1656 Τοῦρκοι
785 1596 954 1642 τούτων
988 1601 1052 1656 τῷ
1091 1595 1247 1655 χάρακι
1283 1595 1430 1641 πάντα
1469 1592 1732 1656 ἀφείλοντο·

206 1661 344 1712 Βεῖτα
372 1664 559 1711 κατόπιν
585 1665 755 1712 τούτων
783 1666 1017 1722 διώξαντες
1053 1665 1106 1711 τὸ
1142 1665 1279 1722 πεζόν
1318 1663 1440 1710 ἅπαν
1477 1662 1780 1726 &menendus-21

247 1737 444 1780 ἀνεῖλον·
475 1735 600 1790 τινάς
629 1738 677 1781 δὲ
707 1738 778 1781 καὶ
800 1734 1091 1792 κατασχόντες
1110 1734 1227 1792 πρὸς
1244 1734 1323 1780 τόν
1345 1733 1558 1792 Χοροσάν
1577 1736 1735 1792 δεῖγμα

248 1798 484 1862 ἀπήγαγον.
530 1802 640 1848 ἀλλὰ
671 1808 806 1849 ταῦτα
839 1806 917 1862 μὲν
942 1804 995 1848 τὰ
1024 1808 1114 1849 τῶν
1139 1802 1349 1862 Τούρκων
1370 1802 1479 1849 κατὰ
1509 1806 1600 1848 τῶν
1617 1809 1735 1859 Νορ-

247 1869 396 1928 μάνων
424 1867 814 1931 ἄνδραγαθήματα·
844 1872 867 1917 ό
889 1874 937 1917 δέ
956 1890 1002 1931 γε
1025 1868 1262 1932 Ἰσαγγέλης
1293 1874 1367 1917 καὶ
1388 1871 1412 1917 ὁ
1440 1873 1598 1929 Τζίτας
1618 1869 1734 1928 μετὰ

381 2017 414 2051 2.
442 2010 508 2052 οὖν
530 2028 601 2052 0111.
631 2017 675 2063 F,
705 2018 768 2054 sed
790 2018 873 2054 add.
899 2019 976 2055 ead.
1004 2032 1053 2055 m.
1154 2017 1373 2068 ὀφθαλμῶν
1398 2019 1435 2065 C,
1462 2016 1682 2067 ὀφθαλμοῖς
1695 2018 1736 2054 Ρ.

384 2066 435 2101 18.
465 2068 525 2100 καὶ
553 2077 624 2102 0111.
653 2067 690 2103 C.
787 2064 962 2114 Παυράης
988 2068 1031 2104 F.
1690 2079 1692 2081 ’

250 2218 345 2254 Galli
370 2220 408 2254 in
434 2224 631 2266 conspectu
657 2222 862 2266 praesentis
888 2223 995 2258 exitii
1033 2235 1120 2259 suae
1146 2224 1315 2269 ipsorum
1346 2223 1446 2259 vitae
1479 2234 1554 2258 non
1582 2233 1736 2268 parcen—

249 2269 303 2302 tes
330 2271 477 2313 postero
518 2269 578 2304 die
612 2270 781 2315 (quartus
807 2274 930 2306 autem
956 2273 1050 2317 erat)
1089 2275 1237 2308 strenue
1271 2273 1408 2308 armati
1445 2283 1611 2318 pugnam
1653 2282 1735 2307 cum

249 2315 419 2351 barbaris
446 2318 698 2354 committunt.
748 2331 816 2354 nec
851 2320 925 2355 iam
956 2321 1115 2356 arcubus
1149 2321 1312 2358 hastisve
1346 2322 1384 2356 in
1409 2332 1473 2357 eos
1498 2320 1642 2356 Turcae
1669 2332 1736 2365 pu-

250 2367 376 2410 gnant,
415 2365 477 2400 sed
514 2365 559 2401 dc
597 2367 754 2402 victoria
779 2370 899 2403 securi
936 2370 1077 2404 strictis
1104 2371 1253 2406 ensibus
1282 2370 1502 2416 proelioque
1527 2369 1737 2405 comminus

251 2413 348 2447 facto
373 2413 606 2450 Normannos
630 2416 705 2451 cito
732 2419 893 2461 vertunt,
935 2418 998 2463 qui
1032 2418 1072 2453 in
1108 2423 1230 2454 castra
1267 2431 1332 2454 sua
1370 2418 1552 2464 compulsi
1589 2417 1737 2453 consilii

251 2465 659 2517 quaerunt-auctorem.
710 2476 776 2500 nec
800 2477 887 2501 vero
914 2466 1037 2501 adfuit
1061 2468 1227 2513 optimus
1250 2468 1471 2513 imperator.
1498 2467 1563 2513 qui
1588 2469 1736 2512 spretus

251 2509 339 2544 ohm
364 2510 584 2567 meliora-iis
613 2516 786 2548 suaserat.
837 2514 988 2550 tandem
1020 2515 1067 2550 ad
1095 2516 1273 2563 [sangelis
1305 2519 1344 2551 et
1371 2515 1500 2551 Tzitae
1539 2515 1737 2551 consilium

251 2557 678 2615 confugiunt-smulque
703 2563 916 2608 exquirunt,
942 2576 1032 2599 num
1046 2576 1119 2609 qua
1143 2565 1247 2611 regio
1275 2564 1543 2610 imperatoriae
1563 2563 1735 2604 dicionis,

252 2617 333 2661 quo.
350 2618 388 2641 se
412 2612 630 2654 reciperent,
656 2622 774 2656 prope
799 2611 952 2647 adesset.
1002 2613 1143 2648 relictis
1175 2617 1266 2649 tunc
1301 2613 1457 2649 sarcinis
1485 2612 1738 2648 tabernaculis

251 2653 422 2699 peditatu
464 2658 562 2712 omni
599 2658 775 2704 equisque
813 2661 1019 2696 conscensis
1065 2661 1256 2697 celerrime
1294 2662 1341 2697 ad
1381 2662 1612 2697 maritimam
1654 2671 1737 2707 par-

250 2706 329 2759 tem·
352 2703 549 2740 Armeniae
575 2705 827 2753 Pauracesque
852 2708 1066 2744 decurrunt.
1103 2710 1166 2745 sed
1192 2710 1335 2746 Turcae
1360 2710 1580 2746 invadentes
1605 2720 1735 2745 eorum

251 2751 374 2808 subito
397 2755 519 2808 castra
551 2758 683 2790 cuncta
709 2755 914 2801 diripiunt:
957 2770 1044 2794 mox
1070 2758 1117 2793 ad
1143 2758 1415 2805 insequendum
1442 2759 1539 2795 versi
1565 2758 1736 2805 peditatu

250 2810 351 2856 omni
368 2800 425 2856 'ad
450 2803 738 2838 internecionem
764 2804 885 2840 deleto
925 2809 1054 2851 captos
1088 2807 1268 2852 quosdam
1304 2807 1352 2842 ad
1379 2807 1630 2843 Chorosanem
1656 2817 1736 2852 spe-

249 2858 397 2883 cimmis
438 2859 546 2884 causa
579 2851 779 2888 adducunt.
828 2853 897 2888 hae
931 2854 1136 2890 Turearum
1173 2857 1212 2891 in
1246 2856 1482 2892 Normannos
1513 2867 1573 2891 res
1609 2858 1738 2902 gestae

250 2894 365 2932 fuere.
393 2896 574 2943 Isangeles
599 2903 721 2934 autem
748 2904 785 2935 et
801 2900 925 2937 Tzitas
940 2914 1024 2938 cum
1044 2906 1172 2949 paucis
1197 2905 1399 2951 equitibus,
1424 2905 1490 2951 qui
1504 2906 1739 2950 supererant,
