1806 3132
273 205 356 248 568
789 210 967 246 01130111
994 209 1232 245 DUCANGII

273 327 528 372 conditorem
561 327 811 382 agnoscant3
840 339 924 380 seu,
946 338 1051 381 quae
1078 325 1294 380 probalilis
1313 325 1480 369 videtur
1499 325 1750 381 coniectura,

274 384 384 440 quod
426 383 598 439 Templo
637 383 954 435 Blacherniano‚
999 382 1117 425 cuius
1161 382 1402 425 Marcianus
1446 382 1487 425 et
1528 382 1751 426 Pulcheria

271 441 546 485 fundamenta
578 440 774 492 ieceraut,
809 439 1007 482 ultimam
1045 451 1218 482 manum
1249 439 1507 494 imposuerit.
1568 438 1750 482 Cedreno

273 497 530 553 suffragatur
558 497 639 540 Leo
671 495 993 548 Grammaticus,
1023 494 1095 550 qui
1122 495 1166 537 in
1196 495 1400 539 Michaele
1428 496 1562 539 Balbo
1599 495 1752 538 diserte

272 554 445 606 indicat,
477 566 641 597 sacrum
662 553 867 607 Deiparae
899 547 1159 608 ιιῗμοφόριον
1188 552 1232 594 111
1253 552 1424 607 Templo
1446 552 1751 596 Blacherniano

273 610 546 663 asservatum,
578 609 688 665 quod
717 609 791 652 alii
822 607 866 650 ἐν
894 610 948 668 τῇ
974 604 1102 665 Ἁγίᾳ
1135 610 1263 665 Σορῷ
1293 609 1501 652 scribunt:
1534 605 1557 650 ὃ
1588 607 1636 650 δὲ
1663 611 1752 650 Βα-

273 663 419 718 σιλεὺς
447 662 704 720 καταλαβών
732 661 860 720 μόλις
886 661 1064 719 ἰσχύσας
1094 664 1372 724 ὃιαπερᾷσαι,
1404 665 1476 708 καὶ
1507 663 1555 708 δὲ
1585 661 1668 708 σύν
1687 666 1751 721 τῷ

274 718 529 780 Πατριάρχῃ
571 721 731 779 Φωτίῳ
775 719 838 774 εἷς
886 719 964 766 τὸν
1006 721 1051 765 ἐν
1097 721 1361 777 Βλαχὲρναις
1406 718 1510 765 ναὸν
1553 727 1629 782 τῆς
1672 721 1750 765 τοῦ

276 781 392 824 Θεοῦ
408 775 585 850 μητρός
615 778 892 834 παρεγένετο,
937 772 1064 838 κᾷκεῖ
1091 775 1142 821 τὸ
1174 781 1306 822 θεῖον
1338 778 1614 833 ἐξιλεοῢνται.
1657 773 1753 821 εἶτα

273 838 367 892 μετ’
398 835 620 893 υμνῳόίας
649 834 700 880 τὸ
730 833 853 890 ἅγιον
890 831 1168 893 ἐξαγαγόντες
1204 838 1282 892 τῆς
1314 832 1538 880 Θεοτόκου
1570 831 1754 894 ὥμοφό-

275 910 381 948 ριον,
412 895 465 952 τῇ
493 887 698 951 θαλάσσῃ
732 887 851 949 ἄκρῳ
897 892 1176 949 προσέβαλον
1218 893 1295 938 etc.
1369 893 1484 937 Idem
1523 893 1661 936 Autor
1708 894 1753 936 in

273 952 427 995 Leone:
461 946 677 1007 Θεοφάνω
709 949 756 993 δέ
785 947 996 1008 ἡγαμετὴ
1025 943 1161 992 αὐτοῦ
1207 945 1260 992 οὗ
1288 952 1435 1008 παρῆν
1472 949 1626 1001 ἐκεῖσε,
1657 943 1752 993 ἄλλ’

274 1006 318 1050 ἐν
348 1006 612 1061 Βλαχέρναις
655 1006 700 1049 ἐν
741 1007 795 1065 τῇ
835 1004 963 1065 Ἁγίᾳ
996 1008 1123 1063 Σορῴ
1158 1006 1501 1063 προσεκαρτέρει
1532 1001 1753 1063 εὐχομένη.

272 1064 419 1119 Neque
438 1064 602 1107 abludit
619 1063 800 1107 Codinus
828 1065 926 1120 ipse,
958 1064 1059 1107 dum
1088 1064 1150 1107 ait
1165 1064 1370 1119 Deiparae
1399 1077 1546 1108 zonam
1568 1064 1613 1106 in
1630 1063 1756 1107 Chal-

274 1121 518 1175 copratiana
549 1120 662 1164 Aede
704 1122 944 1176 repositam,
990 1115 1251 1176 αῗμοφόριον
1280 1134 1377 1165 vero
1418 1119 1463 1163 ἐν
1494 1119 1758 1174 Βλαχέρναις

274 1178 546 1221 asservatum.
578 1177 766 1232 Denique
796 1178 1055 1233 Nicephorus
1089 1177 1194 1221 Call.
1224 1177 1297 1220 lib.
1323 1179 1386 1220 18.
1419 1191 1506 1232 cap.
1527 1179 1594 1221 38.
1635 1176 1755 1234 (adeo

275 1247 422 1288 parum
453 1233 532 1277 sibi
559 1233 743 1289 constat)
779 1235 1013 1278 asservatas
1051 1234 1197 1278 scribit
1231 1235 1277 1277 in
1307 1235 1614 1279 Blacherniana
1644 1234 1757 1277 Aede

275 1290 409 1333 vestes
440 1291 644 1345 Deiparae
674 1291 715 1334 et
743 1292 906 1346 partem
935 1304 1073 1343 zonae,
1119 1304 1203 1334 una
1247 1304 1339 1334 cum
1387 1291 1534 1346 capitis
1562 1291 1756 1334 amiculo.

276 1346 395 1401 Quod
424 1346 584 1390 firmari
621 1348 833 1402 praeterea
878 1349 1015 1403 potest
1043 1361 1091 1391 ex
1119 1348 1431 1402 Metaphrastae
1461 1348 1610 1399 verbis,
1652 1360 1758 1403 quae

276 1403 329 1447 ad
360 1403 565 1447 Codinum
605 1404 753 1447 laudat
783 1405 1028 1448 Lambecius
1070 1417 1166 1460 pag.
1188 1405 1283 1448 201.
1354 1405 1447 1448 Ι3111
1478 1418 1574 1448 vero
1604 1405 1759 1459 Deipa-

275 1473 346 1503 rae
374 1460 508 1519 vestes
537 1473 561 1503 a
595 1459 741 1504 Gelbio
771 1463 812 1504 et
843 1461 1029 1505 Candido
1061 1461 1270 1514 Patriciis,
1315 1461 1619 1518 Hierosolymis
1650 1460 1758 1504 Con-

276 1516 593 1571 stantinopolim
623 1517 795 1570 delatas,
825 1518 866 1561 et
896 1518 941 1560 in
974 1519 1159 1573 Templo,
1191 1517 1303 1573 quod
1325 1519 1468 1572 postea
1494 1518 1539 1560 in
1558 1518 1758 1561 Blacher-

277 1573 341 1616 nis
370 1574 423 1616 ab
451 1574 708 1628 Imperatore
737 1574 973 1618 extructum
1017 1575 1092 1627 est,
1139 1575 1360 1630 depositas,
1405 1574 1555 1618 docent
1585 1574 1758 1618 Menaea

276 1629 329 1673 ad
360 1631 398 1672 2.
429 1629 542 1672 Iulii.
609 1630 845 1674 Historiam
874 1631 1022 1675 fusiori
1052 1631 1363 1675 Commentario
1394 1632 1540 1675 narrat
1568 1631 1759 1674 Theodo-

276 1698 347 1728 rus
375 1686 609 1742 Presbyter,
641 1700 712 1730 seu
741 1688 879 1742 quivis
907 1688 1016 1732 alius
1040 1688 1208 1731 Author
1236 1688 1505 1731 Narrationis
1521 1688 1759 1731 Historicae

275 1742 320 1785 in
340 1742 653 1797 Depositionem
683 1745 810 1787 vestis
833 1744 873 1788 S.
897 1745 1069 1797 Mariae,
1098 1745 1234 1788 editus
1262 1757 1287 1787 a
1310 1744 1555 1788 Combefisio
1585 1745 1629 1787 in
1645 1744 1757 1786 Hist.

276 1799 541 1842 Monothelit.
574 1800 646 1855 qui
675 1801 719 1843 in
748 1800 864 1844 Aede
892 1801 1201 1845 Blacherniana
1232 1801 1392 1845 factam
1421 1801 1588 1845 disertis
1621 1800 1758 1843 verbis

274 1855 421 1906 tradit,
451 1852 561 1898 κατὰ
590 1852 641 1899 τὸ
670 1851 870 1913 οἷρκτῷον
898 1857 1043 1912 μέρος,
1075 1859 1186 1901 circa
1213 1858 1376 1913 partem
1395 1858 1554 1901 scilicet
1570 1857 1759 1912 Septem-

274 1912 509 1955 trionalem.
555 1913 615 1955 Ex
635 1913 875 1958 Palaestina
905 1915 1062 1970 pariter
1083 1914 1489 1969 Constantinopolim
1509 1914 1758 1969 asportatas,

274 1969 408 2011 Leone
427 1969 485 2011 M.
507 1969 751 2024 imperante,
784 1971 908 2014 autor
939 1973 1001 2014 est
1034 1972 1160 2015 etiam
1178 1973 1373 2015 Zonaras.
1419 1970 1627 2014 Cedrenus
1647 1983 1758 2022 vero,

276 2023 429 2080 Glycas
475 2026 516 2068 et
561 2027 698 2070 loelus
741 2027 1043 2083 Hierosolymis
1091 2028 1202 2083 apud
1248 2028 1484 2071 Hebraeam
1532 2027 1759 2083 quamdam

275 2080 482 2136 virginem
511 2082 703 2126 inventas
734 2085 1074 2137 commemorant,
1113 2085 1292 2139 indeque
1330 2084 1484 2127 allatas
1515 2083 1758 2127 Constanti-

275 2138 472 2192 nopolim,
504 2139 545 2181 et
574 2139 618 2182 in
649 2152 766 2183 sacra
797 2141 935 2184 Theca
965 2141 1174 2196 depositas
1204 2141 1282 2184 sub
1313 2140 1365 2184 A.
1397 2140 1546 2184 Leonis
1565 2150 1756 2184 M.XV11.

275 2193 319 2236 in
340 2206 423 2249 qua
445 2195 612 2249 quidem
634 2196 786 2246 Theca,
817 2198 950 2254 σορῷ,
982 2211 1055 2241 seu
1084 2198 1203 2254 σηκῷ
1223 2192 1532 2253 χρυσοπάστιιυ,
1551 2191 1759 2251 περιστό·

277 2249 348 2291 λια
374 2250 452 2308 τῆς
488 2251 719 2305 παρθένου
752 2253 932 2308 Μαρίας
968 2255 1182 2298 asservata
1219 2254 1395 2297 narrant
1425 2253 1760 2310 Theophylactus

281 2306 513 2351 Simocatta
534 2308 606 2352 lib.
622 2310 660 2352 8.
684 2322 773 2364 cap.
791 2310 828 2353 5.
850 2311 891 2354 et
911 2310 1095 2354 Codinus
1116 2311 1166 2354 de
1187 2310 1308 2354 Offic.
1329 2310 1465 2354 Aulae
1486 2310 1567 2354 GP.
1590 2323 1678 2378 cap.
1693 2310 1757 2352 15.

279 2362 500 2407 Praeterea
529 2363 663 2419 μέρος
690 2382 733 2408 τι
762 2368 839 2425 τῆς
867 2361 1001 2424 αὐτῆς
1028 2360 1292 2422 ἄξιαγάστου
1324 2362 1472 2423 ζώνης,
1505 2365 1578 2409 καὶ
1606 2381 1657 2408 το
1679 2366 1760 2422 τῆς

279 2418 472 2475 κεφαλ”ς
516 2417 796 2477 ἐπικάλυμμα
830 2424 1057 2479 repositum
1095 2425 1276 2468 testatur
1305 2423 1565 2479 Nicephorus
1596 2422 1758 2466 Callist.

277 2475 368 2519 1000
390 2476 427 2518 01
450 2477 533 2520 ato.
573 2478 713 2522 Vestis
733 2480 939 2535 Deiparae
959 2480 1181 2524 materiam
1198 2480 1418 2536 descripsit
1433 2480 1571 2524 Autor
1585 2480 1758 2522 Narrat.

278 2531 514 2577 Historicae
543 2534 587 2577 in
620 2535 919 2590 depositionem
953 2537 1082 2580 vestis
1115 2538 1340 2592 Deiparae:
1385 2535 1411 2595 ἦ
1454 2534 1502 2579 δὲ
1548 2532 1686 2591 ἐσθὴς
1732 2531 1759 2589 ἡ

278 2586 463 2657 θείαςέξ
499 2588 629 2645 ἐρίων
668 2586 938 2649 εὗφθάρτων
982 2592 1268 2651 ἐξυφασμένη,
1314 2592 1388 2636 καὶ
1417 2589 1440 2636 ὁ
1474 2589 1652 2664 στῄμων
1678 2588 1758 2647 γὰρ

278 2642 348 2686 καὶ
379 2660 404 2702 η
434 2642 581 2702 κρόκη,
618 2645 738 2702 ἐ’ριόν
767 2648 884 2692 ἐστιν
913 2645 964 2693 τὸ
994 2644 1102 2693 αὐτὸ
1147 2646 1170 2693 ὁ
1209 2648 1384 2705 μοειδές
1421 2649 1494 2692 καὶ
1525 2645 1758 2704 ομόχροον.

279 2700 334 2742 Et
363 2700 405 2743 in
436 2702 569 2746 Leone
598 2704 656 2748 M.
687 2705 844 2749 Ioelus:
890 2705 962 2749 καὶ
1007 2703 1141 2764 σορὸν
1185 2706 1232 2750 ἐκ
1269 2708 1432 2763 χρυσοῦ
1465 2705 1536 2748 καὶ
1564 2699 1758 2761 ἀργύρου

278 2755 613 2826 κατασκευάσας,
644 2761 861 2805 κατέθετο
891 2759 1062 2820 ταύτην,
1108 2759 1205 2820 ἥτις
1249 2762 1298 2817 ἐξ
1333 2762 1463 2817 ἐρίων
1489 2756 1761 2832 εὖφθάρτων

281 2812 565 2873 εξυφασμένη,
592 2816 664 2860 καὶ
693 2814 923 2875 στημόνων
949 2815 1225 2874 ὁμοιοειδῶν,
1257 2819 1330 2863 καὶ
1361 2815 1604 2876 ὁμοχρόων,
1636 2814 1760 2863 αδιά-
