1748 3100
575 187 730 222 INDEX
759 189 1075 228 GRAECITATIS

132 300 214 343 214,
230 300 264 336 6.
291 300 375 346 237,
391 301 435 336 12
467 312 552 337 cum
588 303 683 344 coni.
708 307 794 349 post

132 351 248 394 temp.
284 347 373 384 hist.
414 348 431 384 Ι
471 351 553 394 266,
572 351 606 386 2.
659 352 740 396 270,
759 353 792 387 5.

132 397 215 440 372,
244 397 267 432 5
318 408 404 433 cum
440 397 517 434 ind.
551 410 667 444 praes.
707 403 794 446 post

131 448 247 491 temp.
267 444 355 481 hist.
373 444 391 480 Ι
409 446 491 485 310.
508 449 524 481 1
563 458 648 483 cum
674 450 792 494 optat.

131 496 218 540 post
242 504 363 539 praes.
390 492 426 528 11
452 495 592 540 235,10
641 499 720 531 εἴθε
746 491 792 540 ἦν

97 554 99 556 ·
130 569 165 578 ..
186 568 195 577 .
229 544 291 577 ἵνα
323 539 564 590 ἐνεδειξάμην
600 543 615 578 Ι
649 544 791 590 218,18

130 589 322 636 διορίζεται
346 593 406 626 ἵνα
431 591 447 626 1
478 591 614 637 158,11
658 592 794 637 δηλοῦν

129 641 190 674 ἵνα
220 639 403 698 ἐκπέμψῃ
436 639 471 674 II
509 641 651 685 111,15
700 651 791 687 συμ-

130 687 247 734 φωνῶ
281 689 342 724 ἵνα
375 687 562 732 αποδοίην
588 689 622 724 ΙΙ
648 689 729 732 235,
748 691 792 724 10

130 737 429 783 καταγγέλλομαι
459 735 508 775 ώς
538 739 598 772 ἵνα
697 739 793 794 λογί-

129 785 246 831 ζωμαι
281 784 317 819 II
350 786 470 820 234.3
525 787 586 821 ἵνα
624 785 791 828 δεσποζω

129 847 177 863 =
202 828 382 868 δεσπόσω
405 833 443 868 Π
469 834 550 877 235,
569 835 585 868 1

80 881 264 920 ἱππασίας
289 885 482 916 ποιεῖσθαι
507 881 525 916 Ι
549 882 632 925 209,
648 883 693 918 20

82 930 265 976 ἵππασμα
287 929 325 965 ΙΙ
350 930 432 975 295,
447 930 469 964 2
662 953 666 957 ·

80 973 310 1022 ἴππηλάσιον
332 978 351 1013 Ι
372 978 458 1023 449,
473 979 496 1013 9
537 978 571 1013 ΙΙ
598 979 679 1026 317,
699 981 744 1014 14

79 1025 319 1074 ἱπποδρομία
343 1026 381 1062 ΙΙ
408 1027 491 1072 366,
505 1027 553 1062 20

80 1072 101 1109 ὁ
126 1074 189 1119 τῆς
212 1076 376 1122 ἱστορίας
399 1077 516 1115 ἵππος
539 1075 557 1111 Ι
583 1077 641 1118 79,
657 1078 701 1112 19

80 1119 351 1171 ἱππόσταθμος
376 1123 391 1158 I
417 1124 475 1169 99,
502 1125 524 1159 7

79 1168 242 1216 ἱππότης
264 1183 360 1219 equo
384 1172 550 1208 insidens
575 1171 590 1206 Ι
617 1173 675 1217 54,
689 1174 711 1208 5

77 1215 232 1276 Ἰσμαήλ
251 1235 299 1251 =
315 1217 542 1267 Ἰσμαηλῖται
559 1220 594 1255 ΙΙ
608 1221 732 1267 289,5.
746 1221 789 1256 18

79 1269 279 1316 ἰσομετρος
301 1267 320 1304 Ι
343 1269 427 1314 444,
441 1270 462 1304 3

79 1314 294 1356 ἰσοστάσιος
317 1317 334 1352 Ῑ
362 1318 441 1364 157,
455 1319 476 1353 3

79 1363 268 1413 ἰσόψυχος
291 1365 328 1401 II
357 1366 495 1411 195,21

80 1411 196 1454 ἑστὼς
220 1415 263 1464 τῇ
288 1414 339 1462 γῇ
363 1414 398 1449 11
423 1416 507 1457 256,
522 1415 545 1449 4

79 1458 178 1501 ὅλοις
200 1463 331 1501 ἱστίοις
355 1462 391 1498 ΙΙ
419 1464 500 1505 120,
515 1465 549 1498 7.
579 1463 657 1508 154,
674 1463 717 1497 15

79 1507 361 1558 ἱστορικώτερον
388 1510 405 1545 Ι
432 1512 514 1556 355,
528 1512 550 1546 5

79 1557 180 1598 ἱστὸς
204 1554 368 1606 ἀράχνης
392 1559 427 1594 11
453 1561 535 1602 304,
550 1560 573 1594 6

79 1610 336 1655 ἰσχυροποιεῖν
359 1607 394 1643 ΙΙ
419 1609 503 1648 302,
518 1610 535 1642 1
577 1609 789 1654 ἵσχυροποι-

129 1660 256 1692 εῖσθαι
278 1659 473 1714 potentem
496 1655 579 1692 fieri
603 1656 619 1691 1
647 1658 727 1698 301,
743 1657 786 1690 21

80 1702 176 1751 πρὸς
202 1707 334 1753 ϊσχυος
359 1705 376 1740 Ι
402 1707 485 1751 241,
500 1706 534 1741 2.
573 1706 655 1745 301,
671 1706 715 1740 16
756 1703 788 1739 ΙΙ

127 1753 187 1795 42,
201 1755 236 1789 4.
262 1754 344 1797 369,
359 1755 407 1789 20

80 1804 204 1848 ἴυγγες
213 1798 416 1850 ἀπόρρητοι
429 1801 587 1847 ἐπῳδῶν
608 1801 641 1835 ΙΙ
652 1802 734 1844 351,
746 1801 788 1834 13

66 1851 285 1898 ·ῑχνηλατέω
314 1851 331 1886 Ι
358 1852 441 1894 331,
460 1851 502 1885 18
536 1850 572 1885 II
596 1850 678 1892 284,
697 1850 741 1883 17

80 1991 323 2040 καβαλλάριος
347 1994 382 2030 II
408 1996 489 2039 237,
508 1996 549 2029 11

81 2042 102 2088 ἡ
128 2041 340 2091 Καδμόθεν
365 2046 547 2090 παροιμία
572 2042 609 2077 Π
633 2041 748 2085 319,3

79 2094 296 2138 καθαίρεσις
335 2093 502 2128 muneris
541 2089 737 2135 abrogatio
771 2087 787 2122 I

128 2142 210 2185 231,
228 2141 250 2175 2
299 2137 501 2188 δογμάτων
527 2138 559 2173 11
586 2139 619 2181 2,
636 2141 653 2173 1

80 2192 275 2236 καθαιρεῖν
296 2186 338 2224 τὸ
362 2193 485 2236 τεῖχος
509 2188 526 2223 1
549 2189 630 2230 363,
644 2187 665 2221 3

81 2232 259 2276 καθάπαξ
280 2249 312 2274 ο.
338 2240 474 2284 partic.
503 2236 537 2271 11
565 2235 647 2278 236,
663 2235 685 2268 2

80 2289 290 2331 καθαπερεί
311 2285 327 2320 Ι
354 2287 412 2328 52,
426 2287 458 2321 6.
492 2285 573 2325 324,
589 2284 622 2318 5.
657 2281 739 2324 360,
754 2281 786 2315 2.

129 2335 214 2380 424,
226 2335 286 2370 20.
309 2335 437 2380 45o‚7.
463 2333 578 2377 457,6
603 2331 640 2366 ΙΙ
664 2332 741 2374 147,
754 2330 786 2363 3.

128 2382 211 2425 243,
229 2384 284 2418 15.
313 2384 397 2427 251,
411 2384 442 2418 8.
472 2381 615 2426 331,10
765 2421 772 2431 μ

81 2427 316 2478 καθαριεὺειν
351 2432 426 2466 τῶν
449 2425 525 2465 ἀπό
555 2440 650 2466 τινος
666 2438 788 2482 ,κακω-

131 2489 228 2515 σεων
263 2479 282 2515 Ι
319 2480 441 2525 436,2
501 2478 787 2521 καθαριευεσθαι

128 2525 196 2572 τὴν
221 2523 353 2575 φωνήν
392 2526 589 2563 emendata
619 2524 677 2559 uti
701 2533 786 2568 pro-

130 2577 370 2612 nuntiatione
396 2575 411 2610 1
439 2575 581 2618 262,10
771 2615 778 2626 ἱ

81 2623 229 2670 καθαρὰ
253 2620 376 2661 εὔνοια
400 2624 438 2659 Π
462 2622 604 2666 240,10
640 2623 785 2673 καθαρα

130 2676 254 2712 πίστις
270 2673 304 2708 ΙΙ
325 2674 383 2714 53,
402 2673 444 2707 18
485 2671 785 2723 xccssapogshpay-

128 2733 196 2766 γῠς
218 2721 254 2756 II
277 2723 336 2766 59,
353 2722 396 2756 15
445 2717 592 2763 καθαρὰ
613 2728 721 2762 χαρις
751 2713 786 2748 II

132 2770 212 2813 134,
229 2772 251 2805 2
292 2768 466 2815 καθαρῶς
479 2767 627 2813 penitus
643 2764 661 2799 I
675 2763 784 2807 3o,18

1474 191 1556 233 783

907 305 1036 352 11306,
1052 310 1097 344 10
1143 307 1397 358 καθαρώτερον
1426 313 1555 350 distin-

908 354 1003 409 ctius
1020 355 1056 390 ΙΙ
1074 359 1196 402 66,17.
1222 360 1280 403 71,
1294 360 1315 393 2

859 406 1064 448 κιιθαρσιον
1090 405 1125 440 11
1150 407 1229 449 367,
1244 407 1277 442 9.
1304 408 1442 449 370,12
1493 422 1553 443 κα-

906 448 1043 496 θάρσια
1053 467 1099 483 --
1109 455 1308 500 purgantia
1323 455 1357 491 11
1375 457 1499 496 367,8.
1510 459 1552 492 15

859 495 1038 544 κάθαρσις
1062 500 1096 535 ΙΙ
1121 503 1202 546 367,
1219 504 1262 537 12

859 547 1025 592 καθέδρα
1073 549 1106 583 11
1149 551 1229 590 352,
1262 550 1304 585 19
1352 549 1373 594 ἡ
1408 549 1554 595 δουκικὴ

906 595 1072 641 καθέδρα
1107 597 1141 632 II
1169 598 1246 640 188,
1264 599 1307 633 10

858 639 1036 682 καθεκτός
1060 644 1093 678 II
1118 645 1235 690 256‚8

858 691 1011 734 καθεξῆς
1036 691 1068 725 II
1096 693 1208 737 31,13

857 735 1012 778 κάθετος
1035 740 1165 776 missus
1187 741 1222 776 11
1251 742 1328 784 198,
1346 742 1389 775 12

858 783 1136 835 καθηγούμενος
1177 790 1294 836 μονῆς
1336 789 1372 824 II
1414 790 1494 831 245,
1509 791 1551 824 21

906 840 1185 883 φροντιστηρίου
1210 837 1242 872 11
1268 839 1382 882 345,3

858 880 1066 930 καθηγητής
1090 885 1125 920 11
1151 887 1220 930 2,7

857 929 1067 979 καθήμενος
1090 934 1232 969 otiosus
1257 932 1273 966 I
1301 934 1380 978 183,
1395 934 1438 967 10

857 983 994 1022 καθίζω
1019 977 1148 1027 λόχους
1177 981 1189 1015 1
1217 982 1334 1026 345‚2

857 1032 1117 1064 καθικνεῖσθαι.
1154 1027 1272 1064 αὐτῶν
1305 1030 1378 1064 τῶν
1412 1029 1556 1076 μυελῶν

905 1076 951 1112 de
977 1077 1103 1112 dolore
1127 1077 1161 1112 11
1188 1079 1321 1122 374‚11

857 1126 1039 1160 καθιστᾶν
1063 1122 1236 1173 δυνάμεις
1261 1125 1275 1159 1
1301 1126 1381 1167 331,
1403 1125 1445 1159 19
1492 1123 1554 1163 τὰς

904 1169 1102 1220 φάλαγγας
1120 1174 1137 1209 Ι
1162 1175 1220 1218 43,
1234 1174 1290 1208 20.
1317 1174 1398 1215 403,
1415 1173 1458 1207 21

857 1222 898 1257 ἰν
922 1224 1031 1267 πείρᾳ
1055 1221 1152 1261 τινὸς
1181 1219 1413 1265 καθεστηκὼς
1442 1220 1555 1268 πολλῇ

903 1269 939 1304 ΙΙ
965 1270 1047 1314 217,
1064 1270 1107 1305 14

855 1318 1114 1364 καθυπερτερῶ
1138 1317 1154 1352 I
1183 1319 1307 1362 14,19.
1332 1317 1413 1357 259,
1430 1315 1448 1351 1

856 1366 1183 1413 καθυπισχνοῦμαι
1215 1365 1249 1400 ΙΙ
1277 1366 1354 1409 137,
1367 1366 1399 1399 7.
1437 1364 1552 1407 235,8

856 1412 1125 1458 καθυποβάλλω
1166 1416 1298 1452 αἰκίαις
1336 1412 1369 1447 ΙΙ
1413 1413 1491 1456 162,
1512 1412 1553 1445 14

904 1465 1038 1508 αἰωνίῳ
1065 1460 1271 1508 ἆναθέματι
1301 1461 1337 1496 Π
1360 1461 1431 1502 4,9
1477 1472 1555 1494 ποι-

903 1514 984 1550 ναῖς
1008 1505 1339 1557 παλαμναιοτάταις
1363 1508 1398 1544 II
1419 1508 1496 1552 179,
1507 1508 1553 1542 20

856 1555 1117 1594 καθυποτάττω
1142 1558 1159 1593 I
1185 1559 1265 1593 434.
1284 1559 1326 1592 14

855 1611 1093 1652 καθυστερεῖν
1116 1618 1211 1645 τινος
1234 1606 1250 1640 I
1276 1606 1416 1650 391,16

856 1653 981 1694 καθώς
1005 1655 1021 1689 Ι
1052 1656 1130 1698 100,
1142 1655 1174 1689 9.
1199 1655 1280 1696 458,
1296 1655 1339 1688 15
1368 1652 1403 1687 ΙΙ
1428 1651 1507 1691 224,
1518 1650 1551 1685 5.

904 1705 985 1748 263,
999 1703 1056 1738 20.
1089 1704 1170 1743 277,
1185 1703 1219 1737 3.
1249 1701 1330 1746 319,
1347 1701 1378 1736 7.
1412 1700 1492 1742 357,
1508 1698 1552 1732 19

855 1755 974 1785 zat:
988 1754 1025 1786 et
1041 1750 1188 1796 quidem
1213 1749 1230 1784 I
1256 1750 1312 1793 40,
1331 1750 1383 1783 10.
1412 1746 1488 1790 163,
1510 1748 1551 1780 17

903 1803 966 1834 καί
978 1800 1077 1834 inter
1093 1809 1226 1834 nomen
1253 1800 1290 1832 et
1312 1796 1551 1831 attributum:

902 1846 922 1882 ὁ
940 1845 1093 1894 Μιχαὴλ
1116 1848 1176 1881 καὶ
1192 1841 1419 1898 αὐτάδελφος
1435 1839 1553 1876 αὐτῶν

903 1895 919 1930 Ι
957 1898 1039 1940 443,
1063 1897 1106 1930 18
1162 1892 1228 1929 τὸν
1263 1893 1359 1931 ἴδιον
1388 1889 1553 1937 ἁδελφον

903 1941 1087 1989 Ἀδριανὸν
1110 1945 1170 1977 καὶ
1193 1943 1317 1989 μέγαν
1332 1940 1554 1986 δομέστικον

902 1992 917 2026 Ι
935 1993 1018 2036 448,
1032 1992 1053 2026 9
1107 1988 1127 2025 ὁ
1144 1989 1386 2035 Λαντοῦλφος
1409 1989 1470 2022 καὶ
1490 1986 1554 2021 τοῦ

901 2039 1068 2075 ναυτικοῦ
1100 2033 1338 2084 ἐξηγούμενος
1368 2035 1402 2070 II
1437 2035 1551 2079 170,8

902 2090 938 2123 οἱ
967 2086 1068 2135 ἀμφὶ
1094 2086 1156 2122 τὸν
1175 2083 1328 2125 Ἀλέξιον
1359 2085 1420 2118 καὶ
1446 2094 1549 2127 στρα-

901 2133 1014 2182 τηγὸν
1035 2135 1096 2179 τῆς
1119 2130 1259 2172 πόλεως
1276 2133 1309 2168 ΙΙ
1332 2133 1410 2176 192,
1425 2131 1444 2165 4
1487 2127 1553 2164 τὸν

905 2183 1051 2230 Ταγγρὲ
1093 2185 1154 2217 καὶ
1194 2177 1352 2226 ἀνεψιόν
1395 2191 1470 2225 μου
1516 2177 1552 2212 11

902 2233 1045 2277 234,18
1106 2228 1170 2265 τὸν
1206 2230 1553 2276 πορφυρογέννητον

901 2282 1053 2325 βασιλέα
1078 2281 1138 2313 καὶ
1163 2276 1232 2312 σὸν
1256 2273 1334 2311 υἱόν
1358 2275 1392 2310 ΙΙ
1418 2274 1552 2328 237,1·Ο

901 2327 1028 2362 λαθὼν
1066 2329 1125 2361 καὶ
1158 2353 1166 2362 .
1192 2351 1199 2360 .
1222 2353 1229 2360 .
1261 2325 1507 2366 κατεληλυθως
1536 2320 1551 2354 Ι

902 2377 1017 2420 369,3
1068 2372 1110 2409 οὐ
1127 2371 1220 2408 πολὺ
1245 2371 1285 2407 τὸ
1304 2373 1344 2407 ἐν
1360 2373 1465 2418 μέσῳ
1491 2371 1554 2425 καί

901 2424 917 2459 Ι
947 2425 1086 2466 179,19.
1113 2421 1246 2466 440,20
1272 2420 1307 2455 II
1333 2419 1412 2460 309,
1428 2419 1471 2452 16
1508 2429 1550 2450 ου

901 2474 1032 2507 πολλαὶ
1078 2470 1232 2513 διῆλθον
1267 2467 1400 2515 ἡμέραι
1439 2468 1502 2499 καί
1537 2463 1551 2498 1

900 2521 1019 2565 411,4
1067 2514 1169 2553 οὔπω
1195 2545 1202 2552 .
1221 2543 1229 2551 .
1249 2543 1257 2552 .
1283 2518 1347 2550 καί
1368 2515 1385 2550 Ι
1409 2515 1492 2557 316,
1505 2512 1552 2546 20

900 2570 936 2603 οἱ
960 2568 1003 2603 δὲ
1029 2566 1128 2601 εἶδον
1151 2560 1320 2608 ἀλλήλους
1350 2564 1409 2597 καὶ
1434 2559 1455 2596 ὁ
1479 2560 1554 2607 μὲν

901 2620 956 2651 Μ.
982 2611 1127 2662 ἄρχεται
1153 2615 1270 2658 λέγων
1288 2611 1305 2646 1
1324 2612 1382 2655 77,
1399 2610 1441 2644 13
1478 2608 1552 2655 μὲν

899 2666 960 2699 καὶ
1062 2662 1103 2697 δὲ
1131 2660 1230 2695 καίΙ
1255 2660 1366 2703 31,14
1392 2656 1553 2701 1149‚12

902 2709 981 2758 ἅμα
1005 2710 1079 2758 μὲν
1103 2711 1164 2743 καὶ
1190 2736 1198 2744 .
1214 2735 1222 2744 .
1239 2734 1247 2743 .
1273 2703 1352 2754 ἅμα
1380 2705 1422 2740 δὲ
1448 2703 1552 2758 nat}

902 2761 957 2803 75,
973 2761 1027 2794 12.
1053 2758 1200 2804 367,21.
1226 2756 1361 2800 441,15
1398 2755 1459 2788 καὶ
1482 2764 1552 2798 γαρ
