1806 3132
256 197 340 241 590
771 203 950 240 cAROLI
977 202 1216 240 DUcANen

255 321 498 377 Xiphilinus
525 320 570 363 in
601 319 772 364 Severo:
815 318 890 361 καὶ
930 313 1066 362 αὐτοῦ
1095 314 1173 369 τὰς
1202 316 1332 372 μυίας
1375 318 1484 368 παῖς
1513 310 1740 376 εὐπρεπὴς

257 378 316 445 ιᾷς
345 378 491 479 diffie}
511 373 810 427 καθεύδοντος
843 377 1028 431 πτεροῖς
1056 376 1227 426 ταῶνος
1255 368 1486 428 ἀπεσόβει.
1560 375 1739 430 Proper-

257 437 342 479 tlus
435 468 444 477 ·
495 468 574 534 'Et
599 490 720 534 modo
745 490 927 545 pavonis
963 488 1123 532 caudae
1148 487 1323 541 flabella
1350 488 1566 543 superbae.

259 559 514 604 Claudianus
541 559 615 602 lib.
637 560 673 602 l.
703 559 748 601 in
771 557 992 600 Rufinum:

516 627 577 670 Et
604 641 696 670 cum
724 640 768 670 se
790 625 945 680 rapido
975 624 1133 678 fessam
1154 624 1394 678 proiecerat
1420 628 1549 678 aestu,

516 683 730 727 Patr-icius
759 683 890 726 roseis
910 695 1126 736 pavonum
1154 681 1331 724 ventilat
1360 681 1457 725 alis.

259 752 478 797 Interdum
523 752 651 794 etiam
689 751 815 794 boum
844 749 1085 792 Indicorum
1129 748 1286 791 caudae
1314 748 1359 791 in
1390 762 1486 792 eum
1516 761 1639 792 usum
1669 747 1742 791 ad-

260 809 431 863 hibitae,
460 809 566 851 teste
585 807 762 851 Aeliano
791 807 864 850 lib.
889 807 953 849 15.
985 804 1089 860 περὶ
1111 801 1236 860 ζώων
1263 818 1352 860 cap.
1374 806 1438 849 14.
1497 805 1603 849 Vide
1632 818 1747 848 eum-

262 866 356 965 deni
385 866 458 909 lib.
482 866 546 907 11.
577 877 665 919 cap.
691 864 755 907 14.
793 864 834 907 et
865 863 1197 917 Theophrastum
1229 862 1273 904 in
1300 862 1493 906 Charact.
1522 875 1611 917 cap.
1641 859 1747 916 περὶ

263 923 329 966 δει
357 920 438 973 ίας.
1190 922 1196 925 “

24 983 251 1032 Pag.255.c
397 975 640 1032 Πέρνικον]
689 975 916 1020 Castellum
949 975 1187 1018 Triaditzae
1223 975 1422 1029 vicinum,
1469 975 1676 1032 Scylitzae
1706 975 1748 1018 et

264 1036 449 1080 Zonarae
475 1035 520 1077 in
549 1034 794 1089 Bulgaroct.

25 1100 251 1149 Pag.256.A
398 1091 489 1134 Καὶ
519 1086 574 1132 τὰ
618 1089 758 1147 στέφη
788 1085 978 1146 τούτων]
1021 1088 1281 1144 Nicephorus
1320 1088 1431 1132 enim
1461 1089 1502 1132 et
1532 1088 1613 1132 Leo
1644 1088 1748 1131 Dio-

265 1162 388 1206 genes
415 1161 439 1192 a
469 1148 588 1203 patre
617 1147 908 1202 Imperatores,
953 1145 1101 1189 statim
1145 1147 1272 1201 atque
1302 1146 1346 1188 in
1375 1145 1511 1188 lucem
1540 1145 1655 1201 editi,
1683 1158 1748 1188 re-

265 1205 452 1249 nuntiati
482 1205 668 1247 fuerant:
712 1204 835 1247 Anna
867 1204 945 1247 hoc
986 1204 1076 1258 ipso
1115 1203 1220 1253 loco,
1254 1198 1523 1260 παραλαβών
1563 1198 1750 1252 τούτους

265 1257 444 1312 ἰδιώτας
469 1259 517 1304 ἐκ
545 1259 788 1303 Βασιλέων.
1515 1308 1517 1312 ¹

33 1324 252 1372 Pag.257.c
396 1312 619 1372 Ὀξύτερος
649 1311 934 1374 ἃμφιστόμου
964 1313 1140 1374 ξίφους]
1172 1316 1322 1359 Tradit
1349 1317 1525 1359 Ioannes
1555 1315 1751 1358 Villanus

265 1376 338 1419 lib.
362 1376 400 1418 5.
433 1388 522 1430 cap.
541 1376 609 1417 36.
656 1374 811 1417 Comiti
841 1372 1039 1425 Guidoni‚
1085 1387 1109 1416 a
1153 1386 1234 1428 quo
1277 1372 1399 1416 Genti
1441 1371 1576 1415 Guidi
1607 1372 1750 1415 Italici

267 1433 472 1488 originem
504 1431 675 1483 ducunt,
704 1430 935 1473 Bisacutae
972 1429 1157 1473 inditum
1188 1442 1418 1485 cognomen
1462 1429 1629 1484 propter
1659 1429 1752 1472 ani-

266 1502 384 1532 mum
414 1489 501 1531 eius
534 1487 825 1542 multiplicem.
898 1486 974 1529 Est
1004 1488 1146 1530 autem
1182 1487 1372 1530 bisacuta
1400 1479 1682 1543 ἀμφίστομος
1710 1486 1752 1528 et

266 1545 477 1600 δίστομος
507 1538 642 1601 ἀξίνη,
673 1545 722 1586 ut
752 1556 877 1599 supra
907 1556 932 1586 a
961 1543 1080 1586 nobis
1109 1544 1172 1586 est
1202 1544 1482 1587 observatum.

29 1624 254 1672 Pag.259.A
405 1609 665 1670 Θεοδώρου]
712 1611 920 1655 Theodori
962 1611 1164 1667 Martyris
1200 1612 1241 1654 et
1271 1606 1569 1667 στρατηλάτου
1599 1610 1752 1654 festum

269 1671 402 1726 agunt
431 1669 581 1714 Graeci
610 1671 650 1712 8.
671 1669 791 1712 Febr.
824 1668 990 1711 Tironis
1019 1681 1116 1711 vero
1140 1669 1205 1711 17.
1236 1668 1419 1711 eiusdem
1451 1668 1616 1711 mensis.

225 1750 257 1786 Β
401 1742 427 1781 I
430 1734 606 1804 ἀμβρὸν
632 1735 708 1780 ἐπὶ
737 1732 922 1794 ὑστάτη]
954 1736 1117 1780 Habuit
1145 1736 1404 1791 Nicephorus
1432 1736 1641 1791 Diogenes
1669 1735 1754 1778 tres

268 1809 426 1841 sorores
446 1796 644 1846 utermas,
681 1794 791 1837 filias
808 1780 966 1836 scilicet
983 1793 1250 1837 Constantini
1266 1793 1408 1836 Ducae
1423 1793 1529 1848 Imp.
1551 1805 1598 1836 ex
1614 1792 1755 1835 Eudo-

268 1854 332 1897 cia
348 1853 591 1904 Dalassena‚
624 1863 729 1906 quae
748 1851 929 1894 extincto
952 1850 1140 1906 coniuge,
1175 1850 1366 1893 Romano
1388 1849 1569 1905 Diogeni
1588 1860 1754 1891 rursum

268 1911 422 1966 nupsit.
481 1909 542 1951 Ex
572 1908 722 1963 quibus
756 1907 946 1951 secundis
990 1907 1199 1950 Eudociae
1241 1907 1399 1961 nuptiis
1429 1906 1520 1949 nati
1549 1904 1755 1948 Constan-

265 1968 393 2020 tinus,
428 1966 508 2009 Leo
568 1966 609 2007 et
638 1964 900 2019 Nicephorus
932 1964 1153 2019 Diogenes.
1227 1963 1372 2006 Prima
1408 1962 1541 2018 igitur
1569 1961 1754 2004 filiarum

269 2022 534 2067 Constantini
563 2022 604 2065 et
634 2021 843 2064 Eudociae
874 2022 1011 2073 Anna,
1046 2021 1248 2063 Ioannem
1278 2020 1536 2064 Comnenum
1568 2018 1756 2073 Curopa-

268 2081 413 2132 latam,
444 2079 582 2123 Alexii
609 2077 881 2133 Imperatoris
911 2078 1138 2132 parentem,
1169 2077 1371 2120 maritum
1404 2075 1573 2126 habuit3
1621 2075 1754 2118 altera

269 2137 351 2180 fuit
382 2135 620 2186 Theodora;
664 2135 792 2178 tertia
824 2134 1002 2189 denique
1034 2134 1125 2185 Zoe,
1168 2147 1294 2190 quam
1323 2133 1586 2188 Nicephorus
1623 2132 1756 2174 Bota-

270 2194 404 2237 niates
445 2205 615 2236 uxorem
657 2192 805 2234 ducere
847 2191 891 2233 in
922 2191 1061 2234 animo
1090 2191 1307 2243 habuerat,
1357 2202 1544 2245 quaeque
1571 2189 1757 2243 postmo-

271 2250 371 2293 dum
397 2249 584 2292 Adriano
607 2248 816 2292 Comneno
838 2248 995 2303 Magno
1026 2247 1266 2290 Domestico
1297 2259 1399 2290 uxor
1433 2246 1533 2289 data
1564 2246 1640 2289 est.
1687 2245 1755 2288 Ita

271 2307 541 2406 {iatertneram
571 2318 696 2360 nepos
739 2317 909 2349 uxorem
942 2303 1074 2347 duxit.
1141 2303 1319 2348 Consule
1352 2303 1554 2346 Familias
1591 2302 1756 2345 nostras

338 2376 416 2406 zan
437 2375 542 2406 inas.

228 2429 261 2465 D
310 2377 337 2419 y
406 2415 713 2476 Σφαιρίζοντι]
755 2419 818 2461 1)6
852 2417 1182 2473 Byzantinorum
1225 2416 1311 2472 pila
1349 2416 1394 2459 in
1439 2415 1555 2472 equis
1586 2414 1757 2458 ludendi

273 2489 387 2519 more
416 2476 751 2519 dissertationem
782 2474 1045 2517 instituimus
1088 2473 1142 2517 ad
1171 2473 1426 2527 Ioinvillam‚
1452 2486 1577 2528 quam
1608 2484 1758 2515 consu-

272 2532 335 2576 las
360 2533 487 2575 velim
514 2532 568 2575 ad
596 2532 721 2575 huius
749 2531 832 2574 loci
862 2529 1203 2586 intelligentiam.

38 2603 261 2651 pag,261‚A
406 2592 435 2630 I
438 2584 626 2644 ἐώργιος
656 2585 680 2631 ὁ
713 2583 1006 2646 Καματηρός]
1052 2587 1130 2630 Ille
1167 2587 1279 2630 idem
1324 2587 1397 2642 qui
1433 2587 1590 2630 Ioanne
1620 2583 1758 2628 Alexii

274 2644 360 2688 filio
390 2645 622 2700 imperante
658 2658 797 2688 rerum
827 2643 1187 2688 administrationi
1215 2643 1409 2698 praefuit.
1489 2642 1758 2687 Camaterum

275 2702 448 2744 obscuro
479 2702 606 2757 atque
634 2702 812 2757 ignobili
855 2702 993 2744 ortum
1025 2713 1174 2756 genere
1203 2701 1248 2743 in
1279 2700 1607 2744 Secretariorum
1643 2698 1756 2741 ordi-

276 2770 371 2800 nem
400 2758 547 2813 allegit
567 2758 752 2810 Alexius,
785 2759 827 2801 et
848 2757 1058 2801 affinitate
1087 2770 1135 2800 ex
1163 2756 1358 2812 coniugio
1388 2756 1593 2812 cognatae
1618 2755 1759 2798 cuius-

276 2814 375 2859 dam
405 2814 658 2869 devinctum,
689 2815 861 2858 tandem
904 2814 1184 2870 Logothetam
1215 2813 1477 2858 Secretorum
1506 2810 1758 2868 designavit,
