1812 3184
276 223 330 263 74
793 223 959 258 ANNAE
989 219 1257 256 GOMNENAE

275 342 454 401 ἑτέρους
485 342 588 395 τούς
612 339 691 385 τὸν
734 337 902 397 πύργον
942 335 1150 382 κάτωθεν
1193 335 1442 380 κατασείειν
1477 333 1551 381 διὰ
1578 332 1773 395 σιδήρων

272 409 459 465 εἰδότας,
505 411 574 470 ἐφ’
622 401 657 469 ᾧ
701 406 805 461 τοὺς
847 407 927 464 μὲν
970 404 1086 462 πρὸς
1127 405 1232 459 τοὺς
1277 399 1456 449 ἄνωθεν
1481 407 1562 450 τοῦ
1594 405 1768 460 τείχους

119 487 160 523 Ρ.
187 488 259 522 312
271 479 507 538 μάχεσθαι,
540 480 642 532 τούς
672 479 720 523 δὲ
742 476 979 533 ἐκεχειρίαν
1003 473 1119 530 ἔχειν
1139 474 1349 519 ἐντεῦθεν
1378 470 1457 518 τὸν
1477 470 1648 530 πύργον
1677 475 1766 518 διο-

271 547 453 607 ρύττειν.
505 547 554 593 οἳ
578 549 650 592 καὶ
679 543 872 603 κορμοὺς
893 542 1038 600 ξύλων
1071 542 1246 602 εἰσῆγον
1265 537 1362 587 α’ντὶ
1381 545 1471 586 τῶν
1492 542 1766 599 ἐξαγομένων

270 619 415 663 λίθων
427 631 436 641 ’
459 617 585 674 μέχρι
601 617 648 661 δὲ
663 618 741 674 τῆς
758 612 879 667 ἐντος
896 613 1156 672 ἐπιφανείας
1173 608 1441 671 ἐφθακότες,
1464 608 1526 664 ὥς
1538 611 1612 655 καὶ
1628 605 1767 668 αὐγήν
1785 618 1807 653 5

270 704 366 731 τινα
385 686 564 732 ἐκεῖθεν
579 683 800 730 εἰσιοῦσαν
823 680 1095 734 θεάσασθαι,
1119 683 1210 737 πῦρ
1237 675 1504 736 ἐμβαλόντες
1527 679 1771 737 ἐνέπρησαν

272 753 377 808 τούς
404 752 610 811 κορμούς.
661 750 832 797 τούτων
862 751 910 796 δὲ
941 749 1320 809 ἕκτεφρωθέντων
1343 748 1503 806 συνέβη
1535 745 1614 792 τὸν
1636 753 1662 791 Ι
1667 744 1770 791 ὀνά-

272 842 350 883 την
395 823 471 868 ἐπὶ
514 823 652 866 πλέον
694 823 912 881 κλιθῆναι,
961 816 1023 872 ὥς
1067 816 1127 879 μὴ
1171 813 1454 861 ἀπολωλέναι
1498 815 1579 878 τὴν
1606 818 1771 877 κλῆσιν.

273 891 478 950 ἐμβόλοις
508 891 556 936 δὲ
585 891 657 935 καὶ
695 887 905 948 οἰκήμασι
945 885 998 933 τὸ
1043 888 1283 932 ἐπίλοιπον
1316 883 1645 943 περιζώσαντες
1681 891 1772 930 τῶν

271 964 427 1016 τειχῶν
471 961 543 1004 καὶ
585 958 663 1004 τὸν
709 956 833 1012 ἐκτός
863 954 1034 1002 τούτων
1079 955 1355 1012 διακείμενον
1399 952 1574 1015 τάφρον
1616 953 1679 1008 αἷς
1723 955 1769 999 ἐν
1789 965 1812 998 κ

272 1032 388 1089 ῥιπῇ·
411 1026 725 1087 πληρώσαντες
754 1024 931 1080 κόνεως,
979 1023 1039 1079 ιῦς
1076 1023 1141 1078 εἷς
1169 1025 1275 1081 μίαν
1312 1020 1576 1083 ἐπιφάνειαν
1605 1040 1770 1084 συναφ·

273 1101 408 1158 θῆναι
449 1101 547 1151 ταῖς
590 1098 658 1157 ἐφ’
705 1093 888 1153 ἑκάτερα
934 1094 1276 1152 παρακειμέναις
1319 1089 1538 1147 πεδιάσιν,
1583 1089 1644 1146 ὥς
1673 1090 1772 1137 ἐνὸν

271 1170 349 1226 τῆς
382 1167 643 1224 πολιορκίας
674 1163 859 1221 εἴχοντο.

387 1240 425 1281 2.
471 1232 518 1281 Ὁ
533 1235 581 1280 δέ
604 1233 814 1291 βασιλεὺς
830 1231 976 1279 πολλοὶ
994 1229 1208 1286 πολλάκις
1225 1228 1683 1290 ἇκριβολογησάμενος
1699 1232 1772 1276 καὶ

230 1308 259 1343 Β
273 1303 472 1363 διαγνοὺς
493 1301 716 1363 οἷμήχανον
746 1299 855 1348 εἶναι
878 1303 955 1364 τὴν
976 1303 1162 1347 Νίκαιαν
1183 1298 1305 1356 παρὰ
1324 1306 1415 1346 τῶν
1426 1296 1643 1345 ΙΛατίνων
1661 1300 1771 1344 ἁλῶ·
1787 1306 1812 1342 1⁴

273 1391 354 1427 ναι,
367 1370 446 1417 κᾶν
464 1370 609 1416 πάντα
624 1370 926 1428 ὑπερέβαλλον
943 1367 1157 1428 οἷριθμόν,
1172 1370 1217 1414 ἐν
1231 1369 1356 1427 μέρει
1371 1369 1453 1426 μὲν
1467 1372 1662 1413 παντοῖα
1675 1365 1771 1426 εἷ’δη

273 1439 523 1487 ἓλεπόλεων
539 1439 865 1494 κατασκευάσας
878 1442 949 1484 καὶ
965 1437 1019 1484 τὰ
1034 1439 1177 1483 πλείω
1193 1436 1365 1483 τούτων
1379 1434 1433 1483 οὗ
1446 1437 1557 1482 κατὰ
1570 1435 1674 1491 τούς
1684 1440 1774 1481 τῶν

271 1514 519 1569 μηχανικῶν
540 1509 750 1568 τρόπους,
781 1506 889 1554 ἄλλα
909 1511 1012 1554 καθ’
1042 1507 1219 1565 ἑτέρους
1238 1506 1360 1560 τινὰς
1377 1504 1536 1565 λόγους
1558 1501 1678 1565 αὐτῷ
1697 1507 1768 1551 δο-

270 1583 464 1633 κοῦντας,
499 1576 524 1624 ὃ
554 1580 627 1624 καὶ
655 1584 811 1636 θαῦμα
839 1582 950 1624 πᾶσι
987 1582 1186 1635 παρεῖχε,
1220 1581 1317 1630 τοῖς
1336 1574 1524 1635 κόμησιν
1547 1576 1773 1632 ἐκπέπομ-

271 1661 376 1708 φεν’
437 1649 604 1701 ἐκεῖνος
643 1648 691 1692 δὲ
728 1645 839 1704 μετὰ
872 1650 961 1691 τῶν
997 1644 1344 1703 παρατυχόντων
1380 1642 1668 1702 διαπεράσας,
1712 1641 1812 1696 aiga

407 1800 440 1834 3.
468 1798 655 1845 ἐντεῦθεν]
682 1795 776 1833 ὥστε
792 1798 828 1834 G.
1000 1799 1034 1834 5.
1061 1793 1180 1843 αὐγήν
1203 1796 1360 1843 scripsi:
1390 1791 1506 1840 αὐτήν
1528 1794 1568 1830 P.
1741 1797 1773 1831 9.

405 1843 620 1895 ὀρύγμασιῖ
878 1849 934 1882 11.
963 1847 1054 1896 ῥιπῇ
1079 1846 1150 1891 FC,
1179 1846 1277 1894 ῥοπῇ
1291 1845 1332 1881 P.
1591 1844 1646 1879 14.
1673 1839 1776 1890 ἀκρι-

406 1892 707 1943 βολογησάμενος
734 1896 806 1941 FC,
833 1892 1213 1943 (ἷκριβολογισάμενος
1226 1894 1266 1930 Ρ.
1436 1892 1491 1929 15.
1524 1890 1590 1938 τὴν
1614 1895 1777 1928 Νίκαιαν

407 1957 478 1982 om.
500 1945 536 1981 C.
713 1946 766 1980 19.
792 1946 1047 1992 ἐκπέπομφεν
1073 1945 1115 1990 F,
1143 1944 1374 1991 ἐκπέπομφε
1401 1941 1442 1978 Ρ.

271 2114 356 2147 rent
380 2114 417 2147 et
450 2115 646 2157 praeterea
680 2112 783 2158 alios,
818 2112 882 2159 qui
913 2114 1031 2150 turris
1064 2113 1312 2149 fundamenta
1348 2111 1611 2148 instrumentis
1642 2110 1775 2146 ferreis

273 2163 535 2204 concuterent3
576 2163 620 2196 ut
653 2161 708 2196 illi
749 2174 833 2198 cum
873 2163 1223 2210 propugnatoribus
1260 2165 1463 2203 certarent,
1503 2160 1543 2196 hi
1577 2159 1773 2205 tranquilli

273 2220 340 2244 nec
378 2209 566 2244 observati
594 2212 738 2245 turrem
765 2210 1020 2257 perfoderent.
1081 2211 1145 2258 qui
1181 2212 1295 2247 etiam
1328 2211 1456 2246 trabes
1487 2208 1556 2256 pro
1586 2208 1775 2254 lapidibus

274 2257 416 2292 effossis
432 2257 691 2300 immiserunt3
717 2271 878 2305 cumque
903 2263 1051 2295 tantum
1078 2260 1336 2306 profecissem,
1362 2262 1406 2295 ut
1429 2259 1649 2294 interiorem
1678 2256 1775 2292 muri

276 2304 507 2362 superficiem
536 2309 735 2352 tangerent
760 2308 956 2354 lucemque
982 2309 1069 2344 inde
1095 2312 1357 2354 penetrantem
1382 2308 1566 2351 viderent,
1605 2306 1694 2352 igne
1720 2306 1775 2341 in·

220 2381 227 2388 .
276 2358 372 2409 iecto
398 2354 530 2396 lignea*
551 2355 718 2390 subsidia
743 2357 1014 2403 incenderunt3
1042 2358 1178 2403 quibus
1205 2358 1411 2393 combustis
1435 2357 1572 2400 evenit,
1597 2358 1642 2390 ut
1656 2354 1775 2401 magis

278 2409 390 2438 etiam
429 2403 590 2439 Gonates
629 2404 875 2440 inclinaretur
923 2406 1082 2452 ideoque
1127 2418 1263 2442 nomen
1309 2418 1386 2442 non
1430 2404 1617 2451 perderet.
1691 2403 1776 2439 reli—

282 2463 391 2497 quam
419 2452 677 2507 muri-partem
705 2454 886 2489 arietibus
903 2455 1231 2500 testudinibusque
1257 2453 1588 2491 circumdederunt
1605 2452 1782 2498 fossaque

279 2503 387 2554 extra
412 2512 558 2536 moenia
584 2502 636 2537 sic
665 2505 767 2537 terra
787 2514 930 2539 summa
955 2505 992 2539 vi
1016 2508 1149 2539 ruente
1173 2504 1337 2550 oppleta,
1359 2507 1404 2539 ut
1434 2504 1475 2538 in
1509 2513 1623 2538 unam
1649 2513 1776 2547 super·

279 2547 398 2584 ficiem
426 2560 509 2584 cum
534 2551 674 2596 campis
701 2552 892 2597 utrimque
918 2552 1175 2588 adiacentibus
1201 2554 1506 2599 coniungeretur‚
1538 2562 1608 2598 pro
1631 2550 1776 2586 viribus

280 2598 554 2643 oppugnationi
581 2610 731 2644 operam
756 2600 908 2636 dab-ant.

371 2647 405 2681 2.
456 2645 526 2681 Sed
551 2647 758 2693 imperator
783 2660 824 2683 re
852 2661 959 2695 saepe
989 2654 1163 2686 accurate
1186 2662 1381 2696 perpensa,
1407 2661 1492 2685 eum
1519 2648 1775 2692 intellexisset,

273 2704 506 2740 nequaquam
527 2694 680 2732 Latinos
706 2699 876 2743 quamvis
901 2699 1018 2744 copiis
1044 2699 1319 2735 incredibiliter
1339 2698 1574 2734 abundantes
1598 2696 1774 2733 Nicaeam

274 2754 406 2788 capere
431 2755 547 2788 posse,
574 2745 762 2780 machinas
790 2747 910 2780 omnis
943 2748 1090 2792 generis
1116 2748 1270 2783 interim
1299 2747 1433 2784 confici
1464 2747 1586 2790 iussit,
1612 2756 1773 2792 quarum

274 2790 399 2837 plures
414 2803 488 2826 non
503 2792 642 2828 usitato
658 2794 968 2838 mechanicorum,
983 2796 1045 2831 sed
1061 2796 1145 2840 alio,
1161 2808 1269 2841 quem
1290 2797 1372 2842 ipse
1385 2795 1632 2842 excogitarat,
1651 2794 1774 2838 modo,

276 2851 371 2885 quae
397 2851 455 2875 res
481 2842 652 2877 omnibus
677 2843 772 2878 mira
798 2842 1008 2888 videbatur,
1026 2847 1219 2881 extructae
1244 2848 1365 2881 erant.
1408 2845 1475 2880 has
1500 2843 1605 2879 misit
1629 2842 1774 2878 comiti-

277 2888 369 2924 bus:
408 2888 487 2935 ipse
515 2890 762 2927 transfretans
787 2903 872 2929 eum
905 2892 1104 2936 militibus,
1135 2905 1229 2941 quos
1254 2894 1353 2930 forte
1394 2905 1519 2930 secum
1541 2892 1695 2938 habuit,
1732 2893 1776 2928 ut
1798 2943 1807 2947 ⁶
