1780 3138
241 220 321 260 106
744 226 911 262 ANNAE
940 225 1206 261 COMNENAE

82 350 123 388 V.
151 352 219 387 261
234 344 408 397 ἵππους
438 343 555 401 πρὸς
582 341 634 387 τὸ
656 343 814 387 πεδίον
834 340 1003 386 ἔλυσαν.
1039 340 1063 383 ὅ
1084 340 1132 384 δὲ
1152 336 1390 398 Ἰσαγγέλης
1409 340 1546 399 μέσης
1565 339 1729 401 ἡμέρας

234 415 314 457 τοῦ
346 410 471 471 ἡλίου
510 409 618 456 κατὰ
654 408 857 471 κορυφήν
895 409 975 463 τὰς
1011 409 1188 461 ἀκτῖνας
1223 405 1467 464 βάλλοντος
1507 413 1732 468 καρτερῶς

236 478 534 537 ὁπλισάμενος
562 479 675 537 μετὰ
706 482 796 523 τῶν
824 477 899 523 ὑπ’
931 473 1064 522 αὐτὸν
1095 474 1180 532 (εἷς
1198 478 1517 534 τετρακοσίους
1537 479 1586 524 δὲ
1606 496 1730 536 περι-

232 550 432 606 ΐσταντο)
472 546 632 608 αἴφνης
674 547 753 601 τὰς
798 546 940 601 πύλας
983 542 1161 603 ἀνοίξας
1201 544 1276 591 διὰ
1311 547 1449 606 μέσης
1477 550 1556 606 τῆς
1584 543 1732 592 αὐτῶν

237 620 522 678 παρεμβολῆς
563 615 776 676 ὥρμησεν.
842 614 1007 662 ὁπόσοι
1047 617 1128 672 μὲν
1169 607 1247 660 οὖν
1288 614 1500 673 ἐκθύμως
1537 614 1768 662 εἶώθασιῖ»

236 685 474 744 μάχεσθαι,
507 690 586 746 τῆς
614 686 781 732 ἑαυτῶν
821 688 933 745 ζωῆς
972 680 1292 745 ἀφειδήσαντες
1331 683 1411 730 τὸν
1450 687 1546 743 μετ’
1585 682 1732 731 αὐτῶν

192 753 463 809 Βὶστάμενοι
493 751 749 810 άνεδέξαντο
780 752 1005 810 πόλεμον·
1057 750 1100 797 οἳ
1129 753 1178 797 δὲ
1216 754 1372 798 λοιποὶ
1404 755 1622 814 φυγαδείᾳ
1649 752 1732 813 τήν

237 823 404 869 ἑαυτῶν
434 820 746 880 ἀπεπειρῶντο
779 822 1208 881 πραγματεύσασθαι
1248 824 1483 881 σωτηρίαν.
1539 819 1650 868 ἀλλὰ
1678 822 1730 868 τὸ

237 896 318 951 τῆς
347 890 563 946 πεδιάδος
593 887 695 948 εύρύ
726 892 798 936 καὶ
827 889 879 935 τὸ
906 890 964 950 μή
986 908 1028 935 τι
1052 890 1152 944 ἕλος
1171 894 1480 949 παρακεῖσθαι
1510 889 1540 950 ἢ
1568 890 1731 949 βουνὸν

239 958 264 1022 ἢ
292 958 496 1020 φάραγγα
525 965 622 1014 ταῖς
651 964 740 1004 τῶν
759 960 972 1004 Λατίνων
1000 959 1150 1016 χερσὶν
1178 957 1379 1014 ἅπαντας
1404 961 1729 1018 παραδέδωκεν.
1747 962 1780 996 Ῑ(

239 1029 372 1074 ἔνθεν
399 1046 467 1074 τοι
499 1030 570 1074 καὶ
601 1026 908 1086 παρανάλωμα
942 1031 1084 1088 ξιφῶν
1114 1026 1279 1082 πάντες
1308 1026 1557 1086 γεγόνασιν·
1590 1025 1730 1088 (ῗλίγοι

237 1098 285 1143 δὲ
315 1099 386 1142 καὶ
415 1099 757 1156 κατεσχέθησαν.
801 1095 918 1142 οὕτω
948 1101 1052 1155 γοῦν
1082 1101 1173 1142 τῶν
1199 1096 1411 1156 Τούρκων
1431 1116 1730 1158 καταστρατη-

236 1164 370 1227 γήσας
400 1164 509 1211 κατὰ
537 1170 618 1224 τῆς
639 1164 899 1223 Τριπόλεως
928 1171 1078 1224 χωρεῖ.
1124 1161 1265 1213 ἄνεισι
1293 1171 1398 1226 γοῦν
1426 1167 1623 1214 κατευθὺ
1656 1169 1730 1213 καὶ

237 1234 651 1293 προκαταλαμβάνει
698 1234 778 1295 τὴν
816 1231 1090 1296 άκρολοφίαν
1135 1240 1215 1281 τοῦ
1255 1233 1433 1295 άντικρύ
1470 1234 1732 1296 Τριπόλεως

237 1305 510 1361 διακειμένου
540 1308 715 1361 βουνοῦ,
747 1305 910 1362 μέρους
945 1299 1074 1359 ὄντος
1099 1309 1179 1351 τοῦ
1210 1304 1428 1363 Λιβάνου,
1469 1307 1539 1367 ἐφ’
1583 1297 1621 1365 ᾦ
1658 1307 1731 1351 καὶ
1747 1312 1780 1347 l!

239 1369 299 1426 ῶς
327 1368 536 1430 ὀχύρωμα
565 1376 724 1418 τοῦτον
757 1372 873 1429 ἔχειν
901 1374 974 1419 καὶ
1002 1372 1054 1418 τὸ
1086 1375 1133 1419 ἐκ
1153 1378 1234 1420 τοῦ
1255 1372 1460 1432 Λιβάνου
1491 1375 1732 1432 καταρρέον

238 1438 356 1498 ὕδωρ
388 1440 452 1494 εἰς
486 1443 700 1498 Τρίπολιν
737 1440 810 1487 διὰ
844 1446 925 1487 τοῦ
964 1447 1163 1500 πρανοῦς
1201 1448 1281 1489 τοῦ
1319 1442 1526 1490 τοιούτου
1566 1447 1731 1500 βουνοῦ

84 1511 126 1547 P·
152 1513 225 1548 330
239 1510 451 1565 ἐπισχεῖν.
512 1514 746 1569 τηνικαῦτα
777 1511 824 1556 δὲ
854 1510 971 1568 πρὸς
1001 1511 1080 1557 τὸν
1106 1514 1291 1570 βασιλέα
1315 1511 1371 1558 τὰ
1400 1511 1628 1571 συμβάντα
1658 1515 1728 1571 δη·

237 1576 383 1631 λώσας
409 1578 558 1639 ᾐτεῖτο
590 1578 889 1637 ἒρυμνότατόν
931 1598 973 1626 τι
1015 1577 1228 1639 ὀχύρωμα
1267 1583 1478 1640 γενέσθαι
1519 1581 1610 1640 πρὸ
1649 1585 1730 1626 τοῦ

236 1649 499 1703 καταλαβεῖν
529 1643 625 1693 α’πδ
655 1652 734 1692 τοῦ
765 1647 978 1706 Χοροσὰν
1011 1648 1219 1708 δυνάμεις
1249 1652 1461 1705 πλείονας
1499 1652 1572 1696 καὶ
1602 1668 1730 1695 κατα·
1744 1663 1780 1697 2(

234 1711 515 1773 γωνίσασθαι
538 1713 710 1770 αύτούς.
779 1716 803 1762 ὁ
837 1718 886 1763 δὲ
924 1717 1133 1775 βασιλεὺς
1167 1723 1230 1779 τῷ
1267 1721 1393 1766 δουκὶ
1424 1718 1617 1777 Κύπρου
1651 1718 1732 1780 τὴν

235 1787 314 1829 τοῦ
343 1782 554 1830 τοιούτου
585 1787 817 1842 πολιχνίου
848 1788 990 1833 κτίσιν
1015 1783 1207 1834 άνέθετο
1250 1786 1519 1849 ἐπισκήψας,
1549 1791 1622 1834 ἵνα
1658 1787 1731 1834 διὰ

372 1890 425 1925 12.
453 1889 494 1924 δὲ
521 1892 583 1925 καὶ
609 1891 652 1936 F,
681 1891 723 1927 δὲ
748 1889 888 1929 τούτων
913 1896 974 1928 καὶ
1000 1893 1045 1935 Α,
1072 1894 1114 1929 δὲ
1141 1894 1181 1931 Ρ.
1274 1890 1623 1941 καταστρατηγήσας
1649 1894 1728 1939 FA,

368 1935 675 1995 καταστραγήσας
698 1940 740 1976 P.
945 1944 1000 1978 13.
1030 1939 1258 1990 Τριπόλεως]
1288 1939 1404 1987 πάλης
1430 1943 1467 1979 C.
1674 1945 1728 1979 19.

367 1984 605 2080 ἶὲςόρὲυρωμα
631 1989 675 2034 F,
700 2003 731 2025 τι
758 2002 831 2027 om.
857 1990 934 2027 PA.
1163 1993 1220 2028 21.
1249 1989 1379 2032 αὐτοὺς
1403 1991 1442 2038 C,
1468 1989 1573 2027 αὐτοὶ
1598 1992 1641 2036 F,
1666 1989 1728 2027 αὖ·

233 2164 305 2198 que
331 2153 535 2199 quidquam
557 2153 690 2190 hostile
716 2156 895 2202 suspicati
914 2169 1028 2204 equos
1057 2158 1104 2194 ad
1122 2162 1271 2205 pastum
1289 2159 1330 2195 in
1350 2170 1501 2206 campos
1517 2158 1729 2194 dimittunt.

231 2201 415 2247 Isangeles
454 2205 579 2238 autem
629 2204 704 2240 sole
744 2205 900 2242 meridie
954 2207 1117 2244 instante
1157 2208 1364 2245 verticibus
1424 2210 1593 2244 armatus
1644 2219 1730 2244 eum

233 2250 308 2285 suis
332 2250 456 2295 (erant
481 2254 605 2287 autem
632 2253 783 2289 circiter
809 2254 1094 2302 quadringenti)
1131 2258 1253 2302 portis
1283 2260 1439 2303 repente
1465 2256 1663 2303 patefactis
1688 2256 1728 2292 in

232 2298 355 2333 media
379 2298 586 2335 Turcarum
613 2304 736 2337 castra
760 2303 950 2349 irrumpit.
1002 2304 1058 2340 ibi
1091 2317 1231 2347 omnes,
1265 2307 1331 2352 qui
1371 2306 1525 2342 fortiter
1561 2317 1730 2352 pugnare

233 2351 513 2390 consueverant,
543 2351 641 2386 vitae
666 2363 740 2385 non
778 2355 974 2397 parcentes
1009 2365 1137 2399 pugna
1163 2358 1316 2401 accepta
1345 2354 1461 2391 Gallis
1487 2354 1729 2399 restiterunt;

232 2396 348 2431 ceteri
373 2396 462 2442 fuga
486 2399 627 2434 servari
653 2399 865 2436 studebant.
921 2401 984 2437 sed
1018 2403 1106 2448 quia
1146 2407 1251 2439 vasta
1277 2404 1402 2450 patuit
1438 2403 1627 2449 planities,
1653 2414 1728 2438 non

233 2444 367 2489 palude
391 2446 450 2481 vel
483 2447 629 2483 tumulo
667 2447 809 2485 fossave
835 2450 1056 2497 intercepta,
1084 2455 1238 2488 cunctos
1265 2452 1394 2489 Latini
1433 2453 1473 2488 in
1501 2454 1729 2498 potestatem

233 2492 459 2538 redegerunt
485 2496 686 2542 paucisque
714 2497 752 2532 in
791 2499 1051 2544 captivitatem
1089 2500 1260 2537 deductis
1297 2501 1423 2548 gladio
1465 2501 1630 2546 reliquos
1665 2500 1734 2536 abs

233 2546 481 2586 sumpserunt.
532 2543 584 2579 sic
609 2544 741 2580 Turcis
766 2546 961 2583 debellatis
977 2547 1149 2595 Tripolin
1179 2550 1366 2596 Isangeles
1391 2550 1505 2596 pet-iit
1530 2550 1729 2595 primoque

233 2588 395 2625 adventu
421 2592 599 2628 verticem
623 2593 739 2633 collis,
767 2607 862 2640 quae
878 2599 934 2631 est
960 2608 1046 2642 pars
1064 2597 1202 2634 Libani
1228 2600 1377 2644 montis,
1396 2598 1573 2634 adversus
1596 2598 1728 2633 urbem

232 2642 400 2683 occupat,
427 2642 470 2674 ut
509 2644 547 2676 et
575 2645 783 2678 castrorum
823 2645 936 2679 situm
973 2646 1266 2682 munitissimum
1308 2647 1463 2683 haberet
1498 2650 1537 2682 et
1574 2646 1728 2688 fontem,

233 2686 298 2742 qui
321 2686 434 2723 ducto
461 2700 527 2732 per
546 2690 651 2725 collis
676 2690 834 2727 declivia
860 2705 972 2739 opere
990 2694 1162 2740 Tripolin
1187 2696 1233 2732 de
1258 2696 1405 2732 Libano
1431 2695 1585 2735 fluebat,
1613 2696 1728 2731 inter-

232 2738 383 2790 ciperet.
451 2739 532 2771 tum
566 2739 612 2773 ab
639 2740 878 2786 imperatore,
917 2742 988 2787 eui,
1015 2755 1111 2789 quae
1135 2748 1276 2790 egerat,
1302 2745 1510 2785 nuntiarat,
1537 2743 1650 2790 petiit
1673 2746 1727 2788 ut,

232 2795 449 2840 priusquarn
467 2786 634 2840 'maio-res
660 2800 682 2822 a
702 2788 912 2825 Chorosane
937 2791 1067 2836 copiae
1092 2793 1266 2829 venirent
1282 2793 1458 2840 ipsosque
1474 2793 1728 2834 devincet-ent,

231 2834 396 2867 castrum
422 2833 477 2868 ibi
502 2834 770 2872 validissimum
807 2841 1010 2875 extrueret.
1076 2840 1204 2887 itaque
1242 2842 1450 2888 imperator
1486 2841 1600 2888 Cypri
1640 2840 1726 2877 duci

232 2880 345 2917 talem
366 2893 487 2918 arcem
505 2883 733 2920 condendam
761 2885 922 2922 tradidit
939 2887 1047 2934 eique
1065 2890 1261 2936 negotium
1286 2891 1404 2937 dedit,
1427 2893 1471 2927 ut
1488 2889 1614 2927 omnia
1631 2901 1728 2936 quae
1778 2913 1780 2915 -
