1806 3132
275 218 359 262 622
789 228 966 266 GAROLI
995 230 1235 266 DUGANGII

273 342 482 386 cosiadem
526 342 627 386 olim
670 344 924 400 appellatam
960 345 1127 388 videtur
1169 344 1340 388 innuere
1369 345 1597 401 Procopius
1624 346 1697 390 lib.
1718 348 1756 392 2.

274 399 326 442 de
354 399 475 443 Bello
503 400 618 443 Pers.
648 414 744 457 pag.
766 401 832 445 54.
862 402 986 456 prior.
1008 401 1119 444 Edit.
1140 401 1262 444 Mons
1292 415 1388 445 vero
1419 402 1487 446 cui
1511 403 1759 447 imminebat

274 456 377 500 adeo
414 456 526 500 altus
555 470 641 500 esse
668 458 854 501 traditur
883 471 908 501 a
929 458 1218 501 Willebrando
1247 459 1300 502 ab
1329 458 1580 515 Oldenborg,
1609 464 1657 504 ut
1682 474 1758 504 suo

274 513 487 556 cacumine
514 513 694 557 nubibus
721 515 908 558 innitens
935 528 1104 559 cursum
1122 514 1404 559 Planetarum
1424 520 1601 570 putetur
1630 518 1759 572 impe-

274 569 379 614 dire.
437 570 553 613 Duos
582 570 696 614 intra
716 571 1003 615 Antiochenae
1032 571 1219 614 civitatis
1250 572 1457 615 ambitum
1487 574 1648 616 montes
1677 574 1758 616 mi-

273 638 344 669 rae
374 625 635 670 celsitudinis
665 628 836 671 existere
861 629 983 671 autor
1026 628 1088 671 est
1113 627 1154 671 S.
1181 628 1422 672 Antoninus
1446 630 1484 671 2.
1515 631 1625 684 part.
1644 631 1757 673 Hist.

273 683 342 725 tit.
367 683 433 726 16.
470 696 559 739 cap.
590 684 656 727 13.
703 684 775 739 qui
805 685 915 727 valle
965 684 1302 739 profundissima,
1345 685 1416 728 sed
1457 687 1757 742 angustissima

273 740 532 794 separantur,
563 753 636 795 per
656 754 782 795 quam
802 741 964 784 torrens
984 741 1180 784 dimissus
1201 754 1272 796 per
1291 741 1475 784 medium
1494 742 1634 786 influit
1655 744 1759 787 civi-

273 796 419 839 tatem.
478 797 528 839 In
573 797 722 840 horum
767 797 940 841 alterius
983 798 1151 854 vertice,
1199 798 1271 853 qui
1301 798 1468 842 videtur
1496 800 1757 854 eminentior,

273 853 402 895 situm
433 853 495 896 est
528 853 785 908 praesidium
825 854 1167 906 munitissimum,
1210 854 1351 910 inquit
1384 855 1455 897 Fr.
1490 856 1758 910 Quaresmius

273 909 346 952 lib.
358 909 395 952 7.
437 909 645 953 Elucidat.
677 910 831 954 Terrae
862 910 1052 954 Sanctae.

236 976 263 1012 c
413 962 502 1024 Τὴν
529 960 784 1023 Ἀντιόχου]
830 967 966 1023 Capta
996 968 1060 1011 est
1093 981 1118 1011 a
1155 967 1309 1012 nostris
1339 968 1568 1013 Antiochia
1589 971 1628 1013 3.
1661 971 1752 1014 Iun.

274 1023 356 1066 An.
376 1032 582 1067 MXCVIH.
612 1024 677 1066 uti
706 1025 861 1079 habent
890 1024 1090 1068 Albertus
1120 1025 1201 1080 Aq.
1233 1025 1306 1069 lib.
1328 1026 1368 1068 4.
1400 1039 1489 1082 cap.
1508 1027 1575 1070 25.
1608 1028 1649 1070 et
1679 1027 1754 1071 alii

273 1080 448 1134 passim:
477 1093 577 1123 nam
608 1080 702 1123 falli
732 1082 897 1124 constat
921 1082 1083 1136 Lupum
1109 1082 1446 1137 Protospatham‚
1499 1085 1571 1139 qui
1615 1097 1755 1128 mense

274 1136 413 1191 Aprili
447 1137 614 1191 captam
645 1137 784 1180 refert.

235 1199 293 1292 ct
407 1192 701 1249 Πολιορκεῖν]
735 1194 799 1238 Ι)6
819 1195 983 1238 obsessa
1011 1207 1036 1238 a
1057 1195 1204 1239 Turcis
1219 1194 1447 1240 Antiochia
1463 1197 1597 1253 agunt
1616 1196 1757 1252 Scrip-

295 1262 385 1293 ores
416 1262 570 1294 omnes.

234 1313 261 1349 O
415 1302 504 1365 Τὴν
535 1308 746 1358 νικῶσαν]
780 1307 980 1352 Albertus
1010 1307 1092 1363 Aq.
1126 1308 1197 1351 lib.
1219 1309 1260 1352 4.
1291 1322 1380 1364 cap.
1401 1311 1468 1354 27.

228 1372 261 1407 D
407 1363 585 1415 Κσυλᾶ]
621 1363 754 1419 Capta
783 1365 893 1407 enim
911 1365 1023 1418 urbe,
1057 1365 1183 1408 Turci
1209 1366 1252 1408 in
1271 1366 1514 1422 Acropolim
1543 1367 1753 1423 fugerant,

272 1433 297 1463 a
327 1433 410 1476 qua
441 1434 524 1464 non
555 1434 690 1475 pauca
721 1421 893 1464 Francis
921 1421 1043 1465 illata
1075 1422 1227 1465 damna
1258 1424 1310 1466 ab
1341 1423 1638 1468 obsidentibus,

33 1484 260 1532 Pag.324.A
405 1473 632 1534 Λάμπην]
665 1478 824 1521 Paulus
855 1478 1081 1533 Episcopus
1111 1474 1312 1535 Λάμπης
1346 1479 1539 1523 interfuit
1566 1480 1751 1524 Concilio

273 1533 491 1588 Ephesino,
533 1538 593 1577 ut·
625 1547 671 1577 ex
701 1534 822 1578 Actis
867 1536 1061 1586 constat3
1107 1535 1178 1579 sed
1222 1537 1321 1579 urbs
1369 1537 1453 1580 ista
1490 1537 1536 1579 in
1567 1536 1752 1581 Cretensi

271 1589 494 1634 Provincia
523 1591 618 1645 fuit,
646 1592 695 1634 ut
725 1591 784 1635 ibi
816 1592 1007 1634 innuitur
1038 1593 1158 1646 parte
1178 1593 1218 1635 2.
1248 1593 1343 1636 Act.
1368 1594 1404 1636 1.

230 1653 261 1689 Β
409 1643 704 1706 Φιλομήλιον]
750 1649 859 1692 Urbs
901 1649 1113 1704 Phrygiae
1157 1648 1415 1705 Geographis
1451 1651 1564 1694 nota.
1639 1650 1753 1693 Hinc

272 1704 441 1747 tandem
473 1705 668 1748 docemur
702 1705 842 1760 oppidi
873 1718 1035 1758 nomen,
1068 1706 1178 1761 quod
1210 1707 1315 1749 mire
1344 1707 1618 1762 depravatum
1648 1707 1753 1763 legi-

271 1762 342 1803 tur
371 1761 482 1816 apud
512 1761 742 1816 Scriptores
757 1762 913 1805 Rerum
930 1762 1208 1818 Hierosolym.
1227 1763 1451 1807 Tudebodo
1482 1764 1593 1807 enim
1622 1764 1694 1807 lib.
1710 1764 1750 1807 4.

270 1817 483 1862 Philemia
512 1818 696 1869 dicitur3
726 1818 903 1862 Alberto
919 1818 1002 1874 Aq.
1031 1819 1103 1862 lib.
1126 1820 1167 1862 4.
1201 1832 1289 1874 cap.
1309 1820 1377 1864 40.
1407 1820 1480 1864 lib.
1502 1821 1541 1863 8.
1574 1833 1661 1876 cap.
1684 1822 1753 1864 38.

271 1875 314 1916 et
344 1875 469 1930 Tyrio
516 1875 588 1918 lib.
610 1875 650 1917 4.
695 1887 784 1930 cap.
808 1877 875 1918 20.
922 1876 995 1919 lib.
1017 1876 1056 1918 6.
1103 1888 1191 1931 cap.
1217 1877 1282 1919 10.
1348 1876 1458 1921 Urbs
1499 1877 1751 1921 finiminis.-

271 1931 453 1974 Roberto
469 1931 663 1975 Monach.
681 1932 753 1975 lib.
781 1933 819 1976 6.
836 1932 1035 1975 Baldrico
1065 1932 1138 1976 lib.
1148 1935 1187 1975 3.
1205 1932 1406 1977 Guiberto
1427 1934 1500 1978 lib.
1521 1935 1559 1976 5.
1576 1947 1664 1989 cap.
1682 1935 1750 1977 26.

272 1986 431 2031 Sanuto
461 1988 534 2031 lib.
558 1989 594 2031 1.
638 1989 745 2043 part.
769 1990 807 2031 2.
842 2002 929 2044 cap.
952 1990 991 2032 6.
1037 1990 1078 2032 et
1109 1989 1240 2044 Epist.
1265 1990 1330 2033 17.
1374 1990 1638 2035 Philomela.-
1680 1992 1752 2034 de—

270 2044 396 2099 nique
423 2046 575 2088 Iacobo
604 2045 654 2088 de
682 2046 871 2089 Vitriaco
901 2046 973 2089 lib.
997 2046 1034 2090 1.
1064 2059 1152 2101 cap.
1173 2047 1241 2090 99.
1272 2047 1314 2089 et
1343 2047 1499 2091 Autori
1527 2048 1640 2091 Hist.
1670 2048 1752 2091 Ex-

272 2101 363 2155 ped.
394 2101 531 2145 Asiat.
562 2101 721 2145 Frider.
750 2102 1012 2146 Philomena.

233 2164 261 2200 O
406 2160 708 2217 Ιραντεμανῆ]
754 2159 996 2203 Willelmus
1026 2160 1077 2203 de
1106 2159 1448 2213 &mmmm-mil,
1478 2160 1673 2217 Hugonis
1704 2174 1751 2204 ex

271 2213 419 2258 Alcide
447 2215 606 2258 Yvonis
626 2216 928 2260 Bellimontani
957 2215 1132 2259 Comitis
1163 2218 1264 2260 nata
1291 2217 1415 2270 filius,
1445 2217 1611 2260 Nobilis
1640 2218 1751 2261 Nor-

270 2283 460 2324 mannus,
482 2272 550 2315 cui
570 2285 672 2315 uxor
688 2272 770 2315 fuit
783 2273 959 2316 Mabilia
975 2273 1148 2317 Roberti
1165 2274 1376 2317 Wiscardi
1394 2274 1496 2329 filia,
1517 2275 1750 2318 Boemundi

269 2339 397 2371 soror.
457 2327 727 2384 Cognominis
757 2330 924 2385 etymon
945 2330 1085 2384 prodit
1107 2331 1380 2386 Epitaphium
1408 2331 1617 2387 Hugonis,
1639 2331 1749 2375 Wil-

268 2382 383 2427 lelmi
413 2385 610 2439 parentis,
642 2385 753 2441 apud
783 2386 1029 2429 Ordericum
1057 2387 1242 2430 Vitalem
1272 2387 1345 2431 lib.
1366 2388 1405 2430 8.

468 2441 643 2485 Mansio
676 2442 906 2486 Grentonis
930 2444 1108 2487 munitio
1140 2444 1297 2487 dicitur
1333 2444 1433 2496 eius,

475 2498 594 2542 Unde
620 2500 706 2553 fuit
735 2513 959 2555 coynomen
987 2501 1024 2543 ei
1051 2500 1196 2543 multis
1224 2500 1323 2543 bene
1350 2504 1506 2544 notum.

268 2552 330 2596 De
359 2554 574 2598 Willelmo
600 2556 736 2611 agunt
766 2557 1015 2600 Tudebodus
1052 2557 1123 2600 lib.
1146 2558 1185 2600 4.
1214 2570 1311 2612 pag.
1328 2558 1423 2600 796.
1470 2557 1632 2601 Albert.
1663 2557 1744 2612 Aq.

267 2609 338 2652 lib.
351 2610 390 2652 4.
414 2613 580 2666 cap.37.
599 2612 833 2656 Ordericus.
863 2613 936 2656 lib.
957 2615 995 2656 8.
1014 2614 1056 2657 et
1066 2615 1104 2656 9.
1132 2614 1355 2656 Baldricus
1374 2614 1448 2657 lib.
1464 2615 1502 2658 2.
1535 2626 1630 2669 pag.
1651 2615 1742 2657 114.

269 2664 494 2710 Guibertus
523 2668 596 2711 lib.
616 2669 654 2711 5.
687 2682 775 2724 cap.
801 2670 865 2712 15.
904 2670 1053 2726 Tyrius
1084 2670 1157 2713 lib.
1179 2671 1218 2713 6.
1251 2683 1338 2725 cap.
1361 2671 1399 2713 5.
1423 2671 1487 2713 10.
1512 2672 1577 2713 11.
1609 2670 1746 2713 Μ616-

268 2722 380 2765 terra
410 2723 482 2766 lib.
500 2724 540 2766 4.
572 2737 660 2779 cap.
678 2727 743 2768 21.
777 2726 819 2768 et
848 2726 1110 2769 Raimundus
1154 2727 1203 2770 de
1233 2727 1380 2782 Agiles
1424 2739 1521 2782 pag.
1546 2727 1638 2770 152.
1669 2727 1740 2770 ubi

268 2790 481 2833 perperam
511 2781 563 2823 de
592 2781 834 2826 Granduna
866 2783 1200 2839 cognominatur.
1278 2783 1436 2826 Extant
1461 2783 1661 2827 Mabiliae
1703 2784 1745 2826 et

270 2833 486 2878 Guillelmi
537 2836 890 2882 Grantimaisnilii
943 2840 1021 2883 filii
1078 2840 1323 2896 Diplomata
1374 2839 1426 2883 A.
1467 2849 1654 2884 MCXXH.
1703 2840 1744 2883 et
