1734 3120
501 223 766 261 ALEXIADIS
798 227 894 263 LIB.
924 229 1024 264 XIV.
1055 225 1094 264 9.
1465 224 1546 267 305

60 338 279 395 κατέλεγε·
317 337 423 392 ’τούς
450 339 499 383 δὲ
537 340 850 396 χυδαιοτέροις
893 344 1195 398 συναθροίσας
1238 342 1435 398 ἅπαντας
1476 347 1548 390 καὶ

60 403 160 452 ὅσοι
188 410 432 460 σκαπανεῖς
461 399 576 489 ᾖσαν
604 408 676 452 καὶ
705 409 812 465 περὶ
837 403 1004 467 ἶίροτρα
1043 413 1116 456 καὶ
1142 410 1253 467 βόας
1289 410 1541 495 ἠσχόληντο,

59 472 228 528 πάντας
254 474 506 534 συναγαγών
542 473 633 532 ἅμα
667 478 740 521 καὶ
780 478 949 532 τέκνοις
983 481 1054 523 καὶ
1093 483 1259 537 γυναιξὶ
1297 483 1370 526 καὶ
1413 481 1589 529 πόλινΒ

57 540 234 597 τούτοις
262 542 525 601 δειμάμενος
563 540 697 602 ἇγχοῦ
737 563 828 590 που
863 547 1275 603 Φιλιπποιπόλεως
1306 551 1377 594 καὶ
1408 552 1548 608 πέραν

21 605 196 668 5E1'1'Qov
216 615 297 656 τοῦ
327 615 533 669 ποταμοῦ
564 613 705 658 ἐκεῖσε
728 611 914 667 τούτοις
937 614 1182 675 μετῴκισεν
1210 614 1546 674 Λλεξιούπολιν

56 679 134 738 τήν
177 677 311 724 πόλιν
350 677 657 736 κατονομάσας
698 677 728 739 ἢ
772 683 845 726 καὶ
890 680 1183 740 Νεόκαστρον,
1217 704 1241 729 ο
1271 688 1344 730 καὶ
1380 688 1547 742 μᾶλλον

57 745 366 830 ἐπεκράτησεν,
403 744 749 805 ἀποδασάμενος
782 750 856 794 καὶ
894 748 1071 804 τούτοις
1111 748 1385 806 κᾶκείνοις’
1357 752 1547 810 αροὺρας

55 833 104 860 τε
133 817 207 860 καὶ
237 813 452 861 οἰνόπεδα
489 818 563 862 καὶ
603 816 745 871 οἰκίας
790 819 863 863 καὶ
906 823 1059 878 κτῆσιν
1098 816 1313 879 ἀκίνητον.
1383 817 1435 867 οὗ
1462 823 1547 881 μὴν

55 880 228 944 ἐφῆκεν
255 879 409 938 αὐτοῖς
445 881 655 943 άνίσχυρα
682 903 739 930 τα
770 889 860 931 τῶν
889 885 1059 932 δόσεων
1099 885 1191 933 ουδ’
1222 887 1375 948 ω’σπερ
1404 886 1547 935 Ἀδώ-

0 959 44 993 10
55 955 174 1006 νιδος
205 949 381 1012 κήπους
414 951 608 1014 σήμερον
643 950 893 1010 ανθοῦντας
928 957 1002 1000 καὶ
1032 950 1186 1013 αὔριον
1214 959 1544 1015 καταρρέοντας,

54 1017 163 1066 ἀλλὰ
190 1023 264 1066 καὶ
288 1020 634 1079 χρυσοβοὺλλοις
661 1021 809 1082 λόγοις
837 1023 920 1077 τάς
949 1023 1067 1079 πρὸς
1090 1024 1279 1079 τούτους
1299 1027 1545 1072 ἒνεπέὸωσε

55 1088 227 1146 δωρεὰς
254 1093 326 1135 καὶ
347 1092 427 1135 οὐκ
458 1089 522 1144 εἷς
551 1089 736 1145 τούτους
763 1091 931 1150 μόνους
949 1095 1291 1150 περιϊσταμένας
1319 1094 1398 1148 τὰς
1424 1094 1547 1152 χάρι-

52 1177 131 1212 τας
160 1157 355 1218 ε’στησεν,
387 1155 496 1204 ἆλλά
516 1161 589 1205 καὶ
618 1159 683 1214 εἰς
702 1163 805 1215 τοὺς
826 1162 874 1217 ἐξ
893 1158 1039 1207 αἰτῶν
1062 1164 1133 1207 καὶ
1156 1162 1262 1216 τούς
1291 1163 1341 1219 εξ
1367 1164 1584 1208 εκείνωνΟ

52 1228 339 1284 ὄιαδοσίμοις
370 1229 612 1285 πεποίηκε·
643 1230 715 1309 7.αέ
745 1228 918 1274 τοίτων
948 1232 1240 1290 διαρρυέντων
1268 1249 1311 1275 αι
1342 1236 1542 1290 γυναῖκες

0 1300 39 1335 15
51 1287 186 1349 αυθις
213 1299 303 1340 τῶν
331 1298 649 1355 δεδωρηιιένων
674 1293 940 1353 αντέχονται.
994 1298 1135 1354 οὕτως
1165 1301 1332 1353 ειεῖνος
1352 1299 1543 1362 ἕξὴπλου

51 1362 130 1417 τὰς
169 1362 361 1422 χάριτας.
436 1383 575 1410 ταυτα
622 1367 703 1423 μὲν
746 1365 863 1412 ου’τω
910 1368 1133 1423 λελέχθω·
1178 1369 1234 1413 τά
1276 1367 1355 1426 γὰρ
1401 1370 1542 1413 πλείω

52 1431 265 1489 παρείθη.
310 1432 383 1476 καὶ
414 1430 476 1492 μή
504 1451 572 1486 τις
600 1434 931 1494 ἑπιμεμφέσθω
960 1434 1042 1493 τήν
1071 1433 1279 1493 ἱστορίαν,
1315 1436 1375 1490 ὥς
1404 1438 1544 1498 δῆθεν

51 1501 392 1557 ὁωροδοκοῦσαν
418 1499 496 1560 τὴν
525 1501 789 1564 συγγραφήν.
832 1507 922 1547 τῶν
954 1501 1032 1563 γὰρ
1053 1505 1128 1548 νῦν
1158 1499 1299 1548 ὄντων
1328 1502 1544 1562 μάρτυρές

52 1567 138 1613 εἶσι
184 1569 347 1614 πολλοὶ
388 1571 480 1614 τῶν
524 1566 854 1630 ἄφηγουμὲνων,
901 1574 973 1616 καὶ
1016 1568 1096 1616 οὔκ
1149 1569 1202 1615 ἂν
1249 1574 1544 1631 ψευδηγορίας
1555 1579 1598 1615 V.
1626 1581 1693 1615 361

0 1634 272 1695 Βοᾶλοίημεν.
331 1639 403 1682 καὶ
432 1636 456 1683 ὁ
486 1640 567 1695 μὲν
594 1635 882 1697 αὐτοκράτωρ
913 1639 1060 1685 πάνθ’
1101 1638 1162 1694 (ὃς
1192 1641 1321 1699 ἐχρῆν
1350 1658 1544 1700 πεποιη-

50 1703 141 1758 κώς
168 1702 344 1762 ἀπάρας
377 1706 555 1752 ἐκεῖθεν
591 1706 656 1761 εἷς
691 1709 769 1768 τὴν
794 1711 998 1765 βασιλιδα
1031 1708 1166 1754 πόλιν
1207 1709 1542 1768 μετεσκηνώκει.

184 1787 218 1823 2.
244 1784 328 1822 ὅσοι
355 1793 558 1828 σκαπανεῖς
581 1790 737 1847 scripsi:
761 1787 864 1830 ὅσοις
888 1796 1069 1830 καπανοΐς
1087 1791 1157 1827 CP.
1262 1793 1296 1826 3.
1322 1803 1445 1838 γυναι,
1435 1792 1542 1838 ινΡ,

185 1836 343 1872 correxi.
453 1839 489 1873 4.
504 1835 686 1920 (ἐγχοῦῦ,
712 1835 887 1886 αχχουΡ,
964 1836 1313 1886 Φιλιππουπόλεως]
1340 1841 1376 1875 in
1396 1840 1423 1875 C
1439 1854 1467 1875 π
1492 1840 1543 1875 al-

183 1887 308 1920 terum
334 1884 420 1921 add.
438 1897 487 1921 m.
504 1887 541 1932 2,
566 1887 696 1923 eadem
721 1900 789 1926 εως
805 1900 936 1924 eeorr.
963 1890 1126 1945 scripsit.
1221 1890 1255 1924 5.
1280 1900 1487 1944 μετῳκισεν
1502 1888 1542 1934 Ρ,

185 1929 403 1980 μετώκησεν
425 1934 464 1970 C.
625 1937 657 1971 7.
681 1933 973 1994 ἀποδασάμενος
997 1938 1146 1992 scripsi:
1170 1933 1458 1993 affrodvaerripevog
1472 1937 1539 1972 GP.

185 1982 219 2016 8.
244 1985 366 2021 οἴκους
384 1982 440 2022 0¹,
466 1985 584 2023 οἰκίας
607 1983 694 2020 c2P.
860 1985 894 2021 9.
921 1982 1133 2031 Ἀὸώιιδος]
1154 1998 1171 2023 ς
1188 1986 1229 2020 in
1247 1985 1304 2020 C
1295 1997 1334 2020 m
1350 1997 1421 2020 ras.
1440 1997 1488 2021 m.
1504 1987 1537 2021 2.

187 2032 243 2113 ἑὲ.
263 2026 550 2114 ἔρυσρῖβοῦὶλοις
562 2032 610 2116 C&
614 2029 918 2128 xgvaogoblth.
982 2034 1071 2117 Ρ17.
1100 2033 1312 2117 παρείὶθὲῖῦ,
1339 2033 1540 2116 πὲρέθηίΡ.

185 2091 628 2185 οοτίρεῗῗοψίῗὲιόξκῖἔίαις
653 2130 693 2174 C,
675 2093 981 2186 ωριῖιειῗιῖἷῖόῖόιῗίς
1005 2131 1044 2165 Ρ.
1221 2132 1277 2165 20.
1292 2089 1366 2169 ²!AE
1377 2095 1484 2175 Ρῖγὲες)
1499 2095 1543 2165 ὃς

182 2175 240 2210 21.
265 2173 536 2222 μετεσκηιώκει
557 2177 595 2220 C,
619 2175 915 2225 μετεσκηνώσκει
941 2179 980 2214 P.

51 2249 161 2285 liores
186 2262 275 2287 vero
301 2255 340 2287 et
364 2251 524 2288 fossores
548 2254 688 2300 quique
714 2256 856 2291 circum
873 2259 998 2290 aratra
1017 2259 1052 2290 et
1073 2255 1146 2290 box
1148 2267 1185 2289 es
1203 2254 1389 2300 degebant
1407 2265 1535 2289 omnes

47 2309 132 2333 eum
157 2299 284 2335 liberis
308 2300 605 2348 mulieribusque
632 2305 854 2339 convocavit
878 2307 990 2349 atque
1016 2305 1055 2338 in
1081 2315 1127 2338 ux
1129 2304 1174 2338 be
1191 2303 1400 2345 collocavit,
1426 2313 1538 2348 quam

49 2348 128 2392 ipse
155 2360 272 2394 prope
298 2348 580 2396 Philippopolin
618 2351 719 2387 ultra
743 2352 909 2387 Hebrum
934 2351 1090 2386 fluvium
1116 2350 1328 2386 aedificarat
1354 2361 1539 2396 quamque

47 2395 298 2442 Alexiopolin,
324 2398 414 2439 sive,
443 2398 543 2444 quod
570 2401 687 2446 magis
714 2412 784 2435 usu
807 2401 977 2443 invaluit,
995 2400 1239 2435 Neoeastrum
1266 2399 1535 2434 nominaverat.

48 2444 219 2490 utrisque
240 2445 355 2481 etiam
381 2458 492 2492 agros
519 2447 644 2483 vineas
669 2448 797 2484 domos
821 2449 1163 2494 possessionemque
1187 2447 1415 2482 immobilem
1442 2446 1536 2482 divi-

47 2493 97 2527 sit
121 2504 189 2528 nec
215 2505 371 2530 munera
394 2506 470 2530 non
494 2494 660 2532 firmavit
698 2509 767 2532 nec
793 2496 977 2532 Adonidis
1017 2497 1213 2531 hortorum
1251 2496 1370 2530 instar
1406 2493 1537 2530 floren-

46 2541 143 2576 tium
167 2541 292 2584 hodie,
317 2554 399 2578 cras
424 2545 723 2580 evanescentium
749 2557 792 2580 ea
817 2556 893 2580 esse
919 2544 1051 2586 vomit,
1086 2544 1149 2579 sed
1187 2544 1298 2578 bullis
1324 2543 1446 2578 aureis
1483 2543 1538 2578 ita

0 2591 15 2625 ’ρ
48 2588 138 2625 haec
162 2590 209 2625 iis
236 2590 431 2637 stabilivit,
449 2595 495 2627 ut
519 2605 595 2628 non
626 2593 672 2628 iis
696 2594 782 2629 solis
807 2593 898 2629 haec
916 2592 1096 2628 beneficia
1121 2593 1318 2632 tribueret,
1343 2591 1406 2626 sed
1423 2592 1537 2627 etiam

45 2637 87 2672 in
118 2649 245 2673 eorum
270 2638 369 2675 filios
399 2644 629 2687 nepotesque
659 2644 904 2687 propagaret3
936 2642 1001 2687 qui
1028 2641 1058 2675 si
1087 2640 1267 2680 deessent,
1299 2639 1470 2674 mulieres
1495 2640 1535 2674 in

8 2691 10 2693 ’
45 2685 105 2721 ius
121 2687 344 2722 succedendi
359 2689 566 2725 substituit
616 2690 669 2726 sie
687 2690 750 2725 ille
767 2688 946 2724 beneficia
964 2688 1135 2725 conferre
1162 2688 1315 2723 solebat.
1355 2687 1419 2723 sed
1446 2688 1538 2723 haec

14 2774 16 2778 .
45 2733 238 2780 haetenus,
253 2747 478 2783 quamquam
493 2739 684 2773 omisimus
701 2738 874 2783 plurima.
915 2740 1093 2775 attamen.
1108 2748 1154 2771 ne
1170 2737 1252 2781 quis
1270 2735 1469 2771 historiam
1484 2737 1538 2771 vi·

9 2796 27 2826 '·;
46 2785 199 2828 tuperet
223 2785 363 2820 scilieet
383 2789 612 2832 corruptam,
628 2798 755 2822 eorum
774 2798 867 2831 quae
885 2785 1080 2820 retulimus
1099 2785 1208 2819 multi
1226 2783 1410 2830 hodieque
1424 2788 1538 2819 testes

10 2831 192 2876 vivunt,
215 2843 284 2868 nee
309 2833 495 2870 mendacii
519 2846 731 2881 arguamur.
781 2835 892 2869 rebus
918 2834 1038 2880 igitur
1063 2833 1236 2868 omnibus
1261 2836 1305 2867 ut
1340 2844 1434 2878 opus
1458 2835 1538 2868 erat

11 2880 270 2926 sseompositis
294 2881 409 2918 rediit
434 2883 641 2928 imperator
678 2884 716 2918 in
755 2883 897 2929 regiam
939 2882 1083 2926 urbem,
1119 2892 1322 2927 rmsusque
1359 2892 1442 2916 cum
1474 2880 1538 2915 Cu-

120 2951 238 2987 Anna
263 2951 458 2989 Comama.
514 2956 571 2990 ΙΙ.
1235 2953 1283 2987 20
