1812 3184
520 236 788 276 ALEXIADIS
818 237 913 274 LIB.
941 237 1008 274 XI.
1045 232 1082 274 2.
1491 228 1546 272 79

45 357 161 413 μίας.
197 357 358 402 πείθει
385 355 497 410 τούς
519 353 748 414 Τοὺρκους
764 357 839 401 καὶ
856 354 1015 410 νυκτός
1041 357 1276 414 διανοίγων
1304 351 1547 401 ἀπέστελλε

45 423 235 479 τούτους
262 423 338 471 dui
370 428 449 486 τῆς
478 426 805 483 παρακειμένης
831 425 987 483 λίμνης
1024 420 1201 483 ὀλίγους
1238 426 1312 469 καὶ
1348 423 1596 481 συχνάκιςΙ)

46 493 166 552 πρός
190 512 241 540 τε
269 492 352 540 τὸν
378 491 650 552 Ῥοδομηρὸν
685 494 758 538 καὶ
796 491 878 538 τὸν
912 491 1245 551 μιξοβάρβαρον
1278 497 1551 551 ΙΡΙοναστρᾶν

44 559 162 622 ἀμφὶ
191 561 244 609 τὸ
275 563 506 619 πολίχνιον
531 563 886 620 ἐνδιατρίβοντας
921 560 975 607 τὸ
1008 561 1182 607 οὑτωσί
1220 580 1322 616 πως
1357 566 1439 606 τοῦ
1478 580 1549 606 κυ-

9 635 128 690 Βροῢ
158 633 385 691 Γεωργίου
415 629 807 688 ἐπονομαζόμενον
856 628 1115 692 ἐπισκήψας
1144 633 1298 684 αὐτοῖς
1329 630 1400 684 ὥς,
1433 629 1549 689 ὁπη-

45 701 143 745 νίκα
172 703 264 746 τῶν
298 704 412 746 νεῶν
441 694 675 756 αποβαῖεν,
709 702 979 758 παραχρῆμα
1014 700 1333 756 ἐκπέμπεσθαι
1363 697 1550 752 τούτους

43 769 163 827 πρὸς
198 767 279 814 τὸν
313 763 620 826 αὐτοκράτορα
656 786 730 812 και
766 769 878 827 μηδὲ
916 767 1035 825 πρὸς
1068 767 1234 826 βραχυν
1262 786 1360 813 τινα
1391 766 1550 825 χρόνον

43 838 366 895 παρακατέχειν
393 833 531 883 αι’-τού
524 855 568 891 ς,
597 838 671 881 ἵνα
691 835 752 897 μὴ
772 835 886 893 μετὰ
905 840 996 881 τῶν
1025 831 1225 883 ὄπισθεν
1243 837 1551 894 πεμπομένων

49 906 140 953 Τοί·
142 925 263 964 ρκων
293 906 541 960 ενωθέντες
569 905 727 955 σκαιόν
756 924 799 952 τι
828 909 922 951 κατ’
955 907 1103 951 αὐτων
1135 905 1436 967 μελετήσαιεν.
1492 907 1546 950 τὸ

0 986 32 1021 ,0
43 977 93 1022 δέ
121 971 209 1034 ἆρα
237 977 495 1037 προφητεία
527 967 579 1036 ἦν
607 970 815 1033 ι’ίντικρυς
840 976 914 1020 καὶ
944 979 1023 1035 τῆς
1063 977 1235 1035 πολλῆς
1265 979 1345 1020 τοῦ
1390 971 1551 1032 ἀνδρὸς

45 1047 214 1092 ἐκείνου
244 1046 481 1103 ἐμπειρίας
509 1043 763 1102 στοχασμὸς
789 1040 1116 1104 ἆναντίρρητος.
1158 1046 1231 1090 καὶ
1261 1044 1341 1103 γὰρ
1376 1044 1465 1090 ἔστ’
1498 1041 1551 1088 ἷὶν
1562 1050 1603 1085 Ρ.
1630 1050 1702 1087 315

43 1113 152 1171 ταχῑῖ·
181 1114 301 1172 πρὸς
326 1114 408 1160 τὸν
436 1110 751 1173 αὐτοκράτορα
776 1114 883 1169 τούς
914 1113 1331 1171 καταλαμβάνοντας
1362 1112 1551 1170 ἐξέπεμ-

43 1201 147 1237 πον,
179 1183 226 1229 ἐν
257 1178 481 1245 ἀσφαλείᾳ
510 1201 560 1228 τε
589 1175 701 1243 ἦσαν
729 1185 803 1229 καὶ
833 1184 980 1237 οὐδεὶς
1009 1179 1165 1236 αἰῗτοῖς
1201 1184 1400 1235 κίνδυνος
1430 1182 1552 1241 ἐφει-

43 1249 216 1312 στήκει·
262 1250 380 1298 ἐπὰν
410 1253 460 1298 δὲ
487 1247 884 1306 ἀναπεπτώκεσαν,
933 1250 957 1296 ὁ
997 1250 1121 1308 παρὰ
1161 1255 1253 1296 τῶν
1298 1249 1549 1307 βαρβάρων,

0 1331 31 1365 ,5
47 1316 127 1374 οὓς
150 1315 238 1378 ἶίρα
266 1322 616 1378 παρακατέσχον,
649 1324 744 1366 κατ’
776 1322 923 1366 αὐτῶν
953 1318 1190 1380 ἐξηρτύετο
1218 1320 1431 1373 κίνδυνος.
1480 1319 1552 1363 καὶ

44 1387 126 1447 γὰρ
155 1387 483 1444 πλεονάσαντες
509 1388 800 1446 ἐβουλεύοντο
832 1392 959 1435 δυοῖν
987 1387 1198 1446 θάτερον,
1222 1386 1250 1448 ἢ
1270 1386 1427 1441 νυκτὸς
1456 1387 1550 1432 ἐπι·

43 1458 230 1515 θέμενοι
260 1456 440 1513 τούτοις
473 1454 733 1504 ἀποκτεῖναι
756 1456 785 1503 i*
816 1455 1049 1515 δεσμώτας
1066 1461 1132 1517 τῷ
1152 1455 1382 1516 σουλτάνῳ
1410 1472 1550 1512 προσ-

45 1531 250 1584 ενεγκεῖν.
308 1526 604 1584 συνδόξαντος
646 1527 696 1572 δὲ
748 1531 862 1574 πᾶσι
912 1526 1075 1572 τούτου
1112 1527 1353 1582 βελτίονος,
1397 1523 1553 1578 νυκτὸς

46 1591 202 1650 αι’-τοῖς
219 1596 485 1654 ἐπιθέμενοι
504 1594 739 1653 δεσμώτας
763 1595 876 1641 κατὰ
894 1614 949 1640 τα
962 1597 1382 1653 προβεβοιᾘλειμένα
1397 1592 1551 1651 περιά-

0 1674 199 1722 ὶογοντες
229 1665 412 1710 ἐκεῖθεν
441 1663 636 1727 ἐξῄεσαν.
685 1661 783 1710 εἶτα
803 1663 857 1724 dr}
887 1682 971 1722 την
988 1661 1264 1724 ακρολοφίαν
1284 1667 1364 1708 τοῦ
1384 1659 1551 1719 Ἀζαλᾶ

44 1731 364 1794 κατειληφότες
409 1733 573 1793 (τόπος
616 1735 665 1779 δέ
695 1752 828 1788 ουτος
865 1735 1074 1788 σταδίοις
1090 1770 1246 1779 ......
1261 1737 1351 1778 τῶν
1394 1735 1594 1788 τειχῶνΒ

45 1803 234 1856 Νικαίας
261 1797 474 1860 ἀπέχων),
509 1808 635 1848 κεῖθι
663 1806 781 1862 γοῦν,
820 1821 884 1856 ως
905 1801 1048 1861 λόγος,
1079 1800 1433 1860 παραγενόμενοι
1462 1804 1553 1845 τῶν

178 1934 217 1970 4.
243 1934 543 1981 ἐνδιατρίβοντας
562 1935 606 1979 F,
642 1935 918 1981 ἐδιατρίβονῑας
941 1935 982 1979 Ρ,
1010 1935 1267 1981 διατρίβοντας
1291 1933 1329 1970 C.
1435 1932 1477 1969 τὸ
1504 1934 1549 1979 F,

178 1983 244 2018 τοῦ
269 1983 311 2019 Ρ.
549 1986 605 2020 16.
630 1984 736 2019 δυοῖν
761 1983 804 2029 F,
831 1984 933 2019 δυεῖν
956 1983 995 2019 Ρ.
1232 1984 1286 2018 18.
1314 1982 1357 2017 δὲ
1380 1982 1423 2027 F,
1450 1983 1489 2018 τὲ
1505 1982 1546 2018 Ρ.

179 2031 274 2067 πᾶσι
298 2028 428 2067 τούτου
449 2032 493 2077 F,
518 2029 647 2068 τούτου
670 2032 766 2068 πᾶσι
791 2012 832 2071 P.
1216 2033 1271 2068 19.
1297 2027 1507 2078 ἀπάγοντες
1528 2031 1547 2066 ⁰?

179 2080 237 2116 21.
265 2081 439 2120 σταδίους
462 2082 525 2104 *⁴³*
550 2080 601 2117 P:
626 2082 668 2117 in
692 2081 725 2118 F
752 2093 818 2118 sex
842 2081 1058 2117 litterarum
1082 2080 1230 2117 lacuna.

43 2220 241 2265 portisque
265 2222 382 2256 noctu
407 2220 550 2267 apertis
590 2232 659 2266 per
692 2219 815 2256 lacum
851 2218 1009 2255 subinde
1034 2218 1147 2254 simul
1173 2230 1312 2265 paucos
1350 2219 1476 2255 emisit
1501 2217 1549 2254 ad

44 2267 298 2304 Rodomerum
338 2272 378 2305 et
408 2268 641 2305 Monastram
686 2268 1009 2312 mixobarbarum,
1059 2268 1126 2314 qui
1162 2268 1411 2304 morabantur
1448 2269 1548 2304 cirea

45 2316 270 2363 oppidulum
294 2329 317 2352 a
340 2317 429 2354 divo
454 2317 618 2364 Georgio
644 2318 900 2362 nominatum3
937 2317 1073 2363 quibus
1098 2316 1309 2361 mandarat,
1348 2320 1393 2352 ut
1418 2318 1549 2352 statim

43 2376 108 2401 eos
132 2366 293 2402 navibus
317 2377 485 2413 egressoe
510 2367 559 2402 ad
584 2368 856 2413 imperatorem
881 2366 1079 2402 mitterent
1104 2377 1148 2401 ae
1174 2377 1222 2401 ne
1246 2365 1443 2411 paululum
1467 2366 1548 2412 qui-

43 2413 129 2450 dem
156 2415 339 2461 temporis
362 2417 586 2460 retinerent,
626 2427 675 2451 ne
698 2415 895 2452 coniuncti
928 2415 1215 2460 insequentibus
1252 2413 1385 2450 Turcis
1425 2414 1549 2450 scaevi

42 2462 138 2509 quid
160 2463 204 2498 in
228 2465 330 2509 ipeos
356 2467 602 2510 temptarent.
652 2464 727 2500 fuit
752 2464 844 2500 haee
868 2463 980 2509 plane
1005 2463 1208 2508 prophetia
1224 2463 1410 2509 quaedam
1434 2466 1547 2509 atque

42 2511 312 2558 inrefragabile
337 2525 497 2559 magnae
522 2513 597 2548 viri
609 2513 892 2549 exercitationis
911 2512 1184 2547 testimonium.
1210 2511 1336 2558 quoad
1352 2512 1451 2547 enim
1481 2512 1549 2558 qui

42 2559 275 2597 advenerant
297 2561 497 2597 confestim
522 2561 570 2597 ad
595 2562 864 2608 imperatorem
890 2561 1154 2604 mittebantur,
1179 2560 1219 2596 in
1247 2563 1333 2596 tuto
1352 2563 1463 2596 erant
1481 2571 1550 2596 nee

0 2639 2 2643 .
42 2608 254 2655 perieulum
279 2610 327 2645 iis
347 2610 590 2655 imminebat;
615 2614 657 2646 at
680 2610 944 2657 languescente
974 2609 1176 2655 diligentia
1203 2621 1226 2644 a
1242 2609 1428 2652 barbaris,
1455 2620 1549 2654 quos

42 2657 271 2700 retinebant,
293 2659 463 2704 pericula
488 2660 535 2694 iis
569 2659 830 2695 struebantur.
880 2658 946 2704 qui
977 2657 1254 2693 numerosiores
1283 2657 1376 2693 faeti
1410 2657 1548 2693 delibe-

0 2707 3 2709 ’
41 2709 189 2751 munt,
213 2710 330 2743 noctu
357 2719 420 2743 eos
443 2707 681 2744 trucidarent
704 2719 752 2743 an
788 2710 918 2753 captos
943 2706 991 2742 ad
1014 2706 1203 2741 sultanum
1230 2706 1423 2742 ducerent.
1476 2705 1548 2741 hoc

0 2779 4 2799 ‚·
41 2765 128 2790 cum
153 2755 329 2791 omnibus
367 2755 502 2791 melius
535 2756 741 2801 videretur,
776 2758 892 2791 noctu
927 2756 967 2790 in
995 2754 1184 2790 Romanos
1214 2755 1418 2801 insurgunt
1446 2755 1548 2789 vine-

0 2801 10 2853 ξΑ

42 2805 188 2849 touque,
220 2806 264 2839 ut
288 2805 389 2840 inter
418 2816 498 2840 sese
522 2807 787 2847 convenerant,
822 2803 1051 2840 abducentes
1081 2802 1271 2839 decedunt
1306 2803 1547 2849 perveniunt·

0 2861 9 2885 ,ἱ
43 2862 119 2898 que
142 2852 200 2887 ita
223 2853 263 2888 in
282 2855 465 2890 verticem
492 2853 630 2889 Azalae
666 2853 747 2900 (qui
771 2831 874 2889 l'oeus
902 2864 925 2887 a
950 2851 1109 2887 Nicaeae
1139 2852 1258 2887 muris
1416 2851 1549 2887 stadiis

0 2893 21 2941 ἶ
43 2903 211 2937 remotus
257 2902 330 2948 eet)
342 2928 354 2946 ‚
392 2902 460 2938 ubi
507 2914 553 2938 ex
599 2903 706 2948 equis
753 2901 968 2937 desilientes
1017 2899 1085 2936 hos
1128 2905 1410 2936 recreaverunt.
1485 2899 1549 2935 sed

0 2942 16 2992 ἱ
