1780 3138
243 231 321 272 108
741 227 905 262 ΑΝΝΑΕ
935 219 1200 258 COMNENAE

373 354 412 393 8.
490 344 669 391 Τούτων
716 339 831 387 οὕτω
876 335 1158 391 τελουμένων,
1217 330 1317 374 ἐπεὶ
1356 323 1723 386 τετελευτηκότος

239 422 317 464 τοῦ
341 424 364 462 I
371 414 566 475 ὀντοφρὲ
596 412 748 469 ἕτερον
779 408 869 454 ἔδει
903 403 1035 449 πάλιν
1065 405 1173 460 ῥῆγα
1204 396 1413 457 γενέσθαι
1442 393 1523 440 τὸν
1553 395 1721 439 ἐκείνου

239 482 570 543 ἀναπληροῦντα
599 478 741 525 τόπον
766 473 909 527 εὐθὺς
931 471 972 518 οἱ
994 472 1038 516 ἐν
1062 463 1385 526 Ἱεροσολύμοις
1406 466 1601 509 Λατῖνοι
1621 479 1722 519 μετ-

196 555 479 602 Βεκαλοῦντο
510 549 598 611 τὸν,
616 547 850 605 Ἰσαγγέλην
893 538 987 587 ἀπὸ
1031 534 1290 595 Τριπόλεως
1330 537 1437 594 ῥῆγα
1476 535 1568 577 τῶν
1593 530 1723 588 Ἱερο-

241 620 444 678 σολύμων
487 620 671 678 ποιῆσαι
714 615 956 663 ἐθέλοντες.
1015 606 1038 651 ὃ
1081 608 1128 651 δὲ
1172 601 1441 660 ἀνεβάλλετο
1486 602 1600 655 τέως
1643 598 1760 658 τὴνὸ

242 692 381 736 ἐκεῖσε
411 684 657 732 ἆπέλευσιν.
731 676 1013 730 εἰσελθόντος
1059 667 1136 720 οὖν
1180 671 1243 726 εἰς
1288 669 1368 731 τὴν
1411 667 1723 729 μεγαλόπολιν,

243 758 342 803 ἐπεὶ
382 752 732 811 ἀναβαλλόμενον
774 746 908 795 αὐτὸν
953 745 994 793 οὶ
1027 745 1074 791 ἐν
1113 740 1438 801 Ἱεροσολύμοις
1467 738 1723 799 ἐγνώκεσαν,

243 821 641 883 μεταπεμψάμενοι
671 819 750 865 τόν
784 818 1052 863 Βαλδουῖνον
1088 813 1193 870 περὶ
1223 809 1306 870 τήν
1328 805 1516 856 ’Ἑδεσαν
1534 806 1639 854 τότε
1661 808 1728 852 ἑν-

244 893 522 950 διατρίβοντα
552 894 657 949 ῥῆγα
681 884 994 945 Ἱεροσολύμων
1029 882 1309 939 κατέστησαν.
1371 877 1395 924 ό
1425 880 1509 936 μὲν·
1537 870 1615 924 οὖν
1648 881 1730 933 βα-

246 960 390 1014 σιλευς
418 958 495 1004 τόν
514 954 749 1015 ’[σαγγέλην
777 951 975 1012 ἀσμένως
1005 948 1348 1007 ἀποδεξάμενος,
1382 948 1483 993 ἐπεὶ
1512 945 1592 992 τὸν
1613 947 1780 991 Bai-1⁶

247 1032 421 1075 δουῖνον
449 1024 699 1084 μεμαθήκει
728 1023 806 1086 τὴν
836 1024 880 1068 ἐν
897 1017 1218 1079 Ἱεροσολύμοις
1249 1013 1384 1077 ἀρχὴν
1413 1011 1726 1072 ἀναδέξασθαι,

94 1109 136 1144 V.
163 1110 233 1144 262
248 1100 539 1154 παρακατεῖχε
574 1095 678 1152 μεθ’
721 1092 890 1146 ἑαυτοῦ,
935 1089 1122 1148 ὁπηνίκα
1151 1088 1225 1132 καὶ
1263 1084 1315 1132 τὸ
1357 1089 1450 1131 τῶν
1479 1081 1732 1142 Νορμάνων

96 1309 137 1345 P.
165 1309 232 1345 331

249 1163 475 1226 φοσσάτον
502 1164 736 1220 κατέλαβεν
765 1158 977 1222 ἡγεμόνας
1009 1159 1109 1215 ἔχον
1142 1154 1366 1217 ἀδελφοὺς
1400 1153 1479 1201 δύο
1504 1152 1732 1211 Φλάντρας

249 1234 551 1290 καλουμένους.
597 1227 667 1285 οἷς
691 1229 834 1277 πολλὰ
855 1226 1066 1281 πολλάκις
1096 1226 1119 1272 ό
1141 1224 1347 1284 βασιλεὺς
1375 1220 1731 1282 συμβουλευόμε-

250 1320 323 1356 νος
350 1301 428 1361 τὴν
448 1297 583 1359 αὐτὴν
603 1304 699 1353 τοῖς
713 1300 988 1357 προλαβοῦσι
1005 1293 1250 1357 φοσσάτοις
1267 1292 1447 1340 ὁδεῦσαι
1463 1293 1535 1338 καὶ
1555 1290 1628 1338 διὰ
1643 1295 1734 1337 τῶν
1748 1296 1780 1331 Ιέ

249 1371 476 1426 παραλίων
491 1367 545 1414 τὰ
562 1365 839 1425 Ἱεροσόλυμα
852 1367 1114 1421 καταλαβεῖν
1132 1365 1206 1408 καὶ
1222 1361 1340 1409 οὕτω
1354 1365 1419 1421 τῷ
1435 1363 1583 1420 λοιπῷ
1599 1376 1733 1417 στρα-

248 1436 429 1494 τεύματι
448 1439 537 1482 τῶν
547 1436 756 1481 Λατίνων
771 1434 1012 1493 ’ἑνωθῆναι,
1037 1434 1341 1490 πειθομένους
1353 1428 1543 1484 τούτους
1563 1425 1644 1485 οὖχ
1663 1426 1735 1474 ⁸51¹-

250 1523 406 1563 ρισκεν,
430 1503 505 1550 ἅτε
526 1509 622 1558 τοῖς
639 1502 852 1562 Ψράγγοις
872 1502 1094 1561 ἓνωθῆναι
1111 1500 1172 1560 μή
1194 1500 1506 1558 βουλομένους,
1524 1494 1617 1543 ἀλλ’
1640 1497 1732 1543 ἑτέ·-

251 1593 328 1631 ραν
342 1573 518 1619 ὁδεῦσαι
535 1571 639 1618 όδόν
654 1570 724 1617 διὰ
743 1574 828 1617 -τοῢ
850 1567 1106 1616 ἆνατολικοῦ
1128 1571 1201 1615 καὶ
1219 1567 1416 1614 κατευθὺ
1434 1569 1632 1628 χωρῆσαι
1653 1568 1733 1612 τοῦ

247 1640 460 1700 ΑΧοροσδιν
486 1641 712 1699 οἰομένους
746 1644 976 1696 κατασχεῖν
1005 1641 1056 1685 τὸ
1093 1641 1317 1685 τοιοῦτον.
1380 1635 1404 1682 ὃ
1444 1638 1493 1682 δὲ
1530 1635 1780 1693 βασιλεύς21

250 1709 391 1770 πάντη
421 1707 681 1770 ἀσύμφορον
708 1712 840 1755 τοῦτο
871 1707 1094 1768 γινώσκων
1122 1708 1195 1752 καὶ
1224 1706 1304 1768 τὴν
1331 1703 1548 1751 οἷπόλειαν
1577 1703 1636 1764 μὴ
1659 1705 1738 1750 θέ-

251 1782 338 1824 λων
366 1781 444 1824 τοῦ
476 1776 691 1824 τοσούτου
729 1780 836 1823 λαοῦ
867 1775 1159 1837 (πεντήκοντα
1191 1774 1275 1835 γὰρ
1306 1767 1416 1835 ἦσαν
1442 1771 1634 1831 χιλιάδες
1663 1770 1739 1817 ἶπ-

371 1862 418 1902 '1.
444 1862 732 1910 τετελευτηκότος
749 1866 792 1909 F,
819 1862 1068 1909 τελευτηκότος
1085 1865 1126 1901 P.
1258 1866 1289 1900 3.
1315 1868 1391 1902 τοῖς
1413 1857 1683 1910 Ἰεροσολίμοις
1700 1860 1740 1906 P,

384 1918 459 1953 τοῖς
482 1927 553 1950 om.
581 1915 623 1950 F.
745 1916 777 1950 4.
802 1915 864 1959 τῆς
889 1910 1101 1960 Τριπόλεως
1125 1914 1165 1959 Ρ,
1191 1914 1254 1957 τῆς
1278 1925 1350 1949 om.
1368 1912 1410 1948 F.
1533 1913 1566 1947 9.
1593 1912 1681 1958 ῥίγει
1696 1909 1737 1946 F.

388 1965 441 1999 11.
467 1960 684 2010 μεμαθήκοι
709 1963 751 1999 F.
900 1965 955 1998 13.
983 1958 1179 2011 φοσσάτον
1205 1962 1276 2018 FQ,
1305 1957 1478 2008 φόσατον
1492 1960 1532 1996 Ρ.
1683 1959 1736 1994 15.

386 2011 730 2057 προκαταλαβοῦσιῗ
825 2008 1031 2059 φοσσάτοις
1060 2012 1132 2057 FC,
1159 2023 1341 2060 φοσατοις
1364 2009 1406 2046 Ρ.
1562 2009 1618 2044 21.
1645 2002 1738 2043 ἀπό-

386 2062 486 2096 λειαν
510 2060 553 2106 F,
577 2056 764 2096 ἀπώλειαν
787 2059 827 2096 Ρ.
1702 2075 1704 2078 ·

394 2149 426 2184 8.
476 2147 616 2184 Eodem
654 2150 822 2194 tempore
860 2148 1036 2184 defuncto
1075 2146 1294 2189 Gotofredo,
1330 2158 1416 2182 cum
1457 2144 1573 2181 alium
1614 2155 1742 2190 regem

255 2195 447 2232 succedere
469 2199 669 2242 oporteret,
707 2197 834 2232 statim
871 2196 1012 2242 Latini,
1048 2197 1113 2242 qui
1139 2195 1407 2242 Hierosolymis
1432 2196 1552 2239 erant,
1579 2192 1741 2239 Isangeli

255 2256 409 2291 regnum
433 2245 809 2291 Hierosolymitanum
842 2246 1004 2282 delaturi
1027 2244 1172 2291 Tripoli
1210 2256 1294 2280 eum
1321 2245 1524 2280 arcessunt.
1590 2245 1628 2277 at
1653 2254 1742 2278 vero

256 2293 318 2328 ille
343 2293 542 2328 adventum
571 2306 678 2328 suum
703 2297 793 2330 tunc
821 2295 1054 2339 morabatur3
1082 2306 1155 2340 quo
1180 2293 1320 2329 factum
1347 2295 1413 2337 est,
1439 2295 1494 2337 ut,
1519 2290 1585 2337 qui
1610 2290 1741 2327 Hiero-

257 2341 405 2387 solymis
428 2344 545 2384 erant,
562 2354 647 2377 cum
664 2341 1011 2389 Constantinopolin
1030 2354 1114 2377 eum
1141 2342 1352 2388 profectum
1369 2341 1541 2377 cunctari
1557 2339 1740 2380 viderent,

256 2389 479 2425 Balduinum
498 2389 643 2431 Edessa,
664 2391 727 2426 ubi
746 2394 835 2427 tunc
853 2392 1084 2435 versabatur,
1101 2391 1327 2427 advocarent
1342 2393 1380 2426 et
1397 2388 1742 2434 Hierosolymorum

257 2449 383 2482 regem
411 2438 601 2484 eligerent.
649 2438 839 2485 lsangelen
865 2443 990 2475 autem
1015 2440 1176 2486 benigne
1210 2440 1417 2486 imperator
1441 2440 1652 2483 exceptum,
1677 2436 1744 2472 ubi

258 2486 476 2522 Balduinum
499 2487 840 2533 Hierosolymorum
866 2489 1066 2534 imperium
1094 2489 1277 2534 accepisse
1301 2487 1460 2531 audivit,
1499 2485 1600 2532 apud
1625 2497 1663 2522 se
1688 2497 1745 2522 re-

258 2535 381 2569 tinuit.
429 2546 585 2581 cumque
609 2535 910 2572 Normannorum
935 2537 1064 2583 copiae
1086 2539 1167 2572 tum
1206 2537 1304 2573 forte
1331 2535 1564 2580 advenirent,
1607 2534 1745 2580 quibus

259 2582 392 2618 fratres
415 2582 499 2628 duo,
525 2584 702 2619 Flantrae
734 2585 798 2631 qui
823 2586 1064 2629 vocabantur,
1102 2588 1314 2631 praeerant,
1342 2594 1568 2631 magnopere
1605 2583 1652 2618 iis
1677 2583 1745 2618 im—

258 2634 408 2676 perator
434 2632 559 2676 suasit,
583 2635 626 2667 ut
649 2634 880 2678 superiorum
908 2635 1139 2670 exercituum
1166 2634 1324 2680 vestigia
1351 2633 1639 2679 insequerentur
1663 2643 1747 2678 per-

259 2691 330 2724 que
367 2680 572 2733 maritimas
614 2681 783 2727 regiones
824 2682 1080 2728 Hierosolyma
1128 2682 1289 2728 profecti
1332 2682 1477 2728 reliquo
1520 2680 1747 2716 Latinorum

260 2728 439 2782 exercitui
465 2739 502 2763 se
524 2729 730 2774 iungerent.
780 2742 846 2766 nec
874 2734 998 2766 tamen
1024 2731 1064 2766 id
1088 2731 1134 2766 iis
1159 2732 1357 2776 persuasit,
1396 2731 1485 2777 quia
1524 2740 1562 2764 se
1592 2729 1749 2776 iungere

262 2775 416 2810 Francis
450 2776 634 2821 nolebant,
674 2778 738 2813 sed
764 2779 837 2813 alia
862 2780 922 2814 via
949 2791 1016 2824 per
1053 2779 1274 2815 orientalem
1312 2779 1471 2814 limitem
1498 2777 1748 2814 Chorosanem

258 2826 360 2879 recta
386 2826 512 2869 petere
538 2825 748 2871 studebant,
776 2826 876 2873 quod
901 2830 1182 2873 expugnaturos
1212 2840 1250 2863 se
1268 2840 1347 2864 esse
1365 2827 1578 2874 sperabant.
1618 2837 1744 2862 verum

261 2875 466 2918 imperator
499 2873 699 2909 infeliciter
739 2886 779 2910 ea
817 2876 970 2911 consilia
1009 2879 1186 2912 eventura
1227 2877 1448 2923 intellegens
1487 2886 1557 2911 nec
1595 2875 1749 2921 cupiens
