1794 3132
238 218 323 265 444
360 236 362 239 ·
756 224 933 259 CAROLI
962 219 1201 257 DUGANGII

240 349 391 406 yurius
417 348 605 402 Diogene
647 346 837 390 Romano
875 344 1198 399 imperantibus:
1233 343 1383 398 Ioseph
1424 343 1723 394 Tarchauiota,

241 408 318 451 sub
347 405 550 450 Michaele
580 404 712 456 Duca,
746 417 827 459 quo
870 403 1052 446 extincto
1081 402 1275 446 Isaacius
1308 402 1555 453 (Jomuenus,
1590 399 1726 445 Alexii

242 465 370 508 frater
401 462 718 518 primogenitus,
751 461 937 504 eamdem
957 460 1272 503 Praefecturam
1305 459 1346 503 et
1367 460 1618 515 dignitatem
1652 460 1726 502 ob-

241 521 373 564 tinuit
404 534 429 564 a
459 518 702 570 Botaniata,
745 531 873 572 eoque
906 518 1118 560 Ducatum
1158 517 1326 560 tenente
1356 516 1626 560 Antiochiam
1659 529 1728 558 00-

244 577 414 633 oupavit
455 576 700 620 Pliiluretus
734 574 975 624 Armenius,
1021 574 1098 616 sub
1141 587 1222 628 quo
1265 574 1362 617 urbs
1405 575 1450 616 in
1494 574 1725 616 Turoorum

244 634 494 690 potestatem
540 632 753 676 concessit.
813 632 918 675 Vide
947 630 1121 686 Niceph.
1161 631 1433 686 Bryennium,
1479 631 1521 674 et
1558 629 1727 673 Annam

205 705 339 780 (ἕρεις.
361 689 717 803 Ῑὲῧλέὲὲγεῗῦῒ]
750 744 922 789 Servilis
951 744 1201 788 conditionis
1231 746 1272 788 et
1301 744 1520 787 obnoxiae:
1548 744 1611 786 ita
1643 744 1726 786 Bo-

244 806 382 860 rylum
414 805 455 848 et
485 803 740 847 Germanum
771 802 1018 857 perstringit
1048 802 1186 845 Anna.
1224 816 1226 818 '
1254 801 1453 856 Plerique
1490 800 1725 854 Principes,

245 863 306 906 ait
335 862 499 905 Plinius
532 861 576 903 in
596 860 753 914 Paneg.
783 873 876 903 cum
906 863 1041 902 esseut
1071 859 1225 902 civium
1245 857 1434 910 Domini,
1464 858 1730 901 Libertorum

244 923 366 963 eraut
393 918 528 962 servi:
562 917 709 960 horum
742 916 943 969 consiliis,
967 916 1116 960 horum
1134 920 1241 959 riutu
1265 915 1530 970 reyebautur,
1553 929 1637 968 per
1656 915 1730 957 hos

245 976 484 1028 audiebant,
518 988 601 1028 per
642 974 715 1016 hos
758 973 1044 1028 loquebantur.
1113 973 1290 1015 Frustra
1331 972 1495 1027 reponit
1534 972 1729 1014 hocloco

245 1033 453 1077 Meursius
482 1030 804 1085 Σκλαβογενῶν,
846 1031 894 1072 ut
937 1031 977 1073 et
1016 1030 1127 1085 apud
1162 1029 1484 1073 Constantinum
1524 1029 1574 1072 de
1604 1028 1729 1071 Adm.

244 1091 349 1144 Imp.
384 1084 634 1143 ἔκλαβώθη,
665 1100 738 1142 pro
768 1082 1067 1143 ἑσθλαβώθης
1098 1099 1201 1141 quos
1232 1086 1341 1128 enim
1372 1086 1514 1129 Latini
1545 1085 1731 1139 Scripto-

244 1161 309 1190 res
338 1145 500 1198 Slavos,
532 1158 602 1189 seu
624 1143 833 1197 Slaviuos,
865 1145 1030 1196 vocant,
1064 1143 1214 1187 Graeci
1234 1139 1481 1195 Σθλάβους,
1512 1144 1553 1186 et
1583 1141 1732 1184 Σθλα-

246 1203 396 1257 βίνους
426 1202 703 1258 appellarunt.
762 1202 831 1244 Ita
851 1200 1024 1244 Nicetas
1053 1201 1097 1243 in
1114 1201 1227 1244 Man.
1257 1200 1330 1243 lib.
1351 1200 1391 1243 4.
1423 1213 1512 1253 cap.
1534 1200 1572 1242 1.
1602 1199 1673 1242 lib.
1691 1199 1729 1241 5.

248 1274 335 1315 cap.
360 1261 426 1303 10.
471 1259 653 1302 Zonaras
684 1271 779 1313 pag.
804 1259 872 1301 98.
922 1257 1129 1301 Oedrenus
1160 1257 1213 1300 ad
1240 1256 1292 1300 A.
1317 1268 1401 1301 VII.
1444 1256 1732 1299 Rhinotineti:

247 1329 503 1373 quamquam
533 1315 645 1358 haud
674 1315 836 1358 inficias
865 1315 985 1358 ierim
1015 1327 1159 1358 vocem
1193 1309 1390 1368 Σκλάβος
1417 1325 1733 1368 nonnumquam

247 1374 439 1429 usurpari
470 1386 494 1415 a
517 1371 711 1421 Graecis;
735 1372 845 1415 hano
878 1372 988 1415 enim
1018 1372 1196 1426 reperire
1229 1371 1291 1414 est
1319 1371 1363 1413 in
1382 1370 1533 1414 Chron.
1550 1370 1734 1413 Alexan-

248 1432 381 1483 drino,
413 1429 523 1484 apud
555 1429 912 1483 Theophylaotum
947 1429 1237 1480 Simooattam,
1271 1427 1623 1478 Oantacuzenum,
1655 1426 1735 1469 Ca-

248 1501 417 1539 nanum,
448 1487 525 1529 eto.
575 1486 705 1529 Porro
728 1485 951 1529 Slavorum
970 1498 1120 1528 nomen
1149 1486 1240 1528 tam
1268 1485 1355 1528 late
1374 1484 1526 1539 patuit,
1557 1488 1603 1527 ut
1623 1497 1735 1538 perce

247 1544 391 1588 careat
419 1543 719 1595 aestimatione,
757 1543 818 1586 ait
842 1542 1092 1586 Helmoldus
1122 1542 1194 1585 lib.
1218 1542 1255 1585 1.
1286 1555 1375 1596 cap.
1398 1542 1434 1584 1.
1465 1540 1584 1583 effusi
1623 1541 1732 1583 enim

247 1602 291 1645 in
319 1600 654 1656 Septentrionem
685 1600 727 1643 et
757 1600 982 1656 Orientem,
1027 1598 1263 1654 provincias
1292 1599 1333 1642 et
1359 1598 1521 1652 amplas
1545 1597 1735 1651 regiones

248 1672 322 1702 suo
367 1670 576 1701 asseruere
621 1657 815 1711 Imperio.
890 1656 1075 1700 Tandem
1114 1669 1139 1699 a
1181 1655 1449 1710 Principibus
1494 1655 1645 1697 sensim
1694 1655 1735 1697 et

248 1715 377 1759 variis
405 1714 580 1757 subinde
608 1714 865 1768 temporibus
889 1713 1100 1765 debellati,
1144 1713 1298 1756 servire
1341 1712 1475 1755 coacti
1504 1712 1616 1763 sunt,
1667 1724 1735 1754 00-

248 1785 424 1827 rumque
454 1783 603 1813 nomen
647 1771 692 1813 in
733 1771 1019 1825 contemptum
1061 1771 1102 1813 et
1142 1770 1342 1824 probrum
1382 1768 1496 1812 trahi
1529 1769 1733 1823 coeptum,

250 1842 330 1885 quo
361 1827 561 1883 appellati
590 1827 752 1870 servilis
780 1828 821 1870 et
853 1827 1054 1871 obnoxiae
1084 1826 1335 1870 conditionis
1364 1825 1564 1869 homines.

391 1876 530 1928 Οἷῖπω
561 1880 638 1925 τὸν
665 1879 835 1941 ἴουλον]
868 1883 1111 1939 Aeschylus,
1143 1878 1256 1926 ἔπτὰ
1286 1881 1360 1925 ἐπὶ
1396 1878 1503 1940 Θὴβ.

420 1964 426 1970 ·
519 1939 688 1994 Στείχει
719 1940 755 1983 δ’
784 1936 935 1992 ἴουλος
964 1933 1064 1994 ἄρτι
1093 1937 1165 1983 διὰ
1195 1938 1437 1996 παρηίδων.

250 2000 357 2043 Vide
387 1997 675 2042 Scholiastem.

206 2057 237 2092 D
386 2053 628 2109 Προέδρων
658 2048 894 2112 ἀξιώματι]
934 2055 1099 2098 Horum
1122 2054 1309 2110 dignitas
1338 2053 1381 2095 in
1416 2052 1583 2096 Palatio
1612 2051 1738 2106 peril-

249 2111 408 2164 lustris,
439 2125 464 2155 a
494 2111 729 2166 Nicephoro
760 2112 902 2155 Phoca
930 2112 1141 2163 instituta,
1179 2111 1228 2153 ut
1268 2111 1391 2153 autor
1423 2108 1737 2157 est-Cedrenus.

251 2168 384 2211 Erant
414 2168 554 2211 autem
582 2169 911 2223 Imperatoribus
942 2168 1189 2223 Byzantinis
1219 2165 1456 2221 Προέόροι,
1502 2166 1574 2221 qui
1614 2165 1746 2208 hodie·

252 2225 436 2280 Regibus
470 2225 624 2268 nostris
660 2224 900 2268 Consiliarii
931 2224 1106 2269 Consilii
1134 2224 1380 2268 secretioris.
1426 2224 1590 2266 Horum
1611 2221 1738 2264 Prae·
1774 2275 1777 2278 Ι

253 2295 315 2325 303
335 2277 715 2336 πρωτοπρόεδρος
736 2282 964 2334 dicebatur,
988 2282 1106 2324 cuius
1127 2281 1283 2324 mentio
1306 2294 1389 2324 non
1410 2279 1537 2323 semel
1558 2278 1740 2323 occurrit

253 2338 363 2394 apud
394 2339 665 2394 Bryennium,
698 2338 943 2391 Cedrenum,
972 2339 1190 2390 Zonaram,
1219 2338 1297 2381 etc.

42 2396 242 2444 Pag.44.A
394 2391 508 2446 Τοὺς
540 2394 645 2449 περὶ
674 2391 752 2454 τὴν
781 2392 1113 2452 γυναικωνίτην]
1145 2395 1382 2443 Eunuchos,
1405 2394 1477 2449 qui
1496 2394 1541 2436 in
1559 2392 1740 2436 Palatiis

253 2452 559 2551 {mperatorum
596 2453 754 2507 primas
784 2452 1041 2496 obtinebant.
1103 2451 1306 2507 Corippus
1343 2451 1416 2494 lib.
1445 2452 1484 2494 3.
1522 2450 1572 2493 de
1608 2448 1738 2492 Laud.

276 2521 323 2551 us
345 2522 431 2551 1111:

455 2565 610 2620 Adfuit
637 2566 827 2621 obsequio
858 2570 1069 2610 castorum
1098 2565 1223 2609 turba
1250 2565 1449 2616 virorum,

455 2623 560 2666 Illis
588 2637 752 2666 summa
777 2623 894 2677 fides,
927 2627 966 2666 et
990 2622 1121 2677 plena
1151 2622 1321 2665 licentia
1349 2620 1486 2665 sacris

457 2679 682 2723 Deservire
712 2680 824 2731 locis,
858 2684 981 2734 atque
1010 2694 1140 2723 aurea
1166 2679 1337 2733 fulchra
1356 2691 1536 2731 parare,

458 2736 639 2791 Regales
666 2751 832 2780 mensas
865 2736 999 2791 epulis
1027 2750 1203 2780 onerare
1231 2735 1435 2789 superbi-s,

464 2791 718 2836 Conservare
739 2794 918 2842 domum,
938 2797 1209 2847 sanctumque
1229 2793 1394 2836 intrare
1415 2790 1559 2844 cubile,

460 2848 659 2893 Iuteruas
690 2850 855 2893 munire
880 2849 1006 2905 fores,
1036 2853 1244 2905 vestesque
1265 2862 1443 2904 parare.
