1734 3120
201 174 282 218 174
717 178 882 214 ANNAE
910 178 1178 214 GOMNENAE

157 302 330 345 Βθειαν
362 297 439 355 τῆς
467 294 644 346 πόλεως
673 287 940 348 Ἐπιδάμνου
974 283 1066 335 άπό
1088 306 1137 334 τε
1158 292 1240 334 τοῦ
1270 291 1489 346 ποταμοῦ,
1511 285 1683 345 Δρυμό-

199 383 272 418 νος
299 360 569 419 ναυσιπόρου
597 357 882 418 τυγχάνοντος
911 358 983 402 καὶ
1016 354 1107 402 άπὸ
1131 360 1209 418 τῆς
1231 353 1420 416 ἠπείρου
1445 355 1532 415 Υτήν
1553 355 1686 402 πόλιν

198 434 443 491 Δυρραχίου
471 430 826 489 κατησφαλίσατο
858 425 912 471 τὰ
944 424 1131 484 χρειώδη
1168 426 1216 470 ἐκ
1243 429 1324 484 γῆς
1354 426 1427 470 καὶ
1455 423 1686 485 θαλάττης

199 500 396 560 εἰσάγων,
432 498 513 545 ὅσα
542 516 589 543 τε
621 497 684 551 εἷς
711 494 882 556 τροφὴν
908 498 997 539 τῶν
1026 491 1192 539 αὐτόθι
1223 497 1510 551 στρατιωτῶν
1539 512 1586 539 τε
1613 495 1687 539 καὶ

201 567 444 629 οἰκητόρων
480 569 552 612 καὶ
582 565 665 612 ὅσα
696 566 810 623 πρὸς
844 563 961 609 ὅπλα
990 564 1062 608 καὶ
1092 561 1234 620 μάχας
1270 556 1322 624 ἧν
1354 561 1600 622 ἐπιτήδεια.
1661 561 1722 608 (55

50 650 93 686 V.
118 649 189 684 294
201 640 248 685 δὲ
279 635 465 697 Δρυμών
497 627 630 688 οὗτος
661 632 684 678 ὃ
716 630 931 691 ποταμός,
958 634 1030 677 ἵνα
1050 649 1091 676 τι
1124 632 1196 676 καὶ
1221 633 1324 691 περὶ
1354 635 1434 676 τοῦ
1465 629 1688 690 ῥεύματος

200 704 358 751 τούτου
390 701 802 763 προσιστορήσαιμι,
836 705 904 761 ῥεῖ
932 700 1012 758 μὲν
1041 695 1220 744 ἄνωθεν
1249 697 1452 768 απὸιτῆς
1481 702 1688 756 Λυχνίτι-

201 777 277 829 δος
306 776 467 832 λίμνης,
500 768 551 832 ἢν
581 771 606 833 ἡ
637 775 711 816 νῦν
741 773 910 829 γλῶττα
941 766 1314 827 ἕκβαρβαρώσασα
1332 764 1516 827 Ἀχρίδα
1545 786 1688 826 προσ-

202 841 433 902 ηγόρευσεν
462 837 553 886 άπὸ
576 838 764 897 Μόκρου
795 842 874 883 τοῦ
900 835 1167 896 Βουλγάρων
1195 839 1413 895 βασιλέως
1441 835 1499 883 τὰ
1529 839 1689 894 πρῶτα

165 923 191 958 C
204 914 274 956 καὶ
305 909 359 955 τὰ
377 909 536 966 ἔσχατα
556 906 772 969 Σαμουὴλ,
796 911 875 952 τοῦ
897 908 973 952 ἐπὶ
988 911 1086 952 τοῖν
1101 907 1326 963 βασιλέοιν
1347 907 1687 960 Κωνσταντίνου
1704 913 1734 947 1(

202 981 273 1024 καὶ
302 978 534 1024 Βασιλείου
565 980 654 1022 τῶν
680 973 1109 1036 πορφυρογεννήτων
1140 973 1385 1039 γεγονότος,
1437 972 1510 1020 διά
1552 993 1685 1020 τινων

201 1046 382 1108 τάφρων
410 1044 576 1105 ἑκατόν,
609 1041 672 1100 ’ἃς
705 1043 896 1105 γεφύρας
926 1042 1274 1102 ἐπονομάζομεν.
1332 1045 1404 1090 καὶ
1438 1043 1517 1103 γὰρ
1549 1040 1689 1102 ἄπορ-

204 1118 378 1174 ρέουσιν
410 1114 562 1172 ὥσπερ
593 1109 684 1158 ἆπό
715 1132 846 1159 τινων
874 1109 1020 1170 άρχιῦν
1048 1111 1280 1173 διαφόρων
1303 1117 1381 1172 τῆς
1411 1114 1564 1173 λίμνης
1595 1116 1690 1173 διῃ-

152 1240 157 1243 *
203 1186 381 1243 ρημένοι
420 1184 618 1240 ποταμοὶ
659 1184 732 1227 καὶ
773 1181 836 1236 εἷς
880 1180 1035 1227 ἑκατὸν
1078 1180 1261 1241 ἥκοντες
1291 1176 1345 1228 οὗ
1374 1181 1554 1245 λήγουσι
1583 1175 1687 1244 κᾷθ’

203 1250 344 1306 οὕτως
373 1255 436 1311 τῷ
466 1255 655 1310 ποταμῷ
697 1255 760 1310 τῷ
798 1250 907 1295 κατὰ
943 1249 1022 1310 τὴν
1060 1248 1230 1310 Δεύρην
1267 1248 1516 1309 ἑνούμενοι,
1562 1253 1610 1308 ἐξ
1638 1242 1691 1297 οὗ
1706 1258 1734 1292 l!

202 1322 274 1366 καὶ
291 1318 480 1378 Δρυμών
502 1317 833 1377 ἐπονομάζεται,
866 1320 937 1364 καὶ
960 1323 1155 1375 συνεχεῖς
1184 1315 1304 1380 αὐτῷ
1335 1318 1557 1379 γινόμενοι
1577 1322 1691 1364 πλα-

202 1387 381 1434 τὺνουσί
408 1406 455 1433 τε
488 1383 627 1433 αὕτὸν
647 1389 720 1433 καὶ
748 1389 952 1447 μέγιστον
977 1386 1293 1447 ἐξεργάζονται.
1351 1385 1401 1443 ὃς
1429 1387 1534 1443 τούς
1565 1387 1691 1445 ε’σχά-

201 1452 304 1511 τους
349 1460 438 1501 τῶν
472 1458 716 1514 Λαλματῶν
757 1457 1048 1514 παραμείβων
1084 1458 1157 1507 καὶ
1194 1456 1313 1515 πρὸς
1348 1461 1516 1516 βορρᾶν
1557 1454 1692 1503 ἀνιών

206 1523 363 1570 ἔπειτα
393 1522 662 1582 ἐπικάμπτει
682 1524 798 1581 πρὸς
814 1523 942 1571 νότον
962 1527 1034 1570 καὶ
1054 1527 1161 1582 περὶ
1189 1524 1269 1580 τὰς
1298 1527 1418 1586 ῥίζας
1446 1531 1533 1572 τοῦ
1553 1522 1691 1573 Ἐλισ-

204 1596 286 1638 σοῦ
316 1590 541 1650 γινόμενος
570 1593 634 1647 εἷς
661 1592 739 1638 τὸν
759 1589 1063 1651 ’Λδριαντικὸν
1085 1594 1290 1640 ἐκδίδωσι
1321 1592 1505 1641 κόλπον.
1553 1597 1692 1641 ταῦτα
1705 1601 1734 1635 2⁴

161 1661 283 1717 Βμὲν
312 1661 419 1717 περί
459 1678 507 1706 τε
550 1665 627 1722 τῆς
670 1663 845 1717 θέσεως
874 1664 1122 1720 Δυρραχίου
1162 1664 1234 1708 καὶ
1263 1661 1471 1710 Ἐλισσοῧ
1510 1665 1583 1709 καὶ
1615 1667 1693 1724 τῆς

202 1724 444 1788 ἀσφαλείας
473 1728 690 1787 ἑκατέρων
718 1734 807 1774 τῶν
847 1732 1003 1775 τόπων
1032 1729 1296 1792 γεγράφθω’
1350 1730 1374 1777 ὅ
1405 1733 1454 1778 δὲ
1482 1731 1694 1790 βασιλεῦς

205 1795 272 1841 ἔτι
300 1794 364 1849 εἷς
387 1798 464 1858 τὴν
491 1795 809 1854 βασιλεύουσαν
842 1800 1126 1857 ἐνδιατρίβων
1155 1799 1432 1860 μεμαθηκώς
1477 1800 1551 1847 διὰ
1590 1819 1693 1860 γρα-

335 1874 370 1908 2.
394 1870 621 1920 ναυσιπόρου
647 1874 690 1920 F,
717 1873 951 1932 ναυσιφόρου
975 1876 1015 1912 Ρ.
1152 1921 1161 1933 l
1179 1879 1212 1913 7.
1238 1878 1465 1925 Λυχνίτιδος
1491 1877 1534 1924 F,
1558 1881 1694 1935 Λιχνί-

335 1921 435 1961 τιδος
458 1921 498 1957 Ρ.
629 1924 663 1958 8.
692 1925 918 1971 Βουλγαρων
942 1924 985 1971 F,
1010 1927 1230 1973 Βουλγαρου
1254 1926 1294 1962 Ρ.
1428 1927 1484 1962 12.
1509 1927 1692 1975 γεφυρας]

335 1968 513 2017 στρουγὰς
537 1971 763 2018 Ducangius,
787 1985 831 2018 γε
859 1969 1034 2021 φόσσαςῖ
1132 1972 1379 2021 ὑπορρέουσιν
1403 1974 1442 2012 C.

202 2045 310 2080 opem
341 2035 426 2070 urbi
452 2035 664 2080 Epidamno
695 2036 887 2074 ferendam
922 2041 1002 2075 tam
1038 2040 1084 2075 ab
1118 2039 1238 2076 amnis
1262 2040 1465 2086 Drymonis
1495 2043 1606 2087 parte
1631 2052 1694 2077 na-

202 2083 304 2118 vium
335 2082 513 2129 patientis
550 2095 662 2130 quam
694 2097 717 2121 a
750 2087 977 2132 continenti,
993 2089 1099 2124 terra
1121 2088 1371 2135 Dyrrachium
1408 2089 1541 2126 urbem
1569 2088 1693 2126 firma-

202 2130 269 2166 vit.
342 2130 440 2168 idem
477 2143 729 2179 quaecumque
763 2134 810 2170 ad
845 2135 1009 2172 militum
1033 2136 1246 2184 civiumque
1274 2137 1415 2174 victum
1451 2149 1621 2185 quaeque
1646 2137 1694 2174 ad

200 2178 290 2214 belli
314 2191 600 2227 pugnarumque
636 2193 742 2218 usum
774 2186 882 2219 erant
907 2185 1114 2221 necessaria
1139 2188 1242 2221 terra
1269 2185 1439 2233 marique
1465 2187 1692 2233 apportavit.

202 2226 370 2272 Drymou
382 2239 472 2264 vero
488 2230 618 2274 amnis,
642 2231 685 2265 ut
708 2230 753 2266 de
777 2231 851 2268 hoc
876 2245 1025 2279 quoque
1050 2234 1194 2280 aliquid
1219 2234 1365 2278 addam,
1393 2246 1440 2271 ex
1469 2234 1694 2280 Lychnitide

203 2273 322 2310 effluit
347 2275 494 2322 palude,
521 2288 632 2322 quam
656 2279 786 2325 lingua
810 2292 909 2318 nunc
933 2281 973 2316 in
997 2282 1212 2318 barbariem
1239 2283 1472 2330 degenerans
1491 2283 1693 2320 Achridem

204 2323 351 2359 vocavit
376 2337 397 2360 a
414 2324 543 2361 Moero
568 2338 656 2372 rege
674 2329 796 2373 primo
813 2328 1062 2376 Bulgarorum
1089 2333 1127 2366 et
1144 2331 1279 2368 ultimo
1299 2332 1462 2379 Samuel,
1487 2333 1554 2379 qui
1578 2333 1694 2379 impe-

202 2371 373 2408 rantibus
411 2372 654 2411 Constantino
690 2379 728 2412 et
760 2376 897 2413 Basilio
941 2378 1274 2426 porphyrogenitis
1309 2380 1418 2427 vixit,
1467 2392 1537 2427 per
1577 2380 1694 2417 fossas

204 2419 381 2464 quasdam
409 2423 569 2468 centum,
597 2435 689 2469 quas
714 2425 900 2470 gephyras
925 2425 972 2473 (‘?)
991 2438 1179 2464 vocamus.
1221 2427 1392 2465 defluunt
1409 2430 1509 2465 enim
1527 2429 1693 2476 separati

208 2478 333 2503 amnes
359 2471 508 2505 centum
534 2482 691 2508 numero
718 2473 835 2509 veluti
867 2486 912 2510 ex
939 2475 1052 2511 variis
1078 2476 1303 2523 quibusdam
1329 2477 1530 2524 principiis
1559 2490 1605 2514 ex
1629 2477 1695 2514 illa

204 2515 340 2560 palude
370 2528 551 2563 perennes
586 2522 624 2554 et
657 2532 741 2556 cum
774 2533 817 2557 eo
852 2534 891 2558 se
925 2522 1052 2570 fluvio,
1092 2526 1158 2571 qui
1190 2525 1239 2561 ad
1263 2525 1417 2568 Deuren⁴
1443 2528 1511 2572 est,
1541 2538 1588 2562 ex
1618 2538 1692 2573 quo

206 2563 319 2599 etiam
332 2564 497 2610 Drymou
513 2566 664 2609 dicitur,
682 2570 926 2617 coniungunt,
945 2584 1053 2618 quem
1069 2585 1135 2608 suo
1149 2577 1354 2620 augmento
1368 2574 1528 2619 maxime
1545 2575 1693 2622 largum

205 2613 254 2666 et·
268 2623 444 2658 magnum
468 2615 641 2652 reddunt.
675 2620 862 2654 extremos
887 2620 949 2656 hic
975 2621 1247 2666 praeterfluens
1261 2623 1455 2659 Dalmatas
1479 2624 1520 2659 in
1547 2626 1693 2669 septen-

205 2661 370 2695 trionem
394 2673 521 2698 versus
548 2665 725 2708 escendit,
753 2667 887 2703 deinde
911 2668 958 2704 ad
984 2671 1155 2705 austrum
1181 2682 1219 2706 se
1245 2670 1473 2712 flectensad
1496 2671 1610 2707 Elissi
1635 2683 1692 2708 ra·

205 2706 381 2763 dices-in·
409 2708 646 2748 Adriaticum
680 2726 755 2750 sese
789 2717 913 2752 sinum
948 2716 1127 2754 infundit.
1178 2718 1270 2756 haec
1301 2719 1349 2756 de
1386 2718 1461 2756 situ
1494 2719 1731 2767 Dyrrachii

205 2758 245 2791 et
268 2754 385 2811 Ehem
413 2757 532 2805 deque
568 2762 778 2799 munitione
802 2763 876 2801 loci
899 2766 1110 2811 utriusque.
1159 2767 1366 2814 imperator
1393 2770 1533 2816 autem,
1551 2768 1630 2816 'qui
1653 2768 1692 2805 in

203 2813 309 2851 regia.
345 2805 438 2843 urbe
468 2806 588 2845 adhuc
616 2812 929 2860 commorabatur,
953 2813 1163 2852 Boemuudi
1186 2816 1412 2854 traiectione
1440 2828 1511 2864 per
1543 2816 1692 2854 litteras
