1780 3138
248 447 279 483 B

142 925 180 960 P.
209 925 279 959 346

250 1531 280 1567 Β

296 241 373 284 132
795 243 959 279 ΑΝΝΑΕ
989 239 1254 279 οοΜΝΕΝΑΕ

292 364 590 428 ποιησάμενος
608 366 684 422 τὴν
704 358 904 421 Κοριφώ
931 360 1179 415 κατέλαβεν,
1214 348 1301 402 ὧδέ·
1321 375 1384 416 πη
1406 353 1773 416 περιγεγράφθω.

292 439 462 494 ἐχέσθω
494 438 530 481 δ’
572 427 704 486 αὖθις
734 430 757 476 ό
788 430 916 488 λόγος
945 433 1033 473 τῶν
1062 434 1156 486 μετ’
1193 426 1339 472 ἐκεῖνα
1370 424 1531 471 τούτου
1554 424 1774 484 πράξεων.

290 504 544 562 καταλαβών
571 506 618 548 δὲ
654 501 677 547 ό
711 499 860 557 νεκρὸς
887 495 1071 551 ὅδωδως
1100 495 1179 556 τὴν
1210 493 1424 556 Κορυφώ,
1457 493 1580 540 καθά
1617 513 1664 554 γε
1698 495 1775 540 ’καὶ

291 573 468 634 εἴρηται,
501 575 571 617 καὶ
601 568 949 627 ἅπειλησάμενος
975 565 1046 612 διὰ
1075 569 1154 610 τοῦ
1185 566 1328 610 ἐκεῖσε
1358 562 1520 618 δουκὸς
1549 568 1613 624 τῷ
1644 561 1776 608 αὖτο-

290 642 481 701 κράτορι,
512 638 659 687 ὁπόσα
690 638 712 683 ό
739 637 867 696 λόγος
897 634 1080 696 φθάσας
1112 632 1320 695 ἐδήλωσε,
1353 631 1471 691 πρὸς
1499 634 1581 692 τήν
1608 637 1775 691 Λογγι-

290 713 471 769 βαρδίαν
503 708 580 755 τόν
607 704 843 753 ἀπόπλουν
874 702 1178 763 ποιησάμενος
1211 702 1342 761 ἔργου
1374 699 1542 763 ἥπτετο
1585 699 1776 746 σκεπτό-

291 797 421 837 μενος
460 771 592 831 αὖθις
633 775 683 821 τὸ
730 772 959 832 Ἰλλυρικόν
1005 774 1268 828 καταλαβεῖν
1314 772 1386 815 καὶ
1417 768 1676 828 συμμάχους
1706 768 1778 814 διὰ

291 852 421 892 τοῦτο
466 843 670 891 σπεύδων
713 843 1018 901 συναγηοχέναι
1063 841 1247 894 πλείους
1287 843 1378 884 τῶν
1421 838 1512 896 πρὸ
1548 842 1649 884 τοῦ.
1705 839 1777 882 καὶ

292 916 394 972 περὶ
423 913 580 974 κήδους
608 916 670 971 τῷ
701 913 794 970 ῥηγὶ
818 911 1035 968 Φραγγιάς
1063 906 1277 967 ὁμιλήσας
1302 906 1382 968 τὴν
1410 907 1491 965 μὲν
1519 910 1609 951 τῶν
1638 911 1778 964 θυγα-

292 986 428 1041 τέρων
452 980 585 1027 αὐτοῦ
616 981 679 1034 εἰς
710 980 823 1025 ἶδιάν
850 975 965 1040 αὐτῷ
984 981 1165 1037 γυναῖκα
1197 977 1388 1033 ἐξέδοτο,
1423 975 1500 1036 τὴν
1530 977 1579 1021 δέ
1608 993 1655 1034 γε
1678 974 1777 1019 ,ἑτέ-

292 1070 369 1108 ραν
400 1049 655 1109 διαπόντιον
688 1047 803 1106 πρός
840 1046 918 1108 τὴν
951 1044 1181 1102 Ἀντιόχου
1220 1043 1353 1090 πόλιν
1393 1045 1659 1102 ἐξέπεμψεν,
1706 1045 1774 1104 ἐφ’

293 1111 327 1179 ᾧ
365 1122 644 1179 συναφθῆναι
686 1121 748 1176 τῷ
793 1112 965 1174 άνεψιῷ
1009 1110 1144 1160 αὐτοῦ
1181 1115 1358 1173 Ταγγρέ.
1434 1109 1531 1158 εἶτα
1570 1111 1778 1171 δυνάμεις

291 1185 600 1243 ἁπανταχόθεν
627 1187 956 1244 μυριοπληθεῖς
988 1182 1309 1240 συλλεξάμενος
1339 1183 1386 1227 ἐκ
1417 1180 1566 1242 πάσης
1595 1200 1644 1227 τε
1691 1180 1778 1238 χώ-

293 1273 369 1312 ρας
404 1257 475 1300 καί
514 1252 689 1308 πόλεως
726 1251 830 1307 τοὺς
867 1251 1060 1311 κόμητας
1099 1249 1514 1309 μεταπεμψάμενος
1546 1251 1659 1309 μετὰ
1688 1254 1778 1296 τῶν

291 1322 365 1367 ὑπ’
396 1319 558 1376 αὐτούς
578 1323 915 1381 στρατευμάτων
945 1319 1022 1382 τήν
1040 1318 1157 1376 πρὸς
1176 1317 1227 1364 τό
1249 1316 1485 1377 Ἰλλυρικόν
1505 1321 1777 1376 διαπεραίω-

291 1409 361 1436 σιν
389 1387 664 1447 ἐπετάχυνεν.
721 1388 744 1435 ό
776 1393 882 1448 γοῦν
902 1387 1107 1446 βασιλεὺς
1138 1393 1192 1433 τά
1226 1387 1300 1433 διὰ
1331 1391 1410 1433 τοῦ
1437 1385 1639 1444 Ἀλεξίου
1661 1386 1778 1446 πρὸς

291 1455 423 1504 αὐτὸν
464 1461 714 1518 μηνυθέντα
755 1454 955 1517 ἀκηκοώς
995 1452 1132 1510 εὐθὺς
1176 1455 1287 1501 κατὰ
1330 1454 1477 1510 πάσας
1507 1456 1587 1510 τὰς
1616 1454 1773 1513 χώρας,

293 1528 464 1572 Πίσσαν
503 1545 551 1571 τε
581 1529 653 1572 καὶ
681 1529 869 1571 Imm-av
905 1527 977 1570 καὶ
1020 1526 1227 1570 Βενετιάν
1265 1523 1499 1584 γράμματα
1538 1526 1775 1570 ἐπέστελλε

290 1594 722 1652 προπαρασκευάζων
767 1592 926 1648 αὐτοῦς
956 1593 1018 1654 μή
1061 1594 1428 1650 συναπαχθέντας
1464 1597 1562 1647 τοῖς
1601 1589 1774 1652 ἀπατη-

288 1664 383 1716 λοῖς
411 1667 489 1708 τοῦ
520 1661 795 1721 Βαὶζιιούντου
826 1663 970 1722 λόγοις
1001 1664 1151 1722 ἐκείνῳ
1183 1664 1539 1724 συνεφέψεσθαι.
1588 1664 1662 1707 καὶ
1691 1660 1771 1721 γὰρ

288 1729 473 1789 περιϊών
491 1730 667 1785 ἁπάσας
682 1730 758 1785 τὰς
772 1730 916 1789 χώρας
931 1733 1003 1777 καὶ
1018 1730 1174 1786 πόλεις
1190 1733 1359 1791 πολλὴν
1375 1731 1453 1792 τὴν
1469 1731 1579 1777 κατὰ
1597 1735 1678 1777 τοῦ
1692 1727 1773 1776 αὗ-

287 1797 553 1858 τοκράτορος
564 1799 839 1860 καταδρομὴν
853 1801 1052 1845 ἐποιεῖτο
1077 1799 1274 1859 παγάνον
1291 1797 1525 1858 ὀνομάζων
1548 1798 1682 1857 αὐτόν
1701 1801 1773 1845 καὶ

423 1922 477 1957 10.
503 1917 600 1967 αὐτῷ
624 1920 696 1966 FC,
724 1919 833 1956 αὐτοῦ
857 1922 897 1958 Ρ.
1093 1924 1148 1958 18.
1176 1919 1321 1959 Θνοῦαν
1346 1922 1385 1960 C.
1506 1919 1701 1958 ἀπέστειλε
1726 1922 1771 1958 A.

420 1970 477 2005 21.
500 1966 624 2016 χώρας
648 1972 709 2004 καὶ
733 1967 858 2009 πόλεις
882 1971 924 2015 F,
950 1967 1075 2010 πόλεις
1101 1974 1162 2006 καὶ
1183 1968 1310 2019 χώρας
1334 1971 1373 2018 P.
1522 1973 1583 2012 22.
1612 1972 1773 2007 ἐποιεῖτο

420 2017 462 2062 F,
490 2019 688 2062 ἐπεποίητο
713 2018 751 2054 P.
850 2015 1044 2067 ὀνομάζων
1069 2016 1182 2056 αὺτὸν
1207 2020 1252 2066 A,
1279 2017 1394 2056 αὑτὸν
1422 2031 1494 2057 om.
1520 2019 1561 2055 P.

286 2116 435 2152 tandem
461 2117 670 2164 Coryphum
698 2119 921 2164 pervenerit,
946 2119 1015 2156 hac
1032 2120 1180 2156 ratione
1207 2120 1380 2166 exposita
1397 2121 1520 2155 sunto.
1563 2129 1663 2154 nunc
1683 2128 1774 2153 vero

288 2176 437 2210 operam
465 2165 633 2202 dabimus
659 2168 853 2203 narrandis
879 2169 935 2214 iis,
962 2180 1057 2214 quae
1086 2173 1217 2214 postea
1243 2171 1458 2205 evenerunt.
1509 2166 1628 2203 fetens
1652 2166 1773 2212 igitur

286 2216 455 2249 mortuus
481 2214 691 2261 Coryphum
717 2220 924 2262 pervectus,
949 2220 1063 2263 prout
1089 2217 1233 2253 dictum
1258 2220 1325 2262 est,
1351 2229 1418 2264 per
1451 2217 1551 2252 illius
1576 2215 1681 2251 urbis
1706 2214 1771 2250 du-

287 2272 365 2296 cem
406 2263 515 2298 minis
549 2275 661 2309 supra
696 2265 822 2300 relatis
854 2266 1119 2312 imperatorem
1146 2267 1335 2302 insecutus
1363 2269 1476 2311 atque
1500 2265 1539 2300 in
1564 2264 1773 2310 Longibar-

285 2309 384 2344 diam
417 2322 508 2347 nave
547 2313 723 2347 traiectus
748 2326 826 2348 rem
854 2326 1050 2360 aggressus
1085 2318 1150 2351 est.
1217 2315 1408 2361 illyricum
1435 2325 1565 2349 rursus
1591 2323 1774 2358 occupare

286 2358 467 2394 meditans
492 2372 575 2395 cum
610 2361 780 2406 pluribus
806 2364 1023 2408 properavit
1049 2375 1161 2409 quam
1187 2367 1283 2410 quot*
1313 2367 1424 2399 antea
1452 2363 1639 2398 habuerat
1665 2361 1774 2396 sociis

286 2417 362 2441 sese
398 2408 581 2453 copulare.
647 2421 762 2455 quare
788 2422 872 2446 cum
898 2411 1129 2447 Francorum
1158 2425 1246 2458 rege
1277 2413 1434 2458 iungere
1459 2410 1686 2447 affinitatem
1712 2422 1773 2445 cu·

286 2455 389 2499 piens
414 2468 524 2491 unam
551 2456 711 2493 filiarum
737 2459 815 2494 eius
853 2460 932 2505 ipse
955 2460 994 2495 in
1021 2462 1305 2497 matrimonium
1340 2461 1462 2505 duxit,
1494 2460 1650 2495 alteram
1686 2469 1774 2494 vero

287 2503 381 2538 mari
395 2503 431 2539 iu
446 2505 572 2540 urbem
587 2506 821 2542 Antiochiam
839 2509 951 2554 misit,
969 2512 1012 2544 ut
1025 2509 1218 2545 Tancredo
1231 2510 1390 2545 nuberet
1404 2509 1522 2555 ipsius
1535 2507 1774 2544 consobrino.

286 2551 448 2606 collectis
472 2553 605 2589 deinde
631 2555 835 2591 innumeris
867 2557 1125 2603 undecumque
1164 2559 1282 2604 copiis
1307 2558 1585 2603 comitibusque
1616 2567 1662 2592 ex
1685 2567 1774 2601 qua·

286 2610 340 2634 vls
360 2601 522 2654 'regione
557 2605 594 2637 et
628 2604 780 2640 civitate
820 2607 1032 2642 convocatis
1067 2619 1151 2642 cum
1185 2607 1359 2642 omnibus
1403 2606 1540 2653 quibus
1574 2606 1775 2651 praeerant

286 2649 403 2701 copiis
451 2650 489 2684 in
530 2650 717 2696 Illyricum
764 2654 1024 2689 traiectionem
1064 2667 1208 2691 summa
1249 2668 1319 2701 ope
1367 2655 1538 2702 urgebat.
1605 2656 1644 2688 at
1685 2664 1774 2689 vcro

286 2700 489 2751 imperator
528 2699 656 2734 audito
694 2713 802 2746 quem
831 2702 982 2738 Alexius
1020 2704 1170 2739 miserat
1195 2705 1329 2740 nuntio
1359 2703 1546 2749 extemplo
1573 2701 1620 2737 ad
1647 2712 1774 2737 omnes

286 2746 466 2800 civitates,
507 2746 627 2782 Pisam
667 2749 832 2785 Genuam
862 2751 1036 2787 Venetias
1062 2752 1191 2788 literas
1217 2754 1332 2797 misit,
1372 2753 1509 2799 quibus
1535 2751 1774 2797 praemunire

285 2802 346 2826 eos
373 2793 595 2848 enitebatur,
634 2809 678 2831 ne
717 2797 909 2834 fallacibus
950 2800 1156 2836 Boemundi
1195 2801 1442 2838 circumventi
1476 2799 1708 2846 argumentis
1733 2799 1774 2834 in

285 2843 412 2896 partes
436 2852 514 2877 elus
540 2855 578 2878 se
604 2845 769 2881 abstrahi
795 2848 970 2884 sinerent.
1020 2848 1081 2895 ille
1108 2850 1207 2884 enim
1241 2850 1353 2886 urbes
1388 2861 1514 2886 omnes
1545 2847 1773 2895 provincias-

285 2899 357 2934 que
382 2891 601 2926 circumiens
618 2896 763 2940 magnis
780 2895 1044 2941 imperatorem
1064 2897 1260 2934 calumniis
1285 2899 1398 2944 petiit
1423 2908 1612 2945 paganum
1637 2907 1774 2947 vocans
