1794 3132
509 233 564 267 m
587 225 875 267 ALExrADEM
904 232 1067 267 NOTAE
1450 226 1535 268 449

49 350 162 404 Aug.
199 360 294 391 cum
326 345 556 390 Anastasia
593 358 731 397 uxore,
773 345 956 388 absolvit
984 345 1216 388 Mauricius
1246 346 1328 388 An.
1356 357 1458 390 vm.
1487 349 1536 390 ut

50 405 238 460 pluribus
283 403 460 446 narrant
507 401 791 457 Theophanes,
833 401 1055 453 Cedrenus,
1100 400 1265 457 Glycas,
1311 403 1535 455 Manasses,

50 461 208 506 Paulus
242 460 363 504 Diae.
406 459 481 502 lib.
516 459 581 501 17.
615 458 798 502 Codinus
842 458 893 501 de
934 457 1051 512 Orig.
1096 459 1136 501 et
1180 459 1267 502 alii.
1340 459 1536 503 Eiusdem

40 519 267 574 sphaeram
300 517 437 560 terrae
481 516 599 558 motu
641 515 867 570 collapsam
911 515 1056 558 refecit
1086 515 1271 558 Basilius
1301 516 1538 572 Porphyro-

49 577 244 629 genneta,
271 574 321 616 nt
347 574 471 616 autor
513 573 577 615 est
606 571 820 628 Scylitzes.
893 571 1112 626 Templum
1158 572 1292 626 ipsum
1338 572 1388 615 de
1430 585 1537 616 novo

47 633 303 675 instaurasse
322 629 613 672 Andronicum
635 628 906 680 Comnenum,
938 628 1203 683 proximeque
1233 629 1351 672 aedes
1372 630 1539 685 magni—

49 689 150 732 ficas
195 686 423 731 extruxisse
465 685 601 729 tradit
641 685 815 729 Nicetas
861 685 906 727 in
937 684 1178 728 Andronico
1208 685 1280 728 lib.
1311 687 1349 727 2.
1425 686 1538 728 Illud

48 745 227 800 denique
254 743 434 787 Ioannes
462 742 744 798 Palaeologus
772 742 1006 796 Imperator
1035 742 1199 794 evertit,
1230 743 1272 785 et
1301 755 1348 785 ex
1377 742 1538 785 ruderi-

50 803 128 845 bus
157 801 262 844 dnas
305 799 360 844 ad
388 799 563 843 Portam
608 812 779 842 auream
813 799 951 841 turres
997 797 1248 850 aedificavit,
1291 799 1355 841 uti
1398 799 1538 842 Ducas

49 859 176 902 refert
211 870 301 912 cap.
325 858 391 899 13.
466 856 591 899 quta
637 855 859 910 Templum
890 856 959 897 40.
1002 855 1241 910 Martyrum
1289 855 1539 898 Columnam

49 915 177 958 erexit
205 914 370 957 Phocas
397 913 479 956 An.
510 923 594 956 vn.
630 913 700 964 cui
738 913 881 967 postea
923 912 1158 966 imperante
1196 911 1391 955 Heraclio
1431 910 1540 954 Crux

49 971 248 1027 imposita
278 972 354 1022 est,
375 983 484 1025 quae
514 970 673 1013 corruit
689 970 827 1012 terrae
847 970 966 1011 motu
996 969 1073 1011 sub
1094 968 1335 1012 Andronico
1356 968 1538 1019 Seniore,

50 1031 98 1072 ut
140 1029 204 1072 est
246 1028 291 1070 in
336 1026 540 1070 Chronico
571 1025 798 1069 Alexandr.
842 1027 884 1067 et
914 1025 1025 1080 apud
1059 1025 1281 1079 Nicephor.
1308 1025 1538 1079 Gregoram

49 1086 123 1129 lib.
143 1087 183 1128 9.
231 1083 432 1127 Extitisse
451 1096 574 1138 porro
589 1084 747 1126 Aedem
765 1082 838 1126 SS.
860 1083 928 1125 40.
961 1082 1198 1138 Martyrum
1227 1083 1344 1125 iuxta
1365 1094 1538 1124 aeneum

50 1141 324 1197 Tetrapylum
351 1140 487 1184 tradit
516 1140 655 1183 Autor
679 1139 863 1183 eiusdem
892 1139 1088 1182 Chronici
1118 1139 1403 1182 Alexandrini.
1449 1138 1539 1180 Me-

50 1199 175 1242 minit
201 1198 429 1254 ⁴praeterea
469 1197 595 1240 huius
641 1196 804 1251 Templi
847 1196 1117 1239 Innocentius
1146 1196 1224 1239 III.
1259 1196 1344 1238 PP.
1375 1195 1447 1238 lib.
1476 1195 1538 1237 14.

52 1256 183 1311 Epist.
204 1255 273 1298 84.
304 1253 580 1310 Pachymeres
610 1254 684 1296 lib.
705 1254 745 1296 4.
776 1266 865 1307 cap.
889 1254 954 1295 18.
984 1255 1025 1295 et
1055 1253 1414 1296 Bondelmontius.

190 1307 253 1353 Τὸ
282 1310 367 1353 τοῦ
398 1306 603 1365 ἱεράρχοι·
639 1305 862 1352 Νικολάου
893 1305 1092 1366 τέμενος]
1124 1309 1237 1352 Hinc
1256 1308 1576 1352 emendandusc

50 1371 246 1420 Zonaras,
276 1367 349 1423 qui
378 1369 457 1412 boc
484 1368 576 1411 loco
604 1368 731 1411 habet
761 1363 900 1420 uovr‘v
927 1368 1012 1409 τοῦ
1046 1365 1320 1417 Κανικλείου,
1354 1378 1425 1420 pro
1458 1368 1537 1406 Νι-

49 1422 227 1469 κολάου.
282 1424 437 1469 Extitit
477 1438 574 1468 vero
602 1424 739 1467 Aedes
770 1424 820 1466 D.
894 1423 1019 1467 icolai
1056 1437 1183 1479 prope
1219 1424 1421 1479 Magnam
1458 1422 1538 1464 Ec-

50 1484 233 1535 clesiam,
278 1481 393 1526 intra
426 1482 574 1537 Magni
613 1480 771 1524 Palatii
815 1481 945 1535 septa,
991 1482 1066 1523 aut
1108 1494 1207 1524 sane
1250 1480 1367 1522 iuxta
1400 1479 1537 1533 ipsum

50 1539 289 1610 Balatium:
314 1539 429 1610 guod
460 1539 588 1582 etiam
619 1538 744 1580 Anna
769 1537 943 1604 *videtur
970 1537 1160 1605 ³indicare
1192 1538 1257 1580 his
1286 1535 1434 1586 verbis,
1466 1533 1537 1575 καὶ

52 1596 631 1709 553²}3;{.3:5‘.“‘.552333²;⁶
634 1597 854 1705 ῑὲἶζέἶοῖ
856 1606 1301 1699 ‘'1ss{13535‘5230‘133031232
1327 1592 1539 1712 Ἒῗὲηὲἰὲᾇ

51 1713 92 1754 et
121 1711 232 1754 aliis.
291 1711 414 1754 Hanc
446 1709 635 1752 condidit
661 1708 846 1751 Basilius
866 1707 1053 1758 Macedo,
1085 1708 1133 1759 ut
1162 1706 1309 1750 scribit
1326 1704 1538 1759 Scyhtzes,

51 1766 97 1868 {³3
125 1765 778 1879 ξέἶῡΒῑῖρῖἔρῖἐςῗὲῃὲἭἌῧῗ
798 1764 909 1863 ὶὲἐῗ
924 1761 1540 1864 Ξὲἕὲἔῗθῑῗὸῗξᾴῑέῗὲἒὸὲᾴ

51 1894 195 1924 versus
224 1880 481 1935 Acropolim,
527 1892 575 1922 ex
617 1893 701 1935 qua
743 1879 865 1933 porta
911 1877 952 1920 S.
997 1877 1209 1920 Barbarae
1255 1874 1354 1917 Arci
1401 1873 1539 1915 vicina

1 1938 4 1941 '
51 1938 166 1982 dicta
195 1939 271 1982 est.
329 1937 437 1981 Vide
468 1935 674 1980 Codinum
705 1935 751 1978 in
782 1934 898 1989 Orig.
927 1947 965 1988 p.
988 1934 1055 1976 61.
1090 1933 1189 1976 edit.
1217 1930 1403 1981 Meursii,
1444 1929 1540 1972 Sui-

51 1995 152 2038 dam
179 1995 223 2037 in
253 1990 437 2049 Βερ’νη,
467 1994 509 2036 et
541 1993 774 2036 Thenetum
805 1991 877 2033 lib.
903 1991 967 2033 19.
996 2003 1084 2044 cap.
1105 1991 1143 2032 3.
1212 1987 1364 2031 Extitit
1402 1985 1539 2028 Aedes

52 2051 137 2096 alia
168 2010 533 2105 Constantinopoli
562 2050 614 2092 D.
643 2048 822 2092 Nicolao
852 2059 971 2090 sacra
1004 2046 1057 2089 ad
1076 2046 1345 2094 Blachernas,
1374 2042 1426 2106 de
1455 2053 1539 2106 qua

52 2109 178 2152 Anna
207 2108 281 2151 lib.
305 2109 370 2150 10.
401 2106 545 2150 eadem
576 2106 686 2149 forte
716 2117 843 2160 quam
874 2104 1107 2146 extructam
1136 2102 1262 2145 refert
1283 2099 1465 2143 Codinus
1494 2110 1538 2139 1n

52 2165 176 2208 domo
206 2164 421 2215 Basilidis,
452 2163 525 2218 qui
554 2162 762 2206 Patritius
794 2162 835 2203 et
856 2159 1060 2213 Quaestor
1089 2159 1171 2201 fuit
1198 2156 1432 2200 Iustiniano
1459 2155 1541 2196 im-

52 2222 236 2276 perante.
298 2220 441 2264 Aliam
476 2220 690 2275 praeterea
720 2218 763 2262 S.
794 2216 971 2260 Nicolao
1014 2217 1055 2258 et
1088 2215 1129 2258 S.
1161 2213 1398 2269 Augustino
1431 2210 1540 2253 Can-

52 2278 256 2321 tuariensi
304 2277 509 2333 Episcopo
558 2276 744 2319 dicatam
792 2273 950 2316 Aedem
1002 2268 1363 2324 Constantinopoli
1414 2267 1540 2310 habet

53 2333 296 2378 Gotselinus
323 2334 397 2377 lib.
427 2334 479 2377 de
508 2332 702 2376 Miracul.
735 2330 918 2374 eiusdem
950 2329 1000 2371 B.
1020 2328 1202 2383 August.
1234 2339 1322 2380 cap.
1345 2325 1411 2366 26.
1442 2335 1540 2365 con-

53 2391 188 2435 ditam
218 2404 243 2434 a
273 2391 406 2434 nobili
424 2390 580 2445 Anglo,
612 2390 685 2444 qui
705 2388 798 2443 post
820 2385 1101 2441 expugnatam
1123 2397 1147 2427 a
1161 2383 1376 2426 Willelmo
1398 2379 1539 2422 Notho

54 2447 257 2504 Angliam
274 2446 684 2501 Constantinopolim
705 2443 974 2487 concesserat.
1015 2441 1206 2483 Alteram
1228 2438 1404 2491 denique
1424 2436 1539 2479 extra

54 2504 224 2556 Urbem,
254 2504 506 2548 Molibotum
537 2502 708 2553 dictam,
736 2502 781 2543 in
809 2512 891 2554 qua
918 2498 1116 2540 humatus
1135 2494 1434 2539 Constantinus
1450 2491 1540 2534 Du-

54 2574 136 2613 caS‚
171 2560 373 2617 Scylitzes
405 2561 718 2603 commemorat.
761 2556 868 2599 Vide
884 2555 1007 2597 Leon.
1029 2553 1161 2596 Allat.
1190 2552 1262 2594 lib.
1284 2552 1323 2593 2.
1352 2549 1402 2591 de
1427 2547 1538 2591 Eccl.

55 2617 214 2661 Orient.
243 2618 286 2661 et
318 2617 460 2661 Occid.
487 2616 755 2659 consensione
785 2625 874 2667 cap.
899 2612 962 2654 ll.
993 2622 1090 2665 pag.
1110 2609 1206 2652 645.
1234 2609 1276 2650 et
1295 2606 1455 2649 Notata
1485 2602 1538 2647 ad

0 2676 18 2703 7
54 2687 152 2730 pag.
177 2674 274 2717 294.
1505 2717 1512 2725 ,

0 2731 14 2763 2ss
194 2729 346 2786 Μέρος
372 2725 582 2786 τυγχάνον
611 2728 688 2770 τοῦ
722 2721 912 2781 μεγάλου
942 2717 1171 2777 τεμένους]
1208 2718 1342 2763 Aedes
1374 2718 1426 2759 D.
1458 2717 1578 2760 N1,C

0 2790 21 2842 ᾖ
56 2787 166 2831 colai
183 2787 290 2840 ideo,
310 2787 374 2831 ait
394 2788 532 2838 Anna,
557 2785 680 2840 Asyli
697 2784 787 2826 iure
806 2781 964 2824 donata
983 2780 1058 2830 est,
1079 2776 1191 2833 quod
1211 2776 1317 2819 osset
1337 2773 1540 2829 quodam-

55 2844 180 2888 modo
208 2843 413 2900 appendix
434 2843 616 2898 Magnae
636 2839 856 2889 Ecclesiae,
888 2849 1015 2892 quam
1036 2833 1295 2878 Iustinianus
1325 2832 1540 2881 eiuscon-

128 2930 246 2965 Amua
269 2928 465 2965 Comma.
517 2928 572 2963 II.
1179 2978 1184 2982 .
1227 2918 1272 2952 29
