1734 3120
184 210 265 251 378
686 220 851 256 ΑΝΝΑΕ
881 221 1147 256 COMNENAE

182 335 253 379 καὶ
292 333 542 380 ἐπέσπευδε
585 333 663 396 τὴν
704 338 919 392 ἑξέλευσιν
960 338 1030 380 καὶ
1069 331 1274 395 ἠπείγετο
1302 373 1490 382 ......
1521 343 1526 396 Ι
1555 338 1664 394 μέγα

181 404 407 449 παλάτιον.
466 402 491 461 ἦ
535 402 668 457 πόλις
712 405 760 449 δὲ·
800 403 851 448 τὸ
882 402 1082 462 τηνικάδε
1113 422 1161 448 νι-
1179 443 1380 452 ........
1408 398 1663 463 Ιέταράχθή

137 471 271 528 Βγάρ,
315 468 367 516 οὗ
404 472 555 528 μέντοι
591 474 663 516 καὶ
701 470 982 517 παντάπασιν
1000 511 1199 518 ........
1228 472 1287 531 Ιῆ
1330 475 1378 518 δέ
1414 490 1460 531 γε
1493 475 1665 529 βασιλὶς

183 540 425 599 αἐρρίφθω
446 538 501 584 τὰ
520 538 663 585 πάντα
674 542 695 559 ”
727 537 805 585 ein
823 579 1076 587 ..........
1097 541 1318 603 Ικωκιτόὗ
1352 547 1377 567 “
1386 543 1456 587 καὶ
1478 540 1666 600 διάδημα

181 610 253 653 καὶ
291 610 464 665 βασιλεί
480 647 764 656 ...........
784 608 971 666 Ικράτος
1015 608 1134 654 ἅπαν
1177 611 1249 655 καὶ
1294 608 1458 668 θρόνοι
1501 629 1548 655 τε
1595 611 1704 655 καὶὸ

31 685 70 721 Ρ.
96 686 166 721 5Ο4
179 672 307 734 ἆρχαὶ
323 715 633 724 ............
653 679 941 736 Ιθρηνῳὸίας.
1000 676 1336 724 συνεπεκώκυον
1371 681 1419 725 δὲ
1449 681 1521 724 καὶ
1550 675 1665 741 αὐτῇ

180 783 383 792 ........
403 744 799 806 Ικαταφρονήσασα
839 747 910 791 καὶ
949 748 1254 792 συνεπένθουν
1291 749 1362 793 καὶ
1560 749 1566 806 Ι
1595 750 1666 793 καὶ

178 812 455 871 ἐσπάραττον
494 814 649 868 ἑαυτὰς
688 814 843 873 γοερὸν
887 814 1135 873 οἷνοιμιόζου
1155 855 1326 863 .......
1355 816 1449 873 Ιεῖς
1487 815 1667 874 δύναμιν

178 878 515 939 ἄνελαυνόμεθα
550 882 710 942 ταύτην
739 885 798 928 ἐπ’
815 923 988 932 .......
1009 882 1213 942 Ισχάταις
1249 881 1493 941 α’ναπνοαῖς
1533 884 1556 930 ὁ
1586 890 1666 941 βα-

178 949 325 1005 σιλεὺς
359 944 424 1010 ἦν.
494 954 565 997 καὶ
606 956 685 997 τοῦ
703 991 850 1000 ......
869 951 1078 1011 Ιγόμενον
1118 951 1415 1012 ἒψυχορράγει
1459 952 1574 1011 πρὸς
1613 957 1664 1015 τῇ
1688 960 1732 993 10

178 1021 346 1081 κεφαλῇ
365 1058 507 1067 ......
524 1022 533 1078 Ι
550 1025 626 1079 γῆς
646 1020 669 1080 ἡ
690 1023 862 1077 βασιλὶς
883 1021 1067 1078 ἔρριπτο
1089 1021 1155 1067 ἔτι
1176 1018 1460 1081 ἀμπεχομένη
1480 1040 1506 1067 τ
1515 1061 1652 1069 .......
1657 1023 1664 1080 Ι

179 1089 253 1133 καὶ
281 1087 336 1133 τὰ
362 1093 620 1149 κοκκοβαφῆ
664 1090 822 1135 πέδιλα
861 1092 933 1135 καὶ
970 1091 1057 1136 ἐπα
1074 1128 1331 1138 ..........
1352 1089 1667 1150 Ικατετιτρώσ-

180 1174 281 1202 κετο
312 1159 384 1201 καὶ
415 1153 493 1202 οὔκ
514 1154 629 1213 εἶχεν
649 1156 776 1212 ὅπως
797 1160 862 1204 ἑνε
882 1197 1054 1206 .......
1075 1161 1080 1218 Ι
1099 1158 1348 1221 φλεγμονὴν
1379 1162 1457 1219 τῆς
1476 1160 1667 1218 καρδίας.

138 1228 269 1275 Βτῶν
299 1226 347 1271 δὲ
364 1264 781 1273 ................
801 1226 1189 1286 Ιῦποστρέψαντες
1228 1226 1361 1274 πάλιν
1402 1229 1475 1273 καὶ
1512 1227 1669 1285 μικρὸν

180 1293 306 1351 ἕγκαρ
326 1332 551 1341 .........
579 1302 585 1348 Ι
611 1292 857 1353 ἁπτόμενοι
875 1298 954 1341 τοῦ
987 1300 1161 1354 καρποῦ
1191 1300 1272 1341 τοῦ
1300 1298 1530 1353 βασιλικοῦ
1558 1295 1584 1358 ἡ
1604 1335 1612 1342 .
1631 1335 1639 1342 .
1659 1335 1667 1343 .
1689 1297 1732 1331 15

181 1399 354 1408 .......
383 1365 388 1418 Ι
416 1363 591 1407 ἐκεῖθεν
621 1367 710 1407 τῶν
742 1366 922 1422 πληγῶν
940 1368 1017 1426 τῆς
1046 1360 1255 1424 ἀρτηρίας
1284 1361 1666 1424 αὖτῆς..........Ι

181 1428 304 1486 ὅμως
332 1432 483 1487 μέντοι
515 1430 885 1491 κατειρωνεύοντο
915 1438 994 1479 τοῦ
1025 1438 1193 1492 καιροῦ.
1252 1436 1324 1479 καὶ
1354 1432 1378 1493 ἡ
1398 1473 1543 1482 ......
1562 1436 1568 1492 Ι
1599 1436 1669 1479 καὶ

181 1496 464 1543 ὖπετείνοντο
492 1498 571 1554 τοὶς
594 1499 655 1559 μή
687 1503 956 1560 φαινομένας
984 1502 1174 1562 χρηστὰς
1205 1504 1410 1561 ἒλΙπίόας.
1457 1506 1590 1547 τοῦτο
1622 1505 1670 1548 δὲ

180 1568 372 1627 προνοίᾳ
400 1569 486 1613 τινὶ
506 1567 692 1613 ἐποίουν
721 1568 856 1628 γινώσ
873 1608 881 1616 .
900 1609 909 1617 .
929 1608 938 1617 .
962 1573 971 1630 ΙΙ
993 1569 1062 1616 ὅτι
1093 1570 1184 1629 ἅμα
1204 1575 1257 1633 τῇ
1279 1567 1574 1630 ἀπαγορεύσει
1593 1574 1673 1630 τῆς

182 1637 295 1694 ζωῆς
314 1637 393 1681 τοῦ
413 1638 630 1695 βασιλέως
654 1641 662 1694 Ι
689 1637 1046 1685 συναποπνεύσει
1076 1642 1149 1686 καὶ
1169 1639 1194 1694 ἡ
1215 1640 1388 1697 βασιλὶς
1416 1639 1494 1701 τὴν
1516 1638 1673 1702 ψυχήν.
1687 1642 1732 1675 20

321 1731 350 1765 1.
380 1731 548 1775 ἐπείγετο
575 1732 643 1778 ΟΡ,
674 1733 834 1769 correxi.
923 1760 933 1770 .
948 1761 957 1770 .
973 1761 982 1769 .
998 1761 1007 1769 .
1021 1733 1060 1769 Ρ.
1232 1736 1265 1770 2.
1296 1730 1465 1778 τηνικάδε
1489 1760 1619 1770 ......
1633 1733 1674 1768 Ρ.

317 1780 349 1814 3.
383 1806 390 1814 .
406 1806 416 1814 .
431 1806 440 1814 .
457 1779 495 1814 P.
644 1781 678 1816 4.
706 1782 855 1829 ἑρίφθω
882 1781 923 1818 C.
1030 1810 1162 1820 ......
1181 1782 1219 1818 P.
1311 1783 1472 1817 κωκυτοῦ
1498 1782 1536 1823 Ο,
1563 1795 1675 1817 κυκω-

313 1827 377 1860 τοῦ
402 1827 443 1862 Ρ.
516 1829 550 1864 5.
576 1831 744 1874 βασιλεία
763 1857 771 1866 .
788 1857 796 1866 .
812 1857 820 1865 .
836 1829 878 1866 P.
944 1827 1061 1877 θρόνο
1078 1831 1115 1867 C.
1193 1832 1226 1866 6.
1249 1858 1258 1866 .
1274 1858 1282 1867 .
1299 1858 1307 1866 .
1322 1831 1361 1867 P.
1437 1827 1526 1879 αὐτῇ
1549 1843 1618 1866 om.
1636 1831 1675 1866 P.

314 1875 348 1910 7.
372 1903 381 1912 .
397 1902 405 1911 .
421 1903 429 1911 .
446 1903 454 1912 .
471 1876 510 1913 P.
593 1905 602 1913 .
618 1905 627 1914 .
643 1878 698 1914 .P.
825 1880 858 1914 8.
885 1875 1096 1926 ἆνοιμώζου
1109 1879 1146 1921 C,
1172 1876 1371 1925 ἆνοιμόζου
1386 1879 1425 1914 Ρ.
1508 1907 1614 1915 .....
1633 1879 1673 1915 Ρ.

314 1926 348 1960 9.
378 1925 438 1960 ἔπι
455 1952 463 1960 .
480 1952 488 1960 .
505 1953 512 1961 .
530 1926 568 1961 P.
678 1928 732 1963 10.
759 1927 823 1961 τοῦ
849 1939 919 1963 om.
933 1927 972 1963 P.
1041 1955 1050 1964 .
1066 1955 1074 1964 .
1090 1955 1098 1964 .
1117 1927 1158 1963 P.
1223 1929 1279 1963 11.
1301 1956 1310 1964 .
1326 1956 1334 1963 .
1351 1955 1358 1964 .
1375 1955 1383 1963 .
1400 1927 1439 1963 Ρ.
1503 1925 1671 1975 ἀμπεχο-

314 1975 409 2019 μένη
428 2000 534 2010 .....
549 1974 589 2010 Ρ.
708 1976 765 2012 12.
787 1976 1007 2024 κοκκοβαφῆ
1031 1977 1070 2020 C,
1097 1977 1293 2023 κοκοβαφῆ
1314 1977 1352 2013 Ρ.
1442 1977 1516 2011 ἐπα
1533 2005 1542 2012 .
1557 2001 1568 2014 .
1584 2004 1592 2013 .
1607 2004 1616 2013 .
1633 1976 1672 2011 P.

319 2023 373 2057 13.
401 2018 503 2062 ὅπως
516 2050 526 2059 .
542 2051 550 2059 .
567 2050 574 2059 .
591 2023 630 2059 P.
746 2024 801 2060 14.
828 2024 870 2060 δὲ
888 2052 897 2061 .
913 2052 921 2060 .
937 2052 945 2061 .
962 2052 970 2060 .
985 2025 1025 2060 Ρ.
1138 2027 1193 2061 15.
1220 2026 1312 2071 ἐγκα
1330 2052 1437 2062 .....
1454 2024 1495 2059 Ρ.
1586 2053 1594 2061 .
1610 2053 1618 2061 .
1633 2025 1672 2060 Ρ.

319 2071 374 2105 16.
399 2067 509 2115 αὐτῆς
533 2083 606 2107 om.
632 2072 672 2108 P.
756 2100 886 2109 ......
904 2073 944 2108 Ρ.
1069 2074 1122 2109 17.
1157 2101 1165 2110 .
1181 2101 1188 2109 .
1205 2101 1213 2109 .
1230 2101 1237 2109 .
1252 2073 1292 2108 Ρ.
1418 2074 1471 2109 18.
1497 2087 1569 2120 χρη
1587 2101 1595 2109 .
1611 2101 1619 2109 .
1660 2101 1668 2109 .

316 2118 429 2157 nidus·
440 2119 478 2154 P.
582 2121 636 2156 19.
662 2133 753 2167 γινω
771 2148 779 2156 .
796 2148 804 2157 .
819 2121 877 2157 .P.
929 2119 998 2168 ὅτι]
1022 2122 1157 2168 incipit
1172 2122 1234 2158 fol.
1252 2122 1341 2158 245¹³
1359 2121 1395 2158 C.
1464 2118 1674 2170 ἀπαγορεύ-

315 2178 370 2201 σει
395 2168 553 2214 scripsi:
578 2165 817 2216 ἀπαγορεύσῃ
847 2170 884 2216 C,
910 2167 1196 2220 ἀπαγορευούσῃ
1220 2171 1260 2206 Ρ.

182 2270 357 2305 magnum
384 2260 576 2305 palatium.
638 2262 727 2298 urbs
757 2265 839 2298 tum
876 2263 1059 2309 temporis
1087 2277 1104 2295 ια
1132 2263 1285 2299 turbata
1311 2262 1407 2298 enim
1435 2264 1517 2297 erat
1554 2274 1675 2308 neque

182 2311 306 2343 tamen
349 2309 501 2344 omnino
545 2323 561 2342 *
604 2310 827 2356 imperatrix
872 2315 997 2347 autem
1050 2311 1301 2347 “abiiciantur
1338 2311 1499 2354 omnia‚’'
1550 2311 1675 2356 inquit

181 2368 266 2392 cum
292 2357 446 2402 planetu
485 2357 681 2394 “diadema
720 2363 758 2395 et
785 2372 942 2406 regnum
979 2375 994 2391 ιι
1035 2361 1206 2406 potentia
1231 2360 1350 2396 omnis
1377 2362 1414 2395 et
1441 2359 1570 2394 throni
1605 2360 1672 2398 im·
1729 2375 1734 2381 ·

182 2404 360 2449 periaque
399 2419 416 2437 *
460 2407 602 2443 neniae.
667 2408 778 2443 simul
816 2409 1049 2444 lamentabar
1086 2421 1170 2444 cum
1215 2421 1258 2444 ea
1302 2422 1319 2440 ιιι
1360 2411 1599 2443 contemnens
1638 2411 1676 2443 et

184 2465 258 2487 una
283 2453 463 2499 lugebant
501 2458 539 2490 et
567 2469 583 2487 a*
613 2459 651 2491 et
676 2456 940 2503 discerpebant
974 2469 1011 2493 se
1047 2458 1150 2502 ipsae
1182 2456 1448 2493 miserabiliter
1485 2459 1675 2502 gementes

186 2516 203 2533 *ι
231 2501 278 2536 ad
304 2513 451 2537 sensum
481 2503 538 2538 sui
557 2504 823 2540 reducebamus
855 2517 935 2540 eam
976 2520 994 2538 ια
1035 2506 1206 2541 ultimam
1246 2506 1409 2541 animam
1438 2505 1573 2551 agebat
1597 2505 1675 2539 'im-

184 2552 346 2594 perator.
407 2555 446 2586 et
485 2564 502 2583 *
545 2553 743 2598 expirabat
774 2554 819 2589 ad
847 2557 962 2600 caput
1002 2567 1020 2586 *
1061 2554 1167 2590 humi
1203 2553 1428 2600 imperatrix
1462 2564 1539 2588 sese
1577 2553 1674 2588 abie-

183 2598 235 2632 cit
261 2597 383 2634 adhuc
410 2598 543 2634 induta
570 2614 587 2632 ια
621 2604 659 2637 et
685 2602 826 2638 calceos
859 2614 978 2639 cocco.
1005 2604 1144 2638 tinctos
1183 2602 1361 2638 anhelans
1401 2616 1418 2634 a:
1458 2601 1676 2638 vulneraba-

183 2649 246 2680 tur
281 2658 401 2692 neque
443 2647 615 2692 habebat,
655 2662 728 2695 quo
763 2654 888 2696 posset
916 2654 1059 2687 aestum
1084 2652 1200 2687 animi
1225 2651 1397 2687 tolerare.
1438 2664 1479 2682 u
1507 2650 1675 2686 conversi

183 2694 318 2729 iterum
346 2698 383 2730 et
409 2696 575 2740 paullum
615 2698 752 2734 morati
784 2711 936 2734 manum
974 2700 1212 2745 imperatoris
1254 2700 1450 2744 tangentes
1492 2712 1533 2731 at*
1573 2698 1677 2734 illinc

183 2743 344 2777 arteriae
382 2743 501 2788 ipsius
538 2746 712 2790 pulsuum
744 2758 783 2781 *ε
822 2748 941 2784 nihilo
967 2749 1090 2783 minus
1117 2751 1242 2783 tamen
1268 2746 1487 2783 inridebant
1511 2747 1626 2782 morti
1655 2760 1672 2779 »ι

183 2792 221 2825 et
260 2804 277 2822 *
321 2795 357 2826 et
387 2793 634 2829 ostendebant
676 2795 792 2830 bonas
818 2808 911 2842 spes,
938 2808 1033 2842 quae
1057 2809 1131 2832 non
1158 2797 1401 2843 apparebant.
1453 2794 1525 2830 hoc
1551 2798 1676 2830 autem

184 2839 340 2874 consilio
368 2841 527 2884 quodam
554 2842 751 2886 faciebant,
793 2845 893 2889 quod
923 2844 1207 2891 intellegebant,
1239 2857 1324 2881 eum
1363 2843 1442 2879 vita
1484 2843 1678 2879 decederet

184 2886 403 2937 imperator,
430 2888 542 2925 simul
578 2890 789 2937 Augustam
828 2905 976 2940 quoque
1017 2894 1179 2929 animam
1217 2905 1295 2930 esse
1333 2891 1555 2928 efflaturum.
1613 2890 1676 2927 sed
1716 2920 1734 2936 Vq.
