<?xml version="1.0" encoding="UTF-8"?>
<!DOCTYPE html PUBLIC "-//W3C//DTD XHTML 1.0 Transitional//EN"
    "http://www.w3.org/TR/xhtml1/DTD/xhtml1-transitional.dtd">
<html xmlns="http://www.w3.org/1999/xhtml" xml:lang="en" lang="en">
 <head>
  <title>
</title>
<meta http-equiv="Content-Type" content="text/html;charset=utf-8" />
  <meta name='ocr-system' content='tesseract 3.04.00' />
  <meta name='ocr-capabilities' content='ocr_page ocr_carea ocr_par ocr_line ocrx_word'/>
</head>
<body>
  <div class='ocr_page' id='page_1' title='image "./corpusscriptorum03niebuoft_0342.png"; bbox 0 0 1734 3120; ppageno 0'>
   <div class='ocr_carea' id='block_1_1' title="bbox 218 231 1223 277">
    <p class='ocr_par' dir='ltr' id='par_1_1' title="bbox 218 231 1223 277">
     <span class='ocr_line' id='line_1_1' title="bbox 218 231 1223 277; baseline -0.003 -1"><span class='ocrx_word' id='word_1_1' title='bbox 218 231 301 276; x_wconf 83' lang='lat'><strong><em>324</em></strong></span> <span class='ocrx_word' id='word_1_2' title='bbox 722 238 887 277; x_wconf 84' lang='lat' dir='ltr'>ANNAE</span> <span class='ocrx_word' id='word_1_3' title='bbox 917 238 1182 276; x_wconf 82' lang='lat' dir='ltr'><strong>COMNENAE</strong></span> <span class='ocrx_word' id='word_1_4' title='bbox 1221 253 1223 256; x_wconf 59' lang='grc'>’</span> 
     </span>
    </p>
   </div>
   <div class='ocr_carea' id='block_1_2' title="bbox 67 348 1734 1847">
    <p class='ocr_par' dir='ltr' id='par_1_2' title="bbox 67 348 1734 1847">
     <span class='ocr_line' id='line_1_2' title="bbox 217 348 1704 416; baseline -0.002 -15"><span class='ocrx_word' id='word_1_5' title='bbox 217 375 350 414; x_wconf 87' lang='grc' dir='ltr'><strong><em>μενος</em></strong></span> <span class='ocrx_word' id='word_1_6' title='bbox 394 357 466 401; x_wconf 85' lang='grc' dir='ltr'><strong><em>καὶ</em></strong></span> <span class='ocrx_word' id='word_1_7' title='bbox 498 354 549 416; x_wconf 67' lang='lat' dir='ltr'><strong><em>vc}</em></strong></span> <span class='ocrx_word' id='word_1_8' title='bbox 590 359 672 414; x_wconf 83' lang='grc' dir='ltr'><strong><em>τῆς</em></strong></span> <span class='ocrx_word' id='word_1_9' title='bbox 717 353 1007 412; x_wconf 75' lang='grc' dir='ltr'><strong><em>παρατάξεως</em></strong></span> <span class='ocrx_word' id='word_1_10' title='bbox 1051 351 1236 410; x_wconf 80' lang='grc' dir='ltr'><strong><em>στερρὸν</em></strong></span> <span class='ocrx_word' id='word_1_11' title='bbox 1273 354 1345 398; x_wconf 78' lang='grc' dir='ltr'><strong><em>καὶ</em></strong></span> <span class='ocrx_word' id='word_1_12' title='bbox 1382 348 1704 413; x_wconf 79' lang='grc' dir='ltr'><strong><em>ἇΙὸιάσπαστον</em></strong></span> 
     </span>
     <span class='ocr_line' id='line_1_3' title="bbox 218 419 1703 483; baseline -0.001 -14"><span class='ocrx_word' id='word_1_13' title='bbox 218 423 499 483; x_wconf 76' lang='grc' dir='ltr'><strong><em>λογιζόμενος</em></strong></span> <span class='ocrx_word' id='word_1_14' title='bbox 527 422 717 482; x_wconf 69' lang='grc' dir='ltr'><strong><em>χρηστάς</em></strong></span> <span class='ocrx_word' id='word_1_15' title='bbox 758 424 939 475; x_wconf 73' lang='grc' dir='ltr'><strong><em>ἐλπίδας</em></strong></span> <span class='ocrx_word' id='word_1_16' title='bbox 986 423 1195 466; x_wconf 70' lang='grc' dir='ltr'><strong><em>ἐντεῦθεν</em></strong></span> <span class='ocrx_word' id='word_1_17' title='bbox 1227 423 1233 478; x_wconf 87' lang='grc' dir='ltr'>Ι</span> <span class='ocrx_word' id='word_1_18' title='bbox 1267 419 1481 479; x_wconf 78' lang='grc' dir='ltr'><strong><em>ἐλάμβανε</em></strong></span> <span class='ocrx_word' id='word_1_19' title='bbox 1529 423 1601 467; x_wconf 82' lang='grc' dir='ltr'><strong><em>καὶ</em></strong></span> <span class='ocrx_word' id='word_1_20' title='bbox 1640 421 1703 475; x_wconf 81' lang='grc' dir='ltr'><strong><em>εἷς</em></strong></span> 
     </span>
     <span class='ocr_line' id='line_1_4' title="bbox 220 487 1192 552; baseline -0.003 -15"><span class='ocrx_word' id='word_1_21' title='bbox 220 491 348 550; x_wconf 73' lang='grc' dir='ltr'><strong><em>ἔργον</em></strong></span> <span class='ocrx_word' id='word_1_22' title='bbox 379 490 540 545; x_wconf 81' lang='grc' dir='ltr'><strong><em>ταί-τας</em></strong></span> <span class='ocrx_word' id='word_1_23' title='bbox 573 495 672 551; x_wconf 73' lang='grc' dir='ltr'><strong><em>Θεῷ</em></strong></span> <span class='ocrx_word' id='word_1_24' title='bbox 703 494 922 552; x_wconf 76' lang='grc' dir='ltr'><em>προβῆναι</em></span> <span class='ocrx_word' id='word_1_25' title='bbox 950 487 1192 548; x_wconf 74' lang='grc' dir='ltr'><strong><em>ἑπηύΙχε-το.</em></strong></span> 
     </span>
     <span class='ocr_line' id='line_1_5' title="bbox 354 555 1734 673; baseline -0.002 -68"><span class='ocrx_word' id='word_1_26' title='bbox 354 567 394 605; x_wconf 89' lang='grc'><strong><em>4.</em></strong></span> <span class='ocrx_word' id='word_1_27' title='bbox 453 557 580 605; x_wconf 72' lang='grc' dir='ltr'><strong><em>Οὕτω</em></strong></span> <span class='ocrx_word' id='word_1_28' title='bbox 608 561 714 617; x_wconf 77' lang='grc' dir='ltr'><strong><em>γοῦν</em></strong></span> <span class='ocrx_word' id='word_1_29' title='bbox 744 555 1107 615; x_wconf 77' lang='grc' dir='ltr'><strong><em>παραταξάμενος</em></strong></span> <span class='ocrx_word' id='word_1_30' title='bbox 1142 556 1221 618; x_wconf 79' lang='grc' dir='ltr'><strong><em>τὴν</em></strong></span> <span class='ocrx_word' id='word_1_31' title='bbox 1252 555 1523 615; x_wconf 82' lang='grc' dir='ltr'><strong><em>Σαντάβαριν</em></strong></span> <span class='ocrx_word' id='word_1_32' title='bbox 1550 559 1556 616; x_wconf 83' lang='lat' dir='ltr'>l</span> <span class='ocrx_word' id='word_1_33' title='bbox 1582 559 1734 673; x_wconf 77' lang='grc' dir='ltr'><strong><em>κατέ-5</em></strong></span> 
     </span>
     <span class='ocr_line' id='line_1_6' title="bbox 218 624 1652 687; baseline -0.002 -13"><span class='ocrx_word' id='word_1_34' title='bbox 218 631 324 686; x_wconf 81' lang='grc' dir='ltr'><strong><em>λαβε</em></strong></span> <span class='ocrx_word' id='word_1_35' title='bbox 350 664 623 675; x_wconf 89' lang='grc'><strong>........</strong></span> <span class='ocrx_word' id='word_1_36' title='bbox 647 645 751 680; x_wconf 84' lang='grc' dir='ltr'><strong><em>τους</em></strong></span> <span class='ocrx_word' id='word_1_37' title='bbox 789 624 1003 687; x_wconf 76' lang='grc' dir='ltr'><strong><em>ἡγεμόνας</em></strong></span> <span class='ocrx_word' id='word_1_38' title='bbox 1037 624 1236 679; x_wconf 78' lang='grc' dir='ltr'><strong><em>ἅπαντας</em></strong></span> <span class='ocrx_word' id='word_1_39' title='bbox 1262 630 1341 686; x_wconf 81' lang='grc' dir='ltr'><strong><em>τῆς</em></strong></span> <span class='ocrx_word' id='word_1_40' title='bbox 1366 631 1373 683; x_wconf 76' lang='grc'>1</span> <span class='ocrx_word' id='word_1_41' title='bbox 1397 644 1652 685; x_wconf 86' lang='grc' dir='ltr'><strong><em>τοιαυτης..</em></strong></span> 
     </span>
     <span class='ocr_line' id='line_1_7' title="bbox 67 640 1734 753; baseline -0.004 -7"><span class='ocrx_word' id='word_1_42' title='bbox 67 711 109 747; x_wconf 88' lang='lat' dir='ltr'><strong><em>V.</em></strong></span> <span class='ocrx_word' id='word_1_43' title='bbox 136 710 206 745; x_wconf 87' lang='lat'><strong><em>372</em></strong></span> <span class='ocrx_word' id='word_1_44' title='bbox 220 734 336 744; x_wconf 91' lang='grc'><strong>.....</strong></span> <span class='ocrx_word' id='word_1_45' title='bbox 352 696 509 742; x_wconf 80' lang='grc' dir='ltr'><strong><em>ὄιελων</em></strong></span> <span class='ocrx_word' id='word_1_46' title='bbox 528 694 608 741; x_wconf 79' lang='grc' dir='ltr'><strong><em>τόν</em></strong></span> <span class='ocrx_word' id='word_1_47' title='bbox 636 696 716 753; x_wconf 83' lang='grc' dir='ltr'><strong><em>μὲν</em></strong></span> <span class='ocrx_word' id='word_1_48' title='bbox 753 693 989 753; x_wconf 81' lang='grc' dir='ltr'><strong><em>Καμυτζην</em></strong></span> <span class='ocrx_word' id='word_1_49' title='bbox 1019 692 1130 739; x_wconf 78' lang='grc' dir='ltr'><strong><em>κατὰ</em></strong></span> <span class='ocrx_word' id='word_1_50' title='bbox 1155 698 1160 750; x_wconf 89' lang='grc'>1</span> <span class='ocrx_word' id='word_1_51' title='bbox 1188 698 1267 739; x_wconf 84' lang='grc' dir='ltr'><strong><em>τοῦ</em></strong></span> <span class='ocrx_word' id='word_1_52' title='bbox 1299 697 1390 739; x_wconf 80' lang='grc' dir='ltr'><strong><em>πολ</em></strong></span> <span class='ocrx_word' id='word_1_53' title='bbox 1405 731 1611 741; x_wconf 89' lang='grc'><strong>........</strong></span> <span class='ocrx_word' id='word_1_54' title='bbox 1629 640 1734 753; x_wconf 78' lang='grc' dir='ltr'><strong><em>τῆς5</em></strong></span> 
     </span>
     <span class='ocr_line' id='line_1_8' title="bbox 222 759 1708 824; baseline -0.004 -13"><span class='ocrx_word' id='word_1_55' title='bbox 222 767 394 824; x_wconf 79' lang='grc' dir='ltr'><strong><em>Κέδρου</em></strong></span> <span class='ocrx_word' id='word_1_56' title='bbox 427 764 656 822; x_wconf 78' lang='grc' dir='ltr'><strong><em>εξέπεμψε</em></strong></span> <span class='ocrx_word' id='word_1_57' title='bbox 704 764 962 820; x_wconf 80' lang='grc' dir='ltr'><strong><em>(πολίΙχνιον</em></strong></span> <span class='ocrx_word' id='word_1_58' title='bbox 1000 764 1048 807; x_wconf 77' lang='grc' dir='ltr'><strong><em>δὲ</em></strong></span> <span class='ocrx_word' id='word_1_59' title='bbox 1077 766 1210 808; x_wconf 84' lang='grc' dir='ltr'><strong><em>τοῦτο</em></strong></span> <span class='ocrx_word' id='word_1_60' title='bbox 1252 761 1547 820; x_wconf 87' lang='grc' dir='ltr'><strong><em>ερυμνότατον</em></strong></span> <span class='ocrx_word' id='word_1_61' title='bbox 1587 759 1708 819; x_wconf 86' lang='grc' dir='ltr'><strong><em>παρά</em></strong></span> 
     </span>
     <span class='ocr_line' id='line_1_9' title="bbox 179 828 1705 892; baseline -0.003 -13"><span class='ocrx_word' id='word_1_62' title='bbox 179 844 338 887; x_wconf 81' lang='grc' dir='ltr'><strong><em>Οτινος</em></strong></span> <span class='ocrx_word' id='word_1_63' title='bbox 367 831 597 892; x_wconf 80' lang='grc' dir='ltr'><strong><em>σατράπου</em></strong></span> <span class='ocrx_word' id='word_1_64' title='bbox 625 837 632 888; x_wconf 88' lang='grc' dir='ltr'>Ι</span> <span class='ocrx_word' id='word_1_65' title='bbox 658 832 835 887; x_wconf 80' lang='grc' dir='ltr'><strong><em>Πουχέα</em></strong></span> <span class='ocrx_word' id='word_1_66' title='bbox 867 831 1136 888; x_wconf 80' lang='grc' dir='ltr'><strong><em>καλουμένου</em></strong></span> <span class='ocrx_word' id='word_1_67' title='bbox 1167 828 1490 889; x_wconf 85' lang='grc' dir='ltr'><strong><em>κατεχόμενον),</em></strong></span> <span class='ocrx_word' id='word_1_68' title='bbox 1508 833 1571 890; x_wconf 79' lang='grc' dir='ltr'><strong><em>τῷ</em></strong></span> <span class='ocrx_word' id='word_1_69' title='bbox 1591 832 1640 876; x_wconf 77' lang='grc' dir='ltr'><strong><em>δέ</em></strong></span> <span class='ocrx_word' id='word_1_70' title='bbox 1659 847 1705 889; x_wconf 77' lang='grc' dir='ltr'><strong><em>γε</em></strong></span> 
     </span>
     <span class='ocr_line' id='line_1_10' title="bbox 220 895 1707 963; baseline -0.004 -14"><span class='ocrx_word' id='word_1_71' title='bbox 220 901 494 963; x_wconf 70' lang='grc' dir='ltr'><strong><em>Στυιπειώτῃ</em></strong></span> <span class='ocrx_word' id='word_1_72' title='bbox 524 899 633 946; x_wconf 82' lang='grc' dir='ltr'><strong><em>κατὰ</em></strong></span> <span class='ocrx_word' id='word_1_73' title='bbox 662 905 752 946; x_wconf 80' lang='grc' dir='ltr'><strong><em>τῶν</em></strong></span> <span class='ocrx_word' id='word_1_74' title='bbox 785 901 829 945; x_wconf 78' lang='grc' dir='ltr'><strong><em>ἕν</em></strong></span> <span class='ocrx_word' id='word_1_75' title='bbox 866 902 928 959; x_wconf 75' lang='grc' dir='ltr'><strong><em>τῷ</em></strong></span> <span class='ocrx_word' id='word_1_76' title='bbox 964 895 1162 959; x_wconf 81' lang='grc' dir='ltr'><strong><em>Ἀμορίῳ</em></strong></span> <span class='ocrx_word' id='word_1_77' title='bbox 1200 898 1436 958; x_wconf 82' lang='grc' dir='ltr'><strong><em>βαρβάρων</em></strong></span> <span class='ocrx_word' id='word_1_78' title='bbox 1473 895 1707 957; x_wconf 74' lang='grc' dir='ltr'><strong><em>άπελΙθεῖν</em></strong></span> 
     </span>
     <span class='ocr_line' id='line_1_11' title="bbox 221 963 1734 1029; baseline -0.003 -11"><span class='ocrx_word' id='word_1_79' title='bbox 221 1008 396 1018; x_wconf 88' lang='grc'><strong>.......</strong></span> <span class='ocrx_word' id='word_1_80' title='bbox 415 968 681 1027; x_wconf 73' lang='grc' dir='ltr'><strong><em>αἰσθόμενοι</em></strong></span> <span class='ocrx_word' id='word_1_81' title='bbox 712 970 760 1014; x_wconf 81' lang='grc' dir='ltr'><strong><em>δὲ</em></strong></span> <span class='ocrx_word' id='word_1_82' title='bbox 789 972 867 1027; x_wconf 80' lang='grc' dir='ltr'><strong><em>τῆς</em></strong></span> <span class='ocrx_word' id='word_1_83' title='bbox 901 970 1064 1029; x_wconf 78' lang='grc' dir='ltr'><strong><em>βουλῆς</em></strong></span> <span class='ocrx_word' id='word_1_84' title='bbox 1093 966 1172 1014; x_wconf 78' lang='grc' dir='ltr'><strong><em>δύο</em></strong></span> <span class='ocrx_word' id='word_1_85' title='bbox 1199 973 1206 1024; x_wconf 89' lang='grc' dir='ltr'>Ι</span> <span class='ocrx_word' id='word_1_86' title='bbox 1232 970 1346 1022; x_wconf 79' lang='grc' dir='ltr'><strong><em>τινὲς</em></strong></span> <span class='ocrx_word' id='word_1_87' title='bbox 1371 967 1546 1014; x_wconf 73' lang='grc' dir='ltr'><strong><em>Σκύθαι</em></strong></span> <span class='ocrx_word' id='word_1_88' title='bbox 1575 963 1734 1014; x_wconf 75' lang='grc' dir='ltr'><strong><em>αὐτό-1</em></strong></span> 
     </span>
     <span class='ocr_line' id='line_1_12' title="bbox 219 1032 1710 1097; baseline -0.003 -13"><span class='ocrx_word' id='word_1_89' title='bbox 219 1042 349 1097; x_wconf 87' lang='grc' dir='ltr'><strong><em>μολοι</em></strong></span> <span class='ocrx_word' id='word_1_90' title='bbox 382 1035 774 1096; x_wconf 73' lang='grc' dir='ltr'><strong><em>προσεληλυθότες</em></strong></span> <span class='ocrx_word' id='word_1_91' title='bbox 802 1040 865 1096; x_wconf 77' lang='grc' dir='ltr'><strong><em>τῷ</em></strong></span> <span class='ocrx_word' id='word_1_92' title='bbox 895 1037 1076 1096; x_wconf 82' lang='grc' dir='ltr'><strong><em>Πουχέα</em></strong></span> <span class='ocrx_word' id='word_1_93' title='bbox 1106 1035 1184 1097; x_wconf 81' lang='grc' dir='ltr'><strong><em>τὴν</em></strong></span> <span class='ocrx_word' id='word_1_94' title='bbox 1210 1040 1290 1082; x_wconf 84' lang='grc' dir='ltr'><strong><em>τοῦ</em></strong></span> <span class='ocrx_word' id='word_1_95' title='bbox 1313 1036 1522 1096; x_wconf 79' lang='grc' dir='ltr'><strong><em>Καμύτζη</em></strong></span> <span class='ocrx_word' id='word_1_96' title='bbox 1555 1032 1710 1094; x_wconf 77' lang='grc' dir='ltr'><strong><em>διεμή-</em></strong></span> 
     </span>
     <span class='ocr_line' id='line_1_13' title="bbox 220 1100 1703 1166; baseline -0.003 -15"><span class='ocrx_word' id='word_1_97' title='bbox 220 1125 323 1151; x_wconf 89' lang='grc' dir='ltr'><strong><em>νυον</em></strong></span> <span class='ocrx_word' id='word_1_98' title='bbox 354 1105 532 1166; x_wconf 82' lang='grc' dir='ltr'><strong><em>ε’φοὸον,</em></strong></span> <span class='ocrx_word' id='word_1_99' title='bbox 565 1103 655 1162; x_wconf 80' lang='grc' dir='ltr'><strong><em>ἅμα</em></strong></span> <span class='ocrx_word' id='word_1_100' title='bbox 684 1105 732 1149; x_wconf 74' lang='grc' dir='ltr'><strong><em>δὲ·</em></strong></span> <span class='ocrx_word' id='word_1_101' title='bbox 761 1105 834 1149; x_wconf 85' lang='grc' dir='ltr'><strong><em>καὶ</em></strong></span> <span class='ocrx_word' id='word_1_102' title='bbox 860 1122 938 1162; x_wconf 81' lang='grc' dir='ltr'><strong><em>την</em></strong></span> <span class='ocrx_word' id='word_1_103' title='bbox 968 1106 1053 1149; x_wconf 90' lang='grc' dir='ltr'><strong><em>τοῦ</em></strong></span> <span class='ocrx_word' id='word_1_104' title='bbox 1086 1101 1412 1162; x_wconf 71' lang='grc' dir='ltr'><strong><em>αὐτοκράτορος</em></strong></span> <span class='ocrx_word' id='word_1_105' title='bbox 1444 1102 1626 1149; x_wconf 71' lang='grc' dir='ltr'><strong><em>ἕλει-σιν.</em></strong></span> <span class='ocrx_word' id='word_1_106' title='bbox 1679 1100 1703 1147; x_wconf 84' lang='grc' dir='ltr'>ὁ</span> 
     </span>
     <span class='ocr_line' id='line_1_14' title="bbox 220 1172 1707 1235; baseline -0.003 -15"><span class='ocrx_word' id='word_1_107' title='bbox 220 1176 268 1220; x_wconf 79' lang='grc' dir='ltr'><strong><em>δὲ</em></strong></span> <span class='ocrx_word' id='word_1_108' title='bbox 298 1172 429 1235; x_wconf 80' lang='grc' dir='ltr'>φόβῳ</span> <span class='ocrx_word' id='word_1_109' title='bbox 459 1177 695 1232; x_wconf 81' lang='grc' dir='ltr'><strong><em>τηνικαῦτα</em></strong></span> <span class='ocrx_word' id='word_1_110' title='bbox 729 1174 882 1232; x_wconf 76' lang='grc' dir='ltr'><strong><em>πολλῷ</em></strong></span> <span class='ocrx_word' id='word_1_111' title='bbox 925 1174 1162 1229; x_wconf 73' lang='grc' dir='ltr'><strong><em>συσχεθεὶς</em></strong></span> <span class='ocrx_word' id='word_1_112' title='bbox 1191 1174 1298 1230; x_wconf 78' lang='grc' dir='ltr'><strong><em>περὶ</em></strong></span> <span class='ocrx_word' id='word_1_113' title='bbox 1336 1174 1473 1230; x_wconf 82' lang='grc' dir='ltr'><strong><em>μέσας</em></strong></span> <span class='ocrx_word' id='word_1_114' title='bbox 1509 1172 1707 1233; x_wconf 83' lang='grc' dir='ltr'><strong><em>φυλακας</em></strong></span> 
     </span>
     <span class='ocr_line' id='line_1_15' title="bbox 219 1235 1706 1304; baseline -0.003 -16"><span class='ocrx_word' id='word_1_115' title='bbox 219 1245 297 1304; x_wconf 82' lang='grc' dir='ltr'><strong><em>τῆς</em></strong></span> <span class='ocrx_word' id='word_1_116' title='bbox 327 1241 481 1296; x_wconf 75' lang='grc' dir='ltr'><strong><em>νυκτὸς</em></strong></span> <span class='ocrx_word' id='word_1_117' title='bbox 522 1243 699 1287; x_wconf 72' lang='grc' dir='ltr'><strong><em>ἐκεῖθεν</em></strong></span> <span class='ocrx_word' id='word_1_118' title='bbox 745 1239 942 1297; x_wconf 77' lang='grc' dir='ltr'><strong><em>εξελθών</em></strong></span> <span class='ocrx_word' id='word_1_119' title='bbox 988 1240 1101 1298; x_wconf 80' lang='grc' dir='ltr'><strong><em>μετὰ</em></strong></span> <span class='ocrx_word' id='word_1_120' title='bbox 1140 1245 1230 1286; x_wconf 83' lang='grc' dir='ltr'><strong><em>τῶν</em></strong></span> <span class='ocrx_word' id='word_1_121' title='bbox 1268 1239 1509 1301; x_wconf 81' lang='grc' dir='ltr'><strong><em>ομοφύλων</em></strong></span> <span class='ocrx_word' id='word_1_122' title='bbox 1553 1235 1706 1300; x_wconf 72' lang='grc' dir='ltr'><strong><em>ιῗῖχετο.</em></strong></span> 
     </span>
     <span class='ocr_line' id='line_1_16' title="bbox 219 1305 1734 1391; baseline -0.001 -35"><span class='ocrx_word' id='word_1_123' title='bbox 219 1308 488 1370; x_wconf 79' lang='grc' dir='ltr'><strong><em>αυγαζουσης</em></strong></span> <span class='ocrx_word' id='word_1_124' title='bbox 521 1311 569 1355; x_wconf 79' lang='grc' dir='ltr'><strong><em>δὲ</em></strong></span> <span class='ocrx_word' id='word_1_125' title='bbox 585 1305 702 1391; x_wconf 52' lang='lat' dir='ltr'><strong><em>fydtye</em></strong></span> <span class='ocrx_word' id='word_1_126' title='bbox 714 1312 793 1371; x_wconf 73' lang='grc' dir='ltr'><strong><em>τῆς</em></strong></span> <span class='ocrx_word' id='word_1_127' title='bbox 822 1307 984 1369; x_wconf 75' lang='grc' dir='ltr'><strong><em>ἡμέρας</em></strong></span> <span class='ocrx_word' id='word_1_128' title='bbox 1014 1308 1274 1366; x_wconf 83' lang='grc' dir='ltr'><strong><em>καταλαβων</em></strong></span> <span class='ocrx_word' id='word_1_129' title='bbox 1305 1308 1330 1355; x_wconf 85' lang='grc' dir='ltr'>ὁ</span> <span class='ocrx_word' id='word_1_130' title='bbox 1363 1308 1600 1368; x_wconf 80' lang='grc' dir='ltr'><strong><em>Καμύτζης</em></strong></span> <span class='ocrx_word' id='word_1_131' title='bbox 1628 1307 1734 1354; x_wconf 76' lang='grc' dir='ltr'><strong><em>τὸν]</em></strong></span> 
     </span>
     <span class='ocr_line' id='line_1_17' title="bbox 218 1369 1701 1437; baseline -0.002 -13"><span class='ocrx_word' id='word_1_132' title='bbox 218 1381 298 1437; x_wconf 78' lang='grc' dir='ltr'><strong><em>μὲν</em></strong></span> <span class='ocrx_word' id='word_1_133' title='bbox 313 1380 518 1435; x_wconf 84' lang='grc' dir='ltr'><strong><em>Πουχέαν</em></strong></span> <span class='ocrx_word' id='word_1_134' title='bbox 545 1397 624 1435; x_wconf 84' lang='grc' dir='ltr'><strong><em>ουχ</em></strong></span> <span class='ocrx_word' id='word_1_135' title='bbox 653 1369 789 1435; x_wconf 75' lang='grc' dir='ltr'><strong><em>εὗρεν,</em></strong></span> <span class='ocrx_word' id='word_1_136' title='bbox 813 1373 904 1422; x_wconf 72' lang='grc' dir='ltr'><strong><em>ἀλλ’</em></strong></span> <span class='ocrx_word' id='word_1_137' title='bbox 930 1374 1037 1423; x_wconf 77' lang='grc' dir='ltr'><strong><em>ου’ὄέ</em></strong></span> <span class='ocrx_word' id='word_1_138' title='bbox 1054 1396 1151 1423; x_wconf 89' lang='grc' dir='ltr'><strong><em>τινα</em></strong></span> <span class='ocrx_word' id='word_1_139' title='bbox 1174 1376 1227 1423; x_wconf 81' lang='grc' dir='ltr'><strong><em>τὸ</em></strong></span> <span class='ocrx_word' id='word_1_140' title='bbox 1250 1376 1464 1436; x_wconf 76' lang='grc' dir='ltr'><strong><em>παράπαν</em></strong></span> <span class='ocrx_word' id='word_1_141' title='bbox 1485 1381 1701 1434; x_wconf 79' lang='grc' dir='ltr'><strong><em>Τοῢρκον·</em></strong></span> 
     </span>
     <span class='ocr_line' id='line_1_18' title="bbox 176 1443 1705 1507; baseline -0.001 -15"><span class='ocrx_word' id='word_1_142' title='bbox 176 1449 389 1507; x_wconf 70' lang='grc' dir='ltr'><strong><em>Πηλῆρες</em></strong></span> <span class='ocrx_word' id='word_1_143' title='bbox 418 1447 466 1492; x_wconf 80' lang='grc' dir='ltr'><strong><em>δε</em></strong></span> <span class='ocrx_word' id='word_1_144' title='bbox 495 1449 704 1506; x_wconf 84' lang='grc' dir='ltr'><strong><em>λαφύρων</em></strong></span> <span class='ocrx_word' id='word_1_145' title='bbox 733 1445 785 1491; x_wconf 81' lang='grc' dir='ltr'><strong><em>τὸ</em></strong></span> <span class='ocrx_word' id='word_1_146' title='bbox 818 1447 1058 1502; x_wconf 67' lang='grc' dir='ltr'><strong><em>πολίχνιον,</em></strong></span> <span class='ocrx_word' id='word_1_147' title='bbox 1090 1444 1170 1506; x_wconf 80' lang='grc' dir='ltr'><strong><em>τὴν</em></strong></span> <span class='ocrx_word' id='word_1_148' title='bbox 1193 1447 1391 1504; x_wconf 83' lang='grc' dir='ltr'><strong><em>Κεὸρέαν</em></strong></span> <span class='ocrx_word' id='word_1_149' title='bbox 1419 1446 1546 1507; x_wconf 80' lang='grc' dir='ltr'><strong><em>φημί,</em></strong></span> <span class='ocrx_word' id='word_1_150' title='bbox 1578 1443 1705 1504; x_wconf 77' lang='grc' dir='ltr'><strong><em>εὕρη-</em></strong></span> 
     </span>
     <span class='ocr_line' id='line_1_19' title="bbox 218 1510 1703 1576; baseline -0.003 -16"><span class='ocrx_word' id='word_1_151' title='bbox 218 1515 312 1570; x_wconf 76' lang='grc' dir='ltr'><strong><em>κιός</em></strong></span> <span class='ocrx_word' id='word_1_152' title='bbox 340 1515 456 1573; x_wconf 79' lang='grc' dir='ltr'><strong><em>πρὸς</em></strong></span> <span class='ocrx_word' id='word_1_153' title='bbox 487 1512 615 1561; x_wconf 64' lang='grc' dir='ltr'><strong><em>οὐδὲν</em></strong></span> <span class='ocrx_word' id='word_1_154' title='bbox 643 1513 816 1560; x_wconf 82' lang='grc' dir='ltr'><strong><em>τούτων</em></strong></span> <span class='ocrx_word' id='word_1_155' title='bbox 843 1510 1098 1576; x_wconf 67' lang='grc' dir='ltr'><strong><em>ἅπένευσεν,</em></strong></span> <span class='ocrx_word' id='word_1_156' title='bbox 1120 1510 1213 1560; x_wconf 72' lang='grc' dir='ltr'><strong><em>ἄλλ’</em></strong></span> <span class='ocrx_word' id='word_1_157' title='bbox 1246 1511 1396 1576; x_wconf 79' lang='grc' dir='ltr'><strong><em>ἠνιᾶτο</em></strong></span> <span class='ocrx_word' id='word_1_158' title='bbox 1430 1512 1641 1571; x_wconf 70' lang='grc' dir='ltr'><strong><em>καθάπερ</em></strong></span> <span class='ocrx_word' id='word_1_159' title='bbox 1664 1511 1703 1556; x_wconf 76' lang='grc' dir='ltr'><strong><em>οἱ</em></strong></span> 
     </span>
     <span class='ocr_line' id='line_1_20' title="bbox 218 1578 1707 1644; baseline -0.001 -16"><span class='ocrx_word' id='word_1_160' title='bbox 218 1585 413 1643; x_wconf 70' lang='grc' dir='ltr'><strong><em>θηραταί</em></strong></span> <span class='ocrx_word' id='word_1_161' title='bbox 440 1581 518 1643; x_wconf 87' lang='grc' dir='ltr'><strong><em>τὴν</em></strong></span> <span class='ocrx_word' id='word_1_162' title='bbox 547 1584 592 1628; x_wconf 79' lang='grc' dir='ltr'><strong><em>ἒν</em></strong></span> <span class='ocrx_word' id='word_1_163' title='bbox 609 1587 758 1641; x_wconf 87' lang='grc' dir='ltr'><strong><em>χεροῖν</em></strong></span> <span class='ocrx_word' id='word_1_164' title='bbox 776 1578 910 1642; x_wconf 65' lang='grc' dir='ltr'><strong><em>ἅγραν</em></strong></span> <span class='ocrx_word' id='word_1_165' title='bbox 929 1579 1267 1637; x_wconf 71' lang='grc' dir='ltr'><strong><em>ἀπολωλεκότες</em></strong></span> <span class='ocrx_word' id='word_1_166' title='bbox 1288 1584 1361 1628; x_wconf 79' lang='grc' dir='ltr'><strong><em>καὶ</em></strong></span> <span class='ocrx_word' id='word_1_167' title='bbox 1378 1582 1439 1644; x_wconf 86' lang='grc' dir='ltr'><strong><em>μὴ</em></strong></span> <span class='ocrx_word' id='word_1_168' title='bbox 1459 1578 1707 1639; x_wconf 78' lang='grc' dir='ltr'><strong><em>α’νασχόμε-</em></strong></span> 
     </span>
     <span class='ocr_line' id='line_1_21' title="bbox 220 1645 1734 1712; baseline -0.001 -15"><span class='ocrx_word' id='word_1_169' title='bbox 220 1670 294 1706; x_wconf 86' lang='grc' dir='ltr'><strong><em>νος</em></strong></span> <span class='ocrx_word' id='word_1_170' title='bbox 314 1648 452 1705; x_wconf 70' lang='grc' dir='ltr'><strong><em>εὐθὺς</em></strong></span> <span class='ocrx_word' id='word_1_171' title='bbox 479 1650 558 1705; x_wconf 79' lang='grc' dir='ltr'><strong><em>τὰς</em></strong></span> <span class='ocrx_word' id='word_1_172' title='bbox 582 1649 709 1712; x_wconf 81' lang='grc' dir='ltr'><strong><em>,ἡνίας</em></strong></span> <span class='ocrx_word' id='word_1_173' title='bbox 727 1652 925 1710; x_wconf 81' lang='grc' dir='ltr'><strong><em>στρέψας</em></strong></span> <span class='ocrx_word' id='word_1_174' title='bbox 943 1650 1054 1696; x_wconf 83' lang='grc' dir='ltr'><strong><em>κατὰ</em></strong></span> <span class='ocrx_word' id='word_1_175' title='bbox 1075 1653 1154 1697; x_wconf 79' lang='grc' dir='ltr'><strong><em>τοῦ</em></strong></span> <span class='ocrx_word' id='word_1_176' title='bbox 1174 1649 1438 1708; x_wconf 85' lang='grc' dir='ltr'><strong><em>Πολυβὸτου</em></strong></span> <span class='ocrx_word' id='word_1_177' title='bbox 1458 1645 1613 1696; x_wconf 65' lang='grc' dir='ltr'><strong><em>ἔπεισι</em></strong></span> <span class='ocrx_word' id='word_1_178' title='bbox 1632 1651 1734 1695; x_wconf 72' lang='grc' dir='ltr'><strong><em>καὶΞ</em></strong></span> 
     </span>
     <span class='ocr_line' id='line_1_22' title="bbox 217 1717 1702 1778; baseline -0.001 -14"><span class='ocrx_word' id='word_1_179' title='bbox 217 1717 391 1778; x_wconf 73' lang='grc' dir='ltr'><strong><em>ἀθρόον</em></strong></span> <span class='ocrx_word' id='word_1_180' title='bbox 433 1717 609 1773; x_wconf 80' lang='grc' dir='ltr'><strong><em>τούτοις</em></strong></span> <span class='ocrx_word' id='word_1_181' title='bbox 653 1719 937 1766; x_wconf 75' lang='grc' dir='ltr'><strong><em>ἑπεισπεσών</em></strong></span> <span class='ocrx_word' id='word_1_182' title='bbox 982 1721 1142 1765; x_wconf 88' lang='grc' dir='ltr'><strong><em>κτείνει</em></strong></span> <span class='ocrx_word' id='word_1_183' title='bbox 1185 1721 1265 1778; x_wconf 73' lang='grc' dir='ltr'><strong><em>μὲν</em></strong></span> <span class='ocrx_word' id='word_1_184' title='bbox 1305 1717 1557 1778; x_wconf 83' lang='grc' dir='ltr'><strong><em>βαρβάρους</em></strong></span> <span class='ocrx_word' id='word_1_185' title='bbox 1591 1717 1702 1776; x_wconf 77' lang='grc' dir='ltr'><strong><em>ὑπὲρ</em></strong></span> 
     </span>
     <span class='ocr_line' id='line_1_23' title="bbox 218 1785 1704 1847; baseline -0.002 -14"><span class='ocrx_word' id='word_1_186' title='bbox 218 1785 427 1846; x_wconf 77' lang='grc' dir='ltr'><strong><em>ἀριθμόν,</em></strong></span> <span class='ocrx_word' id='word_1_187' title='bbox 458 1786 636 1834; x_wconf 76' lang='grc' dir='ltr'><strong><em>ἅπασαν</em></strong></span> <span class='ocrx_word' id='word_1_188' title='bbox 665 1789 713 1834; x_wconf 79' lang='grc' dir='ltr'><strong><em>δὲ</em></strong></span> <span class='ocrx_word' id='word_1_189' title='bbox 728 1786 806 1833; x_wconf 53' lang='grc' dir='ltr'><strong><em>τὲν</em></strong></span> <span class='ocrx_word' id='word_1_190' title='bbox 837 1789 957 1833; x_wconf 87' lang='grc' dir='ltr'><strong><em>λείαν</em></strong></span> <span class='ocrx_word' id='word_1_191' title='bbox 986 1790 1059 1834; x_wconf 81' lang='grc' dir='ltr'><strong><em>καὶ</em></strong></span> <span class='ocrx_word' id='word_1_192' title='bbox 1086 1787 1190 1842; x_wconf 74' lang='grc' dir='ltr'><strong><em>τοὺς</em></strong></span> <span class='ocrx_word' id='word_1_193' title='bbox 1211 1787 1520 1847; x_wconf 83' lang='grc' dir='ltr'><strong><em>δορυαλώτους</em></strong></span> <span class='ocrx_word' id='word_1_194' title='bbox 1547 1787 1704 1832; x_wconf 81' lang='grc' dir='ltr'><strong><em>ἀναλα-</em></strong></span> 
     </span>
    </p>
   </div>
   <div class='ocr_carea' id='block_1_3' title="bbox 353 1890 1707 2232">
    <p class='ocr_par' dir='ltr' id='par_1_3' title="bbox 353 1890 1707 2232">
     <span class='ocr_line' id='line_1_24' title="bbox 356 1890 1706 1941; baseline -0.002 -13"><span class='ocrx_word' id='word_1_195' title='bbox 356 1895 387 1928; x_wconf 93' lang='grc'><strong><em>1.</em></strong></span> <span class='ocrx_word' id='word_1_196' title='bbox 415 1890 574 1941; x_wconf 79' lang='grc' dir='ltr'><strong><em>στερῥὸν</em></strong></span> <span class='ocrx_word' id='word_1_197' title='bbox 598 1892 639 1939; x_wconf 83' lang='grc' dir='ltr'><strong><em>Ρ,</em></strong></span> <span class='ocrx_word' id='word_1_198' title='bbox 666 1890 798 1938; x_wconf 81' lang='grc' dir='ltr'><strong><em>στερὸν</em></strong></span> <span class='ocrx_word' id='word_1_199' title='bbox 823 1893 860 1929; x_wconf 91' lang='grc' dir='ltr'>Ο.</span> <span class='ocrx_word' id='word_1_200' title='bbox 1033 1894 1066 1929; x_wconf 88' lang='lat'><strong><em>5.</em></strong></span> <span class='ocrx_word' id='word_1_201' title='bbox 1093 1893 1244 1929; x_wconf 74' lang='lat' dir='ltr'>litterae</span> <span class='ocrx_word' id='word_1_202' title='bbox 1269 1892 1414 1939; x_wconf 75' lang='lat' dir='ltr'><strong>aliquot</strong></span> <span class='ocrx_word' id='word_1_203' title='bbox 1439 1891 1500 1927; x_wconf 92' lang='lat' dir='ltr'><strong><em>hic</em></strong></span> <span class='ocrx_word' id='word_1_204' title='bbox 1525 1893 1563 1927; x_wconf 90' lang='lat' dir='ltr'><strong><em>et</em></strong></span> <span class='ocrx_word' id='word_1_205' title='bbox 1589 1891 1629 1926; x_wconf 86' lang='lat' dir='ltr'><strong><em>in</em></strong></span> <span class='ocrx_word' id='word_1_206' title='bbox 1654 1901 1706 1925; x_wconf 77' lang='lat' dir='ltr'><strong><em>se-</em></strong></span> 
     </span>
     <span class='ocr_line' id='line_1_25' title="bbox 354 1936 1706 1987; baseline -0.001 -11"><span class='ocrx_word' id='word_1_207' title='bbox 354 1942 556 1987; x_wconf 77' lang='lat' dir='ltr'>quentibus</span> <span class='ocrx_word' id='word_1_208' title='bbox 580 1945 823 1978; x_wconf 82' lang='lat' dir='ltr'>evanuerunt.</span> <span class='ocrx_word' id='word_1_209' title='bbox 910 1943 1088 1987; x_wconf 79' lang='grc' dir='ltr'><strong><em>κατέλαβε</em></strong></span> <span class='ocrx_word' id='word_1_210' title='bbox 1103 1969 1259 1978; x_wconf 87' lang='grc'><strong>.......</strong></span> <span class='ocrx_word' id='word_1_211' title='bbox 1274 1941 1314 1978; x_wconf 89' lang='grc' dir='ltr'><strong><em>Ρ.</em></strong></span> <span class='ocrx_word' id='word_1_212' title='bbox 1390 1936 1555 1984; x_wconf 78' lang='grc' dir='ltr'><strong><em>τοιαύτης</em></strong></span> <span class='ocrx_word' id='word_1_213' title='bbox 1569 1967 1577 1975; x_wconf 90' lang='grc'><strong>.</strong></span> <span class='ocrx_word' id='word_1_214' title='bbox 1593 1967 1602 1975; x_wconf 90' lang='grc'><strong>.</strong></span> <span class='ocrx_word' id='word_1_215' title='bbox 1619 1967 1627 1974; x_wconf 94' lang='grc'><strong>.</strong></span> <span class='ocrx_word' id='word_1_216' title='bbox 1642 1965 1650 1974; x_wconf 93' lang='grc'><em>.</em></span> <span class='ocrx_word' id='word_1_217' title='bbox 1666 1938 1706 1974; x_wconf 92' lang='grc' dir='ltr'><strong><em>Ρ.</em></strong></span> 
     </span>
     <span class='ocr_line' id='line_1_26' title="bbox 354 1987 1706 2036; baseline -0.002 -11"><span class='ocrx_word' id='word_1_218' title='bbox 354 1991 387 2026; x_wconf 87' lang='grc'>6</span> <span class='ocrx_word' id='word_1_219' title='bbox 418 1991 534 2026; x_wconf 81' lang='grc' dir='ltr'><strong><em>πολυ.</em></strong></span> <span class='ocrx_word' id='word_1_220' title='bbox 622 1990 684 2026; x_wconf 91' lang='lat' dir='ltr'><strong><em>..P</em></strong></span> <span class='ocrx_word' id='word_1_221' title='bbox 840 1992 872 2026; x_wconf 92' lang='lat'><strong><em>7.</em></strong></span> <span class='ocrx_word' id='word_1_222' title='bbox 896 1990 1026 2026; x_wconf 85' lang='grc' dir='ltr'><strong><em>τοῦτο.</em></strong></span> <span class='ocrx_word' id='word_1_223' title='bbox 1043 1990 1106 2036; x_wconf 89' lang='lat' dir='ltr'><strong><em>.P‚</em></strong></span> <span class='ocrx_word' id='word_1_224' title='bbox 1133 1990 1196 2026; x_wconf 84' lang='lat' dir='ltr'><strong><em>sed</em></strong></span> <span class='ocrx_word' id='word_1_225' title='bbox 1219 1990 1259 2025; x_wconf 88' lang='lat' dir='ltr'><strong><em>in</em></strong></span> <span class='ocrx_word' id='word_1_226' title='bbox 1285 1989 1414 2026; x_wconf 90' lang='lat' dir='ltr'>codice</span> <span class='ocrx_word' id='word_1_227' title='bbox 1437 1988 1539 2025; x_wconf 83' lang='lat' dir='ltr'>nulla</span> <span class='ocrx_word' id='word_1_228' title='bbox 1564 1987 1706 2024; x_wconf 89' lang='lat' dir='ltr'>lacuna.</span> 
     </span>
     <span class='ocr_line' id='line_1_27' title="bbox 353 2035 1706 2097; baseline -0.002 -23"><span class='ocrx_word' id='word_1_229' title='bbox 353 2039 387 2074; x_wconf 86' lang='grc'><strong><em>8.</em></strong></span> <span class='ocrx_word' id='word_1_230' title='bbox 412 2035 560 2095; x_wconf 81' lang='grc' dir='ltr'><strong><em>πουχήα</em></strong></span> <span class='ocrx_word' id='word_1_231' title='bbox 585 2039 753 2086; x_wconf 79' lang='grc' dir='ltr'><strong><em>(Πουχέα</em></strong></span> <span class='ocrx_word' id='word_1_232' title='bbox 780 2038 926 2097; x_wconf 80' lang='lat' dir='ltr'>scripsi)</span> <span class='ocrx_word' id='word_1_233' title='bbox 948 2041 1179 2087; x_wconf 81' lang='grc' dir='ltr'><strong><em>καλοιμένου</em></strong></span> <span class='ocrx_word' id='word_1_234' title='bbox 1205 2038 1244 2082; x_wconf 88' lang='grc' dir='ltr'>Ο,</span> <span class='ocrx_word' id='word_1_235' title='bbox 1272 2064 1460 2075; x_wconf 87' lang='grc'><strong>........</strong></span> <span class='ocrx_word' id='word_1_236' title='bbox 1476 2037 1518 2074; x_wconf 86' lang='grc' dir='ltr'><strong><em>Ρ.</em></strong></span> <span class='ocrx_word' id='word_1_237' title='bbox 1672 2037 1706 2071; x_wconf 89' lang='grc'><strong><em>9.</em></strong></span> 
     </span>
     <span class='ocr_line' id='line_1_28' title="bbox 360 2084 1706 2134; baseline -0.001 -13"><span class='ocrx_word' id='word_1_238' title='bbox 360 2084 603 2134; x_wconf 79' lang='grc' dir='ltr'><strong><em>στυπΙπειώτη</em></strong></span> <span class='ocrx_word' id='word_1_239' title='bbox 619 2087 658 2123; x_wconf 88' lang='lat' dir='ltr'>C.</span> <span class='ocrx_word' id='word_1_240' title='bbox 733 2085 825 2122; x_wconf 80' lang='grc' dir='ltr'><strong><em>κατὰ</em></strong></span> <span class='ocrx_word' id='word_1_241' title='bbox 849 2088 924 2123; x_wconf 82' lang='grc' dir='ltr'><strong><em>τῶν</em></strong></span> <span class='ocrx_word' id='word_1_242' title='bbox 937 2087 974 2132; x_wconf 87' lang='lat' dir='ltr'><strong><em>C,</em></strong></span> <span class='ocrx_word' id='word_1_243' title='bbox 990 2115 1147 2124; x_wconf 87' lang='lat'>.......</span> <span class='ocrx_word' id='word_1_244' title='bbox 1162 2087 1201 2124; x_wconf 88' lang='lat' dir='ltr'><strong><em>P.</em></strong></span> <span class='ocrx_word' id='word_1_245' title='bbox 1277 2084 1458 2122; x_wconf 75' lang='grc' dir='ltr'><strong><em>ἀπελθεῖν</em></strong></span> <span class='ocrx_word' id='word_1_246' title='bbox 1471 2111 1654 2122; x_wconf 90' lang='grc'><strong>........</strong></span> <span class='ocrx_word' id='word_1_247' title='bbox 1667 2084 1706 2120; x_wconf 89' lang='grc' dir='ltr'><strong><em>Ρ.</em></strong></span> 
     </span>
     <span class='ocr_line' id='line_1_29' title="bbox 356 2132 1707 2192; baseline -0.001 -22"><span class='ocrx_word' id='word_1_248' title='bbox 356 2137 409 2171; x_wconf 90' lang='lat'>10.</span> <span class='ocrx_word' id='word_1_249' title='bbox 437 2132 661 2183; x_wconf 73' lang='grc' dir='ltr'><strong><em>αἰσθόμενοι</em></strong></span> <span class='ocrx_word' id='word_1_250' title='bbox 687 2136 725 2181; x_wconf 98' lang='grc' dir='ltr'>Ο,</span> <span class='ocrx_word' id='word_1_251' title='bbox 751 2134 875 2192; x_wconf 74' lang='grc' dir='ltr'><strong><em>θόμεν</em></strong></span> <span class='ocrx_word' id='word_1_252' title='bbox 877 2149 907 2170; x_wconf 84' lang='grc' dir='ltr'><strong><em>οι</em></strong></span> <span class='ocrx_word' id='word_1_253' title='bbox 926 2135 967 2173; x_wconf 92' lang='lat' dir='ltr'><strong><em>P.</em></strong></span> <span class='ocrx_word' id='word_1_254' title='bbox 1065 2136 1104 2171; x_wconf 90' lang='lat' dir='ltr'><strong><em>in</em></strong></span> <span class='ocrx_word' id='word_1_255' title='bbox 1122 2132 1189 2171; x_wconf 73' lang='grc' dir='ltr'><strong><em>δύο</em></strong></span> <span class='ocrx_word' id='word_1_256' title='bbox 1206 2135 1344 2172; x_wconf 83' lang='lat' dir='ltr'>desinit</span> <span class='ocrx_word' id='word_1_257' title='bbox 1358 2135 1419 2171; x_wconf 88' lang='lat' dir='ltr'>fol.</span> <span class='ocrx_word' id='word_1_258' title='bbox 1434 2134 1528 2170; x_wconf 78' lang='lat' dir='ltr'><strong><em>227b</em></strong></span> <span class='ocrx_word' id='word_1_259' title='bbox 1558 2133 1707 2170; x_wconf 86' lang='lat' dir='ltr'>codicis.</span> 
     </span>
     <span class='ocr_line' id='line_1_30' title="bbox 355 2163 1658 2232; baseline -0.002 -13"><span class='ocrx_word' id='word_1_260' title='bbox 355 2186 408 2220; x_wconf 89' lang='lat'><strong><em>16.</em></strong></span> <span class='ocrx_word' id='word_1_261' title='bbox 436 2185 591 2230; x_wconf 82' lang='grc' dir='ltr'><strong><em>τοῦρκον</em></strong></span> <span class='ocrx_word' id='word_1_262' title='bbox 617 2184 655 2230; x_wconf 88' lang='grc' dir='ltr'>Ο,</span> <span class='ocrx_word' id='word_1_263' title='bbox 692 2163 867 2231; x_wconf 82' lang='grc' dir='ltr'><strong><em>Τούρκων</em></strong></span> <span class='ocrx_word' id='word_1_264' title='bbox 891 2184 930 2221; x_wconf 96' lang='lat' dir='ltr'><strong><em>P.</em></strong></span> <span class='ocrx_word' id='word_1_265' title='bbox 1081 2185 1137 2221; x_wconf 88' lang='lat'><strong><em>19.</em></strong></span> <span class='ocrx_word' id='word_1_266' title='bbox 1163 2185 1204 2221; x_wconf 77' lang='grc' dir='ltr'><strong><em>ἐν</em></strong></span> <span class='ocrx_word' id='word_1_267' title='bbox 1224 2188 1354 2232; x_wconf 82' lang='grc' dir='ltr'><strong><em>χεροῖν</em></strong></span> <span class='ocrx_word' id='word_1_268' title='bbox 1378 2183 1416 2228; x_wconf 91' lang='lat' dir='ltr'><strong><em>C,</em></strong></span> <span class='ocrx_word' id='word_1_269' title='bbox 1443 2179 1595 2231; x_wconf 82' lang='grc' dir='ltr'><strong><em>ευχερὴν</em></strong></span> <span class='ocrx_word' id='word_1_270' title='bbox 1619 2181 1658 2218; x_wconf 87' lang='grc' dir='ltr'><strong><em>Ρ.</em></strong></span> 
     </span>
    </p>
   </div>
   <div class='ocr_carea' id='block_1_4' title="bbox 218 2266 1734 2943">
    <p class='ocr_par' dir='ltr' id='par_1_4' title="bbox 218 2266 1706 2362">
     <span class='ocr_line' id='line_1_31' title="bbox 218 2266 1706 2315; baseline -0.001 -13"><span class='ocrx_word' id='word_1_271' title='bbox 218 2278 385 2313; x_wconf 83' lang='lat' dir='ltr'>quaeque</span> <span class='ocrx_word' id='word_1_272' title='bbox 404 2279 478 2303; x_wconf 89' lang='lat' dir='ltr'><strong><em>non</em></strong></span> <span class='ocrx_word' id='word_1_273' title='bbox 507 2267 615 2304; x_wconf 83' lang='lat' dir='ltr'>facile</span> <span class='ocrx_word' id='word_1_274' title='bbox 639 2268 874 2311; x_wconf 83' lang='lat' dir='ltr'>disiceretur,</span> <span class='ocrx_word' id='word_1_275' title='bbox 899 2268 1165 2312; x_wconf 82' lang='lat' dir='ltr'>consideraret,</span> <span class='ocrx_word' id='word_1_276' title='bbox 1193 2280 1367 2315; x_wconf 81' lang='lat' dir='ltr'>magnam</span> <span class='ocrx_word' id='word_1_277' title='bbox 1393 2279 1494 2314; x_wconf 82' lang='lat' dir='ltr'>spem</span> <span class='ocrx_word' id='word_1_278' title='bbox 1521 2266 1706 2312; x_wconf 78' lang='lat' dir='ltr'>concepit,</span> 
     </span>
     <span class='ocr_line' id='line_1_32' title="bbox 219 2315 1029 2362; baseline 0.002 -12"><span class='ocrx_word' id='word_1_279' title='bbox 219 2327 313 2360; x_wconf 84' lang='lat' dir='ltr'>quae</span> <span class='ocrx_word' id='word_1_280' title='bbox 337 2318 381 2351; x_wconf 84' lang='lat' dir='ltr'><strong><em>ut</em></strong></span> <span class='ocrx_word' id='word_1_281' title='bbox 404 2319 488 2351; x_wconf 83' lang='lat' dir='ltr'>rata</span> <span class='ocrx_word' id='word_1_282' title='bbox 512 2315 631 2356; x_wconf 77' lang='lat' dir='ltr'>fieret.</span> <span class='ocrx_word' id='word_1_283' title='bbox 657 2317 766 2352; x_wconf 87' lang='lat' dir='ltr'>deum</span> <span class='ocrx_word' id='word_1_284' title='bbox 793 2317 1029 2362; x_wconf 80' lang='lat' dir='ltr'>precabatur.</span> 
     </span>
    </p>

    <p class='ocr_par' dir='ltr' id='par_1_5' title="bbox 219 2364 1709 2943">
     <span class='ocr_line' id='line_1_33' title="bbox 353 2364 1708 2411; baseline -0.001 -12"><span class='ocrx_word' id='word_1_285' title='bbox 353 2365 497 2400; x_wconf 74' lang='lat' dir='ltr'><strong><em>4.1ta</em></strong></span> <span class='ocrx_word' id='word_1_286' title='bbox 522 2365 707 2401; x_wconf 85' lang='lat' dir='ltr'>instructo</span> <span class='ocrx_word' id='word_1_287' title='bbox 734 2366 902 2402; x_wconf 87' lang='lat' dir='ltr'>exercitu</span> <span class='ocrx_word' id='word_1_288' title='bbox 928 2365 1153 2401; x_wconf 84' lang='lat' dir='ltr'>Santabarin</span> <span class='ocrx_word' id='word_1_289' title='bbox 1189 2365 1362 2411; x_wconf 85' lang='lat' dir='ltr'>pervenit</span> <span class='ocrx_word' id='word_1_290' title='bbox 1395 2378 1413 2397; x_wconf 67' lang='grc' dir='ltr'><strong><em>ια</em></strong></span> <span class='ocrx_word' id='word_1_291' title='bbox 1445 2364 1557 2400; x_wconf 88' lang='lat' dir='ltr'>duces</span> <span class='ocrx_word' id='word_1_292' title='bbox 1582 2374 1708 2399; x_wconf 84' lang='lat' dir='ltr'>omnes</span> 
     </span>
     <span class='ocr_line' id='line_1_34' title="bbox 219 2411 1708 2460; baseline 0 -14"><span class='ocrx_word' id='word_1_293' title='bbox 219 2411 330 2447; x_wconf 87' lang='lat' dir='ltr'>huius</span> <span class='ocrx_word' id='word_1_294' title='bbox 351 2426 368 2445; x_wconf 68' lang='grc' dir='ltr'><strong><em>ια</em></strong></span> <span class='ocrx_word' id='word_1_295' title='bbox 395 2412 621 2458; x_wconf 81' lang='lat' dir='ltr'>dispertiens</span> <span class='ocrx_word' id='word_1_296' title='bbox 636 2413 834 2460; x_wconf 79' lang='lat' dir='ltr'>Camytzeu</span> <span class='ocrx_word' id='word_1_297' title='bbox 861 2417 994 2450; x_wconf 85' lang='lat' dir='ltr'>contra</span> <span class='ocrx_word' id='word_1_298' title='bbox 1018 2414 1199 2460; x_wconf 87' lang='lat' dir='ltr'>oppidum</span> <span class='ocrx_word' id='word_1_299' title='bbox 1218 2413 1328 2449; x_wconf 88' lang='lat' dir='ltr'>Cedri</span> <span class='ocrx_word' id='word_1_300' title='bbox 1353 2413 1495 2458; x_wconf 80' lang='lat' dir='ltr'>emisit3</span> <span class='ocrx_word' id='word_1_301' title='bbox 1522 2412 1596 2447; x_wconf 87' lang='lat' dir='ltr'>fuit</span> <span class='ocrx_word' id='word_1_302' title='bbox 1620 2423 1708 2447; x_wconf 83' lang='lat' dir='ltr'>vero</span> 
     </span>
     <span class='ocr_line' id='line_1_35' title="bbox 220 2460 1704 2509; baseline 0 -14"><span class='ocrx_word' id='word_1_303' title='bbox 220 2460 289 2496; x_wconf 85' lang='lat' dir='ltr'><strong><em>hoc</em></strong></span> <span class='ocrx_word' id='word_1_304' title='bbox 334 2461 640 2507; x_wconf 81' lang='lat' dir='ltr'>munitissimum,</span> <span class='ocrx_word' id='word_1_305' title='bbox 683 2463 742 2498; x_wconf 89' lang='lat' dir='ltr'><strong><em>cui</em></strong></span> <span class='ocrx_word' id='word_1_306' title='bbox 783 2466 934 2509; x_wconf 81' lang='lat' dir='ltr'>satrapa</span> <span class='ocrx_word' id='word_1_307' title='bbox 968 2463 1132 2508; x_wconf 90' lang='lat' dir='ltr'>quidam,</span> <span class='ocrx_word' id='word_1_308' title='bbox 1182 2463 1247 2508; x_wconf 91' lang='lat' dir='ltr'><strong><em>qui</em></strong></span> <span class='ocrx_word' id='word_1_309' title='bbox 1285 2461 1451 2497; x_wconf 82' lang='lat' dir='ltr'>Pucheas</span> <span class='ocrx_word' id='word_1_310' title='bbox 1497 2460 1704 2504; x_wconf 82' lang='lat' dir='ltr'>dicebatur,</span> 
     </span>
     <span class='ocr_line' id='line_1_36' title="bbox 221 2507 1707 2556; baseline 0 -13"><span class='ocrx_word' id='word_1_311' title='bbox 221 2512 416 2554; x_wconf 81' lang='lat' dir='ltr'>praeerat3</span> <span class='ocrx_word' id='word_1_312' title='bbox 455 2508 670 2556; x_wconf 83' lang='lat' dir='ltr'>Stypeotam</span> <span class='ocrx_word' id='word_1_313' title='bbox 696 2514 821 2546; x_wconf 87' lang='lat' dir='ltr'>autem</span> <span class='ocrx_word' id='word_1_314' title='bbox 845 2512 956 2547; x_wconf 79' lang='lat' dir='ltr'>iussit</span> <span class='ocrx_word' id='word_1_315' title='bbox 981 2514 1112 2547; x_wconf 81' lang='lat' dir='ltr'>contra</span> <span class='ocrx_word' id='word_1_316' title='bbox 1136 2511 1318 2547; x_wconf 84' lang='lat' dir='ltr'>barbaros</span> <span class='ocrx_word' id='word_1_317' title='bbox 1340 2511 1382 2545; x_wconf 89' lang='lat' dir='ltr'><strong><em>in</em></strong></span> <span class='ocrx_word' id='word_1_318' title='bbox 1408 2510 1565 2546; x_wconf 90' lang='lat' dir='ltr'>Amorio</span> <span class='ocrx_word' id='word_1_319' title='bbox 1597 2507 1707 2554; x_wconf 87' lang='lat' dir='ltr'>profi-</span> 
     </span>
     <span class='ocr_line' id='line_1_37' title="bbox 220 2557 1706 2606; baseline 0 -15"><span class='ocrx_word' id='word_1_320' title='bbox 220 2557 319 2593; x_wconf 85' lang='lat' dir='ltr'>cisci.</span> <span class='ocrx_word' id='word_1_321' title='bbox 386 2569 460 2604; x_wconf 89' lang='lat' dir='ltr'><strong><em>quo</em></strong></span> <span class='ocrx_word' id='word_1_322' title='bbox 503 2559 658 2594; x_wconf 84' lang='lat' dir='ltr'>consilio</span> <span class='ocrx_word' id='word_1_323' title='bbox 708 2560 861 2605; x_wconf 82' lang='lat' dir='ltr'>cognito</span> <span class='ocrx_word' id='word_1_324' title='bbox 914 2559 989 2595; x_wconf 90' lang='lat' dir='ltr'><strong><em>duo</em></strong></span> <span class='ocrx_word' id='word_1_325' title='bbox 1034 2559 1188 2606; x_wconf 87' lang='lat' dir='ltr'>quidam</span> <span class='ocrx_word' id='word_1_326' title='bbox 1230 2559 1390 2604; x_wconf 81' lang='lat' dir='ltr'>Scythae</span> <span class='ocrx_word' id='word_1_327' title='bbox 1431 2558 1478 2594; x_wconf 89' lang='lat' dir='ltr'><strong><em>ad</em></strong></span> <span class='ocrx_word' id='word_1_328' title='bbox 1519 2558 1706 2593; x_wconf 82' lang='lat' dir='ltr'>Pucheam</span> 
     </span>
     <span class='ocr_line' id='line_1_38' title="bbox 220 2605 1707 2654; baseline 0.001 -15"><span class='ocrx_word' id='word_1_329' title='bbox 220 2605 505 2651; x_wconf 72' lang='lat' dir='ltr'>tmusfugerunt</span> <span class='ocrx_word' id='word_1_330' title='bbox 547 2610 585 2643; x_wconf 75' lang='lat' dir='ltr'><strong><em>et</em></strong></span> <span class='ocrx_word' id='word_1_331' title='bbox 627 2608 822 2653; x_wconf 86' lang='lat' dir='ltr'>Camytzae</span> <span class='ocrx_word' id='word_1_332' title='bbox 871 2611 908 2644; x_wconf 85' lang='lat' dir='ltr'><strong><em>et</em></strong></span> <span class='ocrx_word' id='word_1_333' title='bbox 942 2608 1182 2654; x_wconf 82' lang='lat' dir='ltr'>imperatoris</span> <span class='ocrx_word' id='word_1_334' title='bbox 1225 2608 1427 2643; x_wconf 76' lang='lat' dir='ltr'>adventum</span> <span class='ocrx_word' id='word_1_335' title='bbox 1473 2607 1707 2642; x_wconf 77' lang='lat' dir='ltr'>nuntiarunt.</span> 
     </span>
     <span class='ocr_line' id='line_1_39' title="bbox 220 2652 1709 2702; baseline 0.001 -15"><span class='ocrx_word' id='word_1_336' title='bbox 220 2652 251 2687; x_wconf 87' lang='lat' dir='ltr'><strong><em>is</em></strong></span> <span class='ocrx_word' id='word_1_337' title='bbox 281 2657 382 2689; x_wconf 87' lang='lat' dir='ltr'>metu</span> <span class='ocrx_word' id='word_1_338' title='bbox 419 2656 547 2690; x_wconf 79' lang='lat' dir='ltr'>statim</span> <span class='ocrx_word' id='word_1_339' title='bbox 581 2660 777 2702; x_wconf 82' lang='lat' dir='ltr'>correptus</span> <span class='ocrx_word' id='word_1_340' title='bbox 814 2657 936 2692; x_wconf 86' lang='lat' dir='ltr'>media</span> <span class='ocrx_word' id='word_1_341' title='bbox 976 2660 1086 2693; x_wconf 90' lang='lat' dir='ltr'>nocte</span> <span class='ocrx_word' id='word_1_342' title='bbox 1119 2668 1203 2693; x_wconf 93' lang='lat' dir='ltr'><strong><em>cum</em></strong></span> <span class='ocrx_word' id='word_1_343' title='bbox 1245 2657 1321 2691; x_wconf 80' lang='lat' dir='ltr'><strong><em>suis</em></strong></span> <span class='ocrx_word' id='word_1_344' title='bbox 1363 2655 1469 2701; x_wconf 81' lang='lat' dir='ltr'>abiit,</span> <span class='ocrx_word' id='word_1_345' title='bbox 1504 2667 1547 2691; x_wconf 92' lang='lat' dir='ltr'><strong><em>ac</em></strong></span> <span class='ocrx_word' id='word_1_346' title='bbox 1587 2655 1709 2700; x_wconf 86' lang='lat' dir='ltr'>prima</span> 
     </span>
     <span class='ocr_line' id='line_1_40' title="bbox 219 2701 1707 2749; baseline 0.001 -14"><span class='ocrx_word' id='word_1_347' title='bbox 219 2701 302 2736; x_wconf 89' lang='lat' dir='ltr'>lucc</span> <span class='ocrx_word' id='word_1_348' title='bbox 329 2714 396 2738; x_wconf 89' lang='lat' dir='ltr'><strong><em>nec</em></strong></span> <span class='ocrx_word' id='word_1_349' title='bbox 409 2702 593 2739; x_wconf 85' lang='lat' dir='ltr'>Pucheam</span> <span class='ocrx_word' id='word_1_350' title='bbox 619 2716 688 2740; x_wconf 89' lang='lat' dir='ltr'><strong><em>nec</em></strong></span> <span class='ocrx_word' id='word_1_351' title='bbox 711 2705 826 2740; x_wconf 85' lang='lat' dir='ltr'>alium</span> <span class='ocrx_word' id='word_1_352' title='bbox 853 2707 1006 2742; x_wconf 87' lang='lat' dir='ltr'>omnino</span> <span class='ocrx_word' id='word_1_353' title='bbox 1032 2717 1052 2740; x_wconf 90' lang='lat' dir='ltr'><strong><em>e</em></strong></span> <span class='ocrx_word' id='word_1_354' title='bbox 1069 2705 1200 2741; x_wconf 78' lang='lat' dir='ltr'>Turcis</span> <span class='ocrx_word' id='word_1_355' title='bbox 1217 2703 1407 2749; x_wconf 83' lang='lat' dir='ltr'>Camytzes</span> <span class='ocrx_word' id='word_1_356' title='bbox 1431 2703 1587 2748; x_wconf 82' lang='lat' dir='ltr'>invenit,</span> <span class='ocrx_word' id='word_1_357' title='bbox 1605 2714 1707 2738; x_wconf 92' lang='lat' dir='ltr'>cum-</span> 
     </span>
     <span class='ocr_line' id='line_1_41' title="bbox 220 2751 1707 2800; baseline 0.001 -16"><span class='ocrx_word' id='word_1_358' title='bbox 220 2761 292 2794; x_wconf 86' lang='lat' dir='ltr'><strong><em>que</em></strong></span> <span class='ocrx_word' id='word_1_359' title='bbox 318 2751 445 2795; x_wconf 85' lang='lat' dir='ltr'>spoliis</span> <span class='ocrx_word' id='word_1_360' title='bbox 470 2752 676 2787; x_wconf 79' lang='lat' dir='ltr'>confertam</span> <span class='ocrx_word' id='word_1_361' title='bbox 694 2752 870 2788; x_wconf 85' lang='lat' dir='ltr'>Cedream</span> <span class='ocrx_word' id='word_1_362' title='bbox 889 2754 1019 2789; x_wconf 87' lang='lat' dir='ltr'>urbem</span> <span class='ocrx_word' id='word_1_363' title='bbox 1045 2754 1255 2800; x_wconf 86' lang='lat' dir='ltr'>reperisset.</span> <span class='ocrx_word' id='word_1_364' title='bbox 1271 2753 1367 2788; x_wconf 89' lang='lat' dir='ltr'>nihil</span> <span class='ocrx_word' id='word_1_365' title='bbox 1392 2763 1520 2788; x_wconf 88' lang='lat' dir='ltr'>eorum</span> <span class='ocrx_word' id='word_1_366' title='bbox 1535 2751 1707 2797; x_wconf 79' lang='lat' dir='ltr'>appetiit,</span> 
     </span>
     <span class='ocr_line' id='line_1_42' title="bbox 220 2797 1707 2848; baseline 0.002 -17"><span class='ocrx_word' id='word_1_367' title='bbox 220 2797 284 2832; x_wconf 84' lang='lat' dir='ltr'><strong><em>sed</em></strong></span> <span class='ocrx_word' id='word_1_368' title='bbox 302 2798 476 2834; x_wconf 82' lang='lat' dir='ltr'>taedebat</span> <span class='ocrx_word' id='word_1_369' title='bbox 492 2812 576 2835; x_wconf 84' lang='lat' dir='ltr'><strong><em>eum</em></strong></span> <span class='ocrx_word' id='word_1_370' title='bbox 594 2804 636 2836; x_wconf 85' lang='lat' dir='ltr'><strong><em>ut</em></strong></span> <span class='ocrx_word' id='word_1_371' title='bbox 653 2804 858 2847; x_wconf 74' lang='lat' dir='ltr'>venatores,</span> <span class='ocrx_word' id='word_1_372' title='bbox 875 2803 1011 2848; x_wconf 85' lang='lat' dir='ltr'>quibus</span> <span class='ocrx_word' id='word_1_373' title='bbox 1027 2802 1167 2848; x_wconf 82' lang='lat' dir='ltr'>praeda</span> <span class='ocrx_word' id='word_1_374' title='bbox 1183 2813 1203 2837; x_wconf 85' lang='lat' dir='ltr'><strong><em>e</em></strong></span> <span class='ocrx_word' id='word_1_375' title='bbox 1220 2802 1392 2837; x_wconf 85' lang='lat' dir='ltr'>manibus</span> <span class='ocrx_word' id='word_1_376' title='bbox 1411 2801 1536 2846; x_wconf 82' lang='lat' dir='ltr'>elapsa</span> <span class='ocrx_word' id='word_1_377' title='bbox 1554 2803 1627 2844; x_wconf 58' lang='grc' dir='ltr'><strong><em>θεῖς</em></strong></span> <span class='ocrx_word' id='word_1_378' title='bbox 1643 2810 1707 2834; x_wconf 90' lang='lat' dir='ltr'><strong><em>no·</em></strong></span> 
     </span>
     <span class='ocr_line' id='line_1_43' title="bbox 221 2845 1707 2904; baseline 0.002 -24"><span class='ocrx_word' id='word_1_379' title='bbox 221 2845 293 2881; x_wconf 84' lang='lat' dir='ltr'>luit</span> <span class='ocrx_word' id='word_1_380' title='bbox 316 2847 436 2892; x_wconf 83' lang='lat' dir='ltr'>igitur</span> <span class='ocrx_word' id='word_1_381' title='bbox 459 2848 513 2883; x_wconf 90' lang='lat' dir='ltr'><strong><em>ibi</em></strong></span> <span class='ocrx_word' id='word_1_382' title='bbox 542 2850 680 2885; x_wconf 82' lang='lat' dir='ltr'>morari</span> <span class='ocrx_word' id='word_1_383' title='bbox 704 2853 924 2895; x_wconf 79' lang='lat' dir='ltr'>mutatoque</span> <span class='ocrx_word' id='word_1_384' title='bbox 955 2851 1091 2886; x_wconf 85' lang='lat' dir='ltr'>itinere</span> <span class='ocrx_word' id='word_1_385' title='bbox 1118 2851 1245 2886; x_wconf 85' lang='lat' dir='ltr'>statim</span> <span class='ocrx_word' id='word_1_386' title='bbox 1270 2849 1493 2895; x_wconf 76' lang='lat' dir='ltr'>Polybotum</span> <span class='ocrx_word' id='word_1_387' title='bbox 1519 2848 1707 2904; x_wconf 79' lang='lat' dir='ltr'>profectus</span> 
     </span>
     <span class='ocr_line' id='line_1_44' title="bbox 221 2894 1734 2943; baseline 0.001 -14"><span class='ocrx_word' id='word_1_388' title='bbox 221 2905 267 2929; x_wconf 85' lang='lat' dir='ltr'><strong><em>ex</em></strong></span> <span class='ocrx_word' id='word_1_389' title='bbox 292 2894 495 2941; x_wconf 85' lang='lat' dir='ltr'>improviso</span> <span class='ocrx_word' id='word_1_390' title='bbox 522 2896 700 2932; x_wconf 78' lang='lat' dir='ltr'>barbaros</span> <span class='ocrx_word' id='word_1_391' title='bbox 728 2898 974 2943; x_wconf 84' lang='lat' dir='ltr'>deprehendit</span> <span class='ocrx_word' id='word_1_392' title='bbox 999 2903 1037 2934; x_wconf 88' lang='lat' dir='ltr'><strong><em>et</em></strong></span> <span class='ocrx_word' id='word_1_393' title='bbox 1062 2898 1370 2935; x_wconf 84' lang='lat' dir='ltr'>innumerabilem</span> <span class='ocrx_word' id='word_1_394' title='bbox 1396 2909 1524 2933; x_wconf 80' lang='lat' dir='ltr'>eorum</span> <span class='ocrx_word' id='word_1_395' title='bbox 1561 2897 1734 2942; x_wconf 87' lang='lat' dir='ltr'>copiam</span> 
     </span>
    </p>
   </div>
  </div>
 </body>
</html>
