1734 3120
183 200 264 240 354
685 204 851 239 ANNAE
880 203 1145 239 COMNENAE

177 321 392 378 βδελυροῦ
419 315 578 364 τούτου
608 315 761 371 πάνθ’,
795 313 921 370 ὅπως
959 311 1074 371 εἶχεν
1105 315 1150 359 ἕν
1171 316 1226 375 τῇ
1262 316 1396 375 ψυχῇ,
1443 313 1666 372 ἐξερευγό-

180 389 313 445 μένου
344 388 417 432 καὶ
445 383 697 446 ἀναφανδὸν
730 386 945 444 λέγοντος.
1014 384 1037 430 ὁ
1073 385 1121 430 δὲ
1161 382 1437 443 γραμματεὺς
1475 379 1668 441 ἀπεγρά-

179 475 291 518 φετο
325 457 513 503 ἔνδοθεν
540 458 619 501 τοῦ
651 453 940 512 πετάσματος
964 453 1018 498 τὰ
1050 452 1276 512 λεγόμενα.
1331 454 1405 498 καὶ
1435 450 1459 497 ὁ
1492 453 1572 509 μὲν
1592 453 1670 509 λῆ-

181 544 257 584 ρος
289 527 455 578 ἐκεῖνος
486 522 748 577 διδάσκαλος
775 526 839 582 τῷ
878 524 1026 567 δοκεῖν
1053 522 1231 579 ἐγίνετο,
1275 521 1584 580 ε’σχηματίζετο
1623 519 1671 564 δὲ

179 593 257 654 τὴν
286 594 536 653 μαθητείαν
566 591 590 637 ὃ
626 589 842 649 βασιλεὺς,
875 587 1163 650 ἀπεγράφετο
1196 589 1245 635 δὲ
1277 588 1331 633 τὰ
1359 592 1437 648 τῆς
1467 590 1707 634 διδασκα-5

179 663 275 716 λίας
306 660 330 707 ὃ
359 657 742 720 ὗπογραμματεύς.
798 656 948 704 πάντα
976 658 1023 702 δὲ
1054 654 1164 716 ῥητά
1194 674 1242 702 τε
1273 658 1352 716 καὶγ
1375 651 1542 716 ἶίρρητα
1574 657 1672 701 ἑπι-

180 735 379 789 συνεῖρεν
417 728 440 775 ὁ
473 726 731 789 θεοπληγὴς
777 728 943 779 ἐκεῖνος
987 721 1093 786 ἀνὴρ
1136 726 1209 770 καὶ
1253 720 1431 778 οὐδενὸς
1461 725 1671 785 ἐφείσατο

141 803 427 857 Οθεομισοῖς
456 797 686 856 δόγματος,
732 792 839 840 ἀλλὰ
885 796 958 839 καὶ
998 792 1078 855 τὴν
1105 795 1346 852 θεολογίαν
1375 791 1500 854 ἡμῶν
1532 809 1671 850 παρε-

29 879 68 916 V.
97 880 167 915 385
178 871 379 928 βλέψατο
409 869 482 912 καὶ
511 865 591 928 τὴν
622 865 877 921 οἰκονομίαν
907 867 1055 909 πᾶσαν
1074 861 1291 923 ἑφάντασε
1312 860 1508 916 καὶτοὺς
1527 859 1670 915 ναούς,

181 937 315 996 οἶζιιοι,
348 936 452 990 τους
482 934 628 994 ἱερούς
662 932 792 987 ναούς
821 930 1044 989 δαιμόνων
1073 927 1277 989 ω’νόμακε
1315 932 1388 976 καὶ
1426 929 1478 976 τὸ
1521 927 1673 975 τελού-
1689 937 1733 970 10

179 1024 311 1064 μενον
340 1009 444 1064 παρ’
476 1003 581 1064 ἡμῖν
611 1005 741 1060 σῶμα
766 1003 839 1046 καὶ
867 997 980 1058 αἷμα
1009 1004 1089 1046 τοῦ
1124 999 1310 1058 πρώτου
1340 1001 1414 1044 καὶ
1438 999 1675 1056 ἀρχιερέως

181 1076 254 1119 καὶ
283 1073 487 1132 θύματος
517 1070 641 1130 παρὰ
671 1072 842 1131 φαῦλον
884 1069 1021 1115 ἔθετο
1062 1069 1136 1113 καὶ
1170 1069 1411 1128 ἐλογίσατο.
1481 1062 1594 1112 ἀλλὰ
1631 1065 1675 1110 τί

179 1141 230 1188 τὸ
264 1144 499 1197 ἕντεῦθενς
529 1136 803 1198 ἀπορρίπτει
832 1138 911 1198 τὴν
939 1137 1099 1198 σκηνὴν
1130 1136 1154 1183 ὁ
1183 1136 1389 1195 βασιλεὺς
1414 1137 1487 1181 καὶ
1507 1131 1673 1180 ἀναπε-

180 1209 358 1257 τάννυσι
380 1217 404 1265 †
423 1213 577 1255 τοῦτο·
610 1210 683 1253 καὶ
713 1207 764 1253 τὸ
798 1206 1082 1266 συγκλητικὸν
1109 1204 1228 1251 ἅπαν
1263 1203 1563 1264 συνήθροιστο
1603 1204 1676 1248 καὶ

180 1279 232 1325 τὸ
272 1275 595 1338 στρατιωτικὸν
638 1278 887 1322 συνείλεκτο
930 1275 1152 1334 σύνταγμα
1194 1276 1267 1320 καὶ
1303 1272 1329 1336 ἦ
1365 1274 1571 1332 γερουσία
1598 1275 1675 1333 τῆς
1691 1283 1734 1318 15

183 1350 411 1408 ἐκκλησίας
440 1351 584 1407 συνῆν.
640 1342 935 1404 προῦκάθητο
967 1346 1004 1390 δ’
1034 1339 1118 1402 ἄρα
1147 1343 1198 1389 τὸ
1230 1346 1464 1402 τηνικαῦτα
1492 1344 1573 1387 τοῦ
1597 1344 1676 1401 τῆς

137 1429 171 1465 D
182 1418 408 1475 βασιλίδος
445 1414 623 1468 πόλεως
660 1411 831 1471 θρόνου
868 1412 892 1458 ὁ
934 1414 979 1458 ἐν
1010 1411 1301 1471 πατριάρχαις
1340 1407 1676 1469 μακαριώτατος

184 1484 207 1530 ὁ
239 1482 536 1544 γραμματικὸς
568 1484 591 1527 ὁ
613 1480 762 1539 κύριος
778 1479 1009 1535 Νικόλαος.
1053 1483 1126 1526 καὶ
1155 1476 1471 1539 ἀνεγινώσκετο
1488 1477 1543 1523 τὰ
1563 1483 1674 1523 θεο-

183 1557 319 1612 στυγῆ
349 1550 545 1610 δόγματα
572 1551 647 1595 καὶ
676 1550 701 1594 ὁ
734 1550 910 1608 ἔλεγχος
949 1546 1227 1608 ἀδιάβλητος.
1293 1549 1368 1593 καὶ
1407 1543 1509 1592 οὐδὲ
1541 1544 1565 1591 ὁ
1595 1549 1674 1604 τῆς

27 1635 65 1670 Ρ,
96 1635 167 1671 489
182 1621 376 1673 ἐναντίας
402 1621 562 1677 μοίρας
597 1617 778 1676 ἔξαρνος
813 1610 876 1678 ἦν,
917 1613 1007 1662 ἀλλ’
1050 1613 1206 1662 αὐτίκα
1241 1617 1314 1661 καὶ
1352 1616 1490 1676 γυμνῇ
1519 1615 1573 1675 τῇ
1602 1631 1673 1658 κε·
1687 1623 1734 1658 20

181 1691 299 1751 φαλῇ
330 1687 446 1745 πρὸς
476 1687 796 1745 ἕναντιολογίας
827 1684 986 1744 ἐχώρει
1015 1686 1089 1731 καὶ
1108 1684 1224 1744 πρὸς
1255 1688 1345 1742 πῦρ
1366 1685 1439 1729 καὶ
1461 1681 1674 1741 μάστιγας

180 1760 253 1804 καὶ
281 1758 465 1815 μυρίους
484 1754 713 1810 θανάτους
732 1753 1175 1814 ἀντιπαρατάξασθαι
1194 1753 1463 1810 ὑπισχνεῖτο.
1503 1768 1670 1797 πεπισ-

318 1865 350 1898 1.
378 1859 495 1909 ὅπως]
524 1875 552 1896 ω
578 1863 618 1897 in
647 1873 718 1897 ras.
745 1874 792 1897 m.
817 1863 839 1896 2
867 1861 903 1897 C.
1110 1862 1143 1897 6.
1170 1859 1391 1905 ἒπισυνῆρεν
1416 1857 1486 1902 ΟΡ,
1513 1858 1673 1894 correxi.

315 1913 348 1948 8.
373 1910 466 1959 ἡμῖν
492 1910 560 1957 GP,
587 1910 747 1947 correxi.
870 1912 904 1946 9.
933 1906 954 1954 ἡ
990 1905 1123 1945 aimus?
1242 1909 1296 1944 14.
1323 1906 1365 1943 τὸ
1394 1908 1675 1954 παραπέτασμα

313 1960 446 1995 resno?
569 1960 623 1995 18.
648 1957 910 2007 γραμματικὸς
935 1970 957 1994 a
983 1958 1020 1995 d.
1045 1958 1086 1994 in
1110 1957 1244 1994 lacuna
1267 1969 1316 1993 m.
1342 1958 1363 1992 2
1390 1955 1429 1992 C.
1513 1950 1611 2000 κύρις
1635 1953 1674 1989 Ρ.

315 2010 374 2045 20.
399 2009 548 2055 ἔξαρνος
571 2007 612 2051 P,
639 2008 791 2055 ἔξαρχος
816 2007 852 2043 O.

181 2096 345 2142 cipibus,
381 2095 447 2141 qui
477 2094 648 2139 aderant,
682 2094 824 2131 seclusa
867 2094 993 2131 omnia
1025 2093 1192 2130 nefarius
1227 2093 1316 2137 iste,
1351 2091 1449 2128 sicui:
1472 2090 1513 2126 in
1551 2090 1675 2125 animo

181 2148 299 2191 erant,
324 2146 504 2190 expueret
528 2146 732 2190 aperteque
758 2142 957 2190 proferret,
983 2143 1105 2179 scriba
1131 2145 1257 2178 autem
1285 2141 1333 2177 ab
1358 2139 1538 2176 interiore
1554 2138 1675 2173 aulaei

181 2196 306 2239 parte,
345 2192 528 2238 quidquid
566 2191 781 2237 dicebatur,
819 2194 981 2229 notat-ei.
1037 2203 1081 2228 ae
1117 2193 1280 2238 nugator
1313 2190 1385 2225 iste
1415 2188 1566 2224 illorum
1601 2187 1674 2222 sibi

180 2242 359 2289 magister
403 2241 623 2286 videbatur,
671 2240 973 2287 discipulumque
1023 2241 1231 2286 imperator
1279 2250 1316 2274 se
1356 2249 1434 2273 esse
1473 2235 1674 2276 simulavit,

181 2291 394 2327 doctrinam
410 2302 498 2327 vero
523 2291 602 2326 eius
624 2290 749 2326 scriba
762 2290 900 2333 litteris
914 2289 1135 2334 mandabat3
1156 2288 1406 2332 oonexuitque
1421 2285 1548 2321 omnia
1564 2283 1677 2320 fanda

180 2339 414 2385 nefandaque
455 2338 514 2374 vir
557 2338 620 2374 ille
654 2339 753 2374 malo
782 2339 922 2384 spiritu
949 2340 1081 2384 captus
1109 2349 1178 2374 neo
1203 2336 1270 2372 ulli
1297 2335 1476 2371 scelerato
1508 2332 1679 2379 dogmati

180 2388 361 2434 pepercit,
401 2388 517 2423 immo
559 2387 790 2433 theologiam
827 2390 994 2422 nostram
1030 2388 1257 2432 oonssempsit
1285 2387 1323 2419 et
1351 2386 1471 2419 totam
1513 2382 1678 2418 divinam

181 2437 433 2472 oeconomiam
465 2436 601 2472 everssit
632 2438 670 2471 et
696 2447 800 2472 sacra
825 2435 966 2481 templa
996 2434 1089 2470 heu!
1134 2434 1358 2470 daemonum
1399 2431 1506 2467 aedes
1552 2429 1677 2476 appel-

180 2485 292 2530 lavit3
314 2485 405 2530 quin
427 2487 464 2520 et
483 2496 638 2531 pravam
654 2484 968 2530 resufflandamque
989 2483 1149 2520 ducebat
1176 2480 1495 2519 conseerassionem
1509 2482 1676 2514 nostram

182 2534 350 2579 corporis
376 2533 640 2579 sanguinisque
667 2534 756 2579 eius,
782 2533 847 2579 qui
873 2536 912 2568 et
937 2533 1082 2578 primus
1107 2531 1277 2578 pontifex
1306 2532 1345 2565 et
1366 2529 1521 2566 victima
1552 2528 1677 2573 prima

183 2585 248 2617 est.
286 2582 340 2617 ibi
365 2594 451 2618 vero
472 2583 679 2627 imperator
704 2582 846 2618 larvam
871 2582 981 2628 ponit
997 2581 1195 2626 velumque
1221 2578 1384 2615 reducifi:
1410 2579 1566 2622 eratque
1591 2587 1676 2611 con·
1730 2605 1734 2610 .

183 2633 359 2676 gregat-us
397 2633 434 2666 et
471 2633 574 2666 totus
613 2633 765 2676 patrum
799 2641 990 2666 consessus
1031 2632 1069 2666 et
1099 2629 1192 2666 ordo
1225 2626 1401 2663 militaris
1433 2628 1471 2661 et
1503 2623 1678 2661 ecclesiae

183 2681 341 2714 senatus.
394 2679 630 2724 praesidebat
647 2682 737 2715 fiune
758 2679 797 2714 in
816 2679 1083 2724 imperatoriae
1101 2678 1267 2714 civitatis
1284 2676 1423 2711 throno
1441 2673 1677 2710 beatissimus

181 2726 400 2772 patriarcha
425 2727 598 2763 dominus
612 2727 787 2764 Nicolaus
810 2729 1091 2774 grammaticus.
1141 2738 1184 2762 ac
1208 2724 1378 2761 recitatis
1403 2721 1677 2759 execrabilibus

182 2774 369 2821 dogmatis
409 2788 484 2811 non
522 2776 648 2821 potuit
682 2776 842 2812 refutari
878 2776 1114 2821 oriminatio3
1158 2774 1221 2811 sed
1257 2785 1304 2809 ne
1337 2771 1492 2808 adversa
1523 2769 1674 2816 quidem

182 2835 270 2869 pars
295 2823 434 2859 infitias
474 2824 563 2860 ivit:
603 2825 717 2861 immo
751 2824 881 2860 statim
910 2825 974 2860 ille
1002 2824 1156 2861 adversa
1184 2822 1310 2859 fronte
1339 2820 1388 2857 ad
1421 2819 1675 2856 defensionem

182 2883 380 2908 conversus
412 2872 536 2918 ignem
571 2876 609 2908 et
635 2872 783 2920 flagella
807 2875 847 2909 et
870 2872 1161 2910 innumerabilia
1185 2870 1319 2908 mortis
1343 2880 1483 2916 genera
1507 2879 1545 2904 se
1571 2867 1674 2903 subi-

1701 2944 1734 2959 'a
