1768 3152
230 234 281 275 56
731 232 895 268 ANNAE
922 229 1189 266 OOMNENAE

228 353 455 413 βάρβαρον
484 353 556 397 καὶ
586 349 658 396 διὰ
683 352 815 394 τοῦτο
859 343 1063 403 οἰόμενος
1098 345 1272 390 πείσειν
1311 339 1453 389 αὐτὸν
1491 342 1609 402 πρὸς
1643 342 1722 404 τὴν

230 424 418 480 περαίαν
461 419 835 467 διαπλωΐσασθαι.
895 414 919 460 ὁ
953 416 1001 459 δὲ
1043 416 1214 459 θᾶττον
1243 410 1273 474 ἢ
1302 410 1434 471 λόγος
1477 410 1590 470 μετὰ
1633 415 1723 458 τῶν

231 491 452 538 συνόντων
480 486 598 548 ming]
629 489 813 532 Κελτῶν
841 480 1206 542 παραταξάμενος
1238 479 1301 536 ὦς
1331 483 1445 527 λέων
1481 479 1612 541 ἐχάρη
1642 499 1722 539 με-

231 560 352 620 γάλῳ
384 556 460 605 ἐπὶ
489 556 658 615 σώματι
703 554 864 612 κύρσας
908 554 980 597 καὶ
1024 559 1257 611 τηνικαῦτα
1300 551 1413 609 μετὰ
1457 554 1538 596 τοῦ
1570 545 1721 596 ’Ώπου

232 632 364 688 μέγαν
403 629 628 685 συνίστησι
663 622 875 681 πόλεμον.
948 618 1210 677 καταλαβών
1247 620 1296 665 δὲ
1332 621 1406 665 καὶ
1437 618 1462 664 ὃ
1496 618 1758 679 Πηγάσιοςὸ

235 696 501 751 διαπόντιος,
544 697 612 754 ἐφ’
657 685 692 753 ᾦ
722 690 906 745 τούτους
945 692 1175 748 διαπερᾶν,
1216 690 1290 734 καὶ
1325 687 1609 747 θεασάμενος
1646 687 1724 748 τὴν

194 765 344 817 Βκατά
373 764 454 824 τήν
484 759 668 826 ἤπειρον
695 759 834 819 μάχην
862 760 934 804 καὶ
975 757 1079 812 τοὺς
1109 755 1310 812 Κελτούς
1349 755 1624 816 ἰταμώτερον
1661 760 1725 817 τῷ

233 833 460 892 Ῥωμαϊκῷ
490 827 781 888 στρατεύματι
811 824 1186 885 προσβάλλοντας,
1207 829 1292 870 τῶν
1313 829 1428 885 νηῶν
1450 824 1726 886 ἑξεληλυθώς

236 902 285 958 ἐξ
312 897 539 946 ὀπισθίων
569 895 837 956 προσβάλλει
869 896 939 940 καὶ
960 890 1098 948 αὐτὸς
1126 898 1224 948 τοῖς
1243 895 1448 948 Κελτοῖς.
1495 888 1726 950 ἀναιροῖν-

235 989 306 1016 ται
337 971 483 1014 τοίνυν
512 970 743 1027 τηνικαῦτα
770 966 951 1010 πολλοί·
985 966 1192 1009 πλεῖστοι
1222 963 1271 1008 δὲ
1303 964 1376 1008 καὶ
1396 960 1768 1020 τιτρώσκονται.ἱὶ

235 1041 308 1084 καὶ
339 1037 480 1091 οὕτως
514 1035 554 1082 οἳ
587 1035 810 1088 σωθέντες
843 1030 1158 1079 ἀνακαλοῦνται
1188 1031 1271 1092 τήν
1305 1032 1638 1091 διαπεραίωσιν.
1699 1029 1724 1077 ὅ

235 1111 282 1154 δὲ
309 1105 524 1165 βασιλεύς,
556 1101 911 1164 μηχανικώτατος
953 1101 1016 1148 ὢν
1054 1098 1179 1162 α’νήρ,
1227 1099 1512 1161 σκεψάμενος
1557 1099 1619 1161 μή
1665 1104 1728 1161 τῷ

238 1182 264 1221 Ι
269 1176 463 1235 ὀντοφρὲ
483 1172 725 1226 ἑνωθέντες
746 1174 817 1217 καὶ
848 1171 902 1216 τὰ
933 1169 1160 1230 συμβάντα
1190 1169 1368 1224 τούτοις
1396 1166 1729 1232 ἅφηγησάμενοι

235 1247 392 1288 τοῦτον
420 1242 512 1287 κατ’
544 1243 684 1287 αὐτοῦ
714 1240 970 1298 ἐρεθίσωσι,
996 1239 1079 1300 τήν
1114 1238 1288 1300 αἴτησιν
1326 1237 1499 1286 τούτων
1527 1234 1730 1297 ἀσμένως

237 1310 472 1369 δεξάμενος
503 1313 547 1357 ἐν
575 1312 751 1365 πλοίοις
779 1308 964 1365 τούτους
1004 1311 1141 1370 ἐνίησι
1179 1311 1253 1355 καὶ
1296 1310 1584 1363 διαποντίους
1613 1306 1768 1366 πρὸςῒὶ

238 1382 315 1426 τόν
341 1384 421 1426 τοῦ
447 1384 650 1440 σωτῆρος
678 1378 822 1441 τάφον
852 1381 1085 1437 ἐκπέμπει,
1114 1382 1247 1424 τοῦτο
1288 1380 1361 1424 καὶ
1389 1373 1538 1423 αὐτῶν
1563 1379 1731 1437 ἐξαιτη-

241 1451 452 1507 σαμένων.
516 1445 779 1494 ἀποστέλλει
820 1450 868 1494 δὲ
906 1450 978 1493 καὶ
1018 1446 1135 1506 πρὸς
1174 1446 1280 1502 τούς
1311 1448 1626 1506 ἐλπιζομένους
1655 1444 1732 1492 κό-
1766 1467 1768 1470 ·

201 1534 379 1579 Ομητας
433 1520 505 1563 καὶ
546 1516 877 1578 φιλοφροσύνης
919 1515 1073 1577 μηνύει
1118 1515 1293 1577 ῥήματα
1339 1515 1534 1577 χρηστὰς
1578 1511 1733 1571 αὐτοῖς
1762 1521 1768 1576 Ἀ

242 1589 422 1642 ἐλπίδας
453 1586 612 1641 διδούς.
673 1585 715 1633 οἱ
761 1588 834 1632 καὶ
877 1585 1199 1644 καταλαβόντες
1234 1590 1325 1631 πᾶν
1363 1584 1416 1632 τὸ
1452 1583 1728 1645 προσταττό-
1763 1608 1765 1610 ·

241 1674 374 1713 μενον
405 1656 657 1714 προθύμως
698 1655 929 1715 ἐπλήρουν.
999 1660 1182 1702 τοιαῦτα
1219 1657 1300 1714 μὲν
1337 1648 1414 1701 οὖν
1453 1657 1527 1700 καὶ
1567 1653 1622 1700 τὰ
1653 1657 1768 1705 τοῦς

239 1723 431 1784 κόμητος
456 1723 625 1771 Ῥαούλ.
683 1721 988 1785 ἅναριθμήτου
1015 1725 1063 1770 δὲ
1091 1726 1164 1770 καὶ
1187 1723 1339 1783 ἑτέρου
1370 1722 1584 1784 πλήθους
1604 1718 1733 1769 ὄπισ-

240 1799 325 1839 θεν
359 1795 593 1851 ἐρχομένου
629 1795 870 1853 συμμίγδην
898 1795 947 1851 ἐξ
975 1792 1168 1839 ἁπασῶν
1196 1797 1362 1852 μικροῦ
1397 1796 1488 1839 τῶν
1504 1794 1735 1838 Κελτικῶν
1765 1828 1768 1829 ⁷

375 1958 406 1992 5.
432 1959 493 1991 καὶ
518 1969 592 1992 om.
616 1956 689 1993 OG.
836 1954 1021 2005 Πιγάσιος
1044 1958 1086 1994 G.
1284 1959 1343 1993 20.
1373 1958 1435 1992 καὶ
1460 1955 1566 2002 FCG,
1593 1967 1665 1992 om.
1692 1954 1734 1991 P.

376 2006 433 2040 22.
458 2006 608 2053 μικροῦ]
634 2005 731 2054 ὁμοῦ
754 2006 801 2044 A.

242 2167 403 2212 hentem,
441 2167 521 2202 acie
554 2167 739 2203 instructa
761 2168 966 2204 barbarum
1003 2171 1215 2214 perterrere
1241 2167 1389 2204 studuit
1413 2165 1641 2211 existimans,
1667 2164 1738 2202 hac

243 2227 324 2251 eum
353 2227 393 2250 re
419 2215 466 2250 ad
491 2216 754 2251 maturandam
779 2218 1038 2253 traiectionem
1065 2217 1239 2252 adactum
1276 2216 1336 2252 iri.
1387 2215 1451 2251 sed
1486 2214 1518 2250 is
1552 2214 1655 2250 dicto
1686 2214 1736 2250 oi-

243 2265 318 2299 tius
347 2263 474 2309 Gallis,
513 2276 604 2310 quos
631 2277 753 2301 seeum
785 2266 959 2310 habebat,
994 2266 1188 2302 instructis
1227 2265 1395 2312 gaudens
1432 2265 1477 2300 ut
1513 2263 1572 2300 leo
1609 2262 1737 2310 magni

244 2313 410 2357 corporis
437 2313 574 2357 praeda
598 2313 724 2349 oblata
748 2315 959 2350 vehementi
991 2316 1135 2361 impetu
1167 2313 1288 2360 Opum
1319 2324 1516 2360 aggressus
1546 2315 1611 2348 est.
1676 2311 1738 2347 ad-

245 2361 348 2396 venit
387 2372 475 2396 vero
512 2361 687 2406 Pegasius
731 2362 813 2398 illos
855 2367 1202 2409 transportaturus:
1244 2364 1310 2409 qui
1354 2361 1403 2398 ad
1443 2361 1533 2397 litus
1573 2371 1736 2407 pugnam

245 2410 477 2454 conspicatus
517 2409 713 2456 Gallosque
746 2410 969 2457 flagrantius
1014 2412 1054 2448 in
1091 2412 1301 2448 Romanum
1349 2410 1554 2447 exercitum
1587 2412 1738 2445 ruentes

246 2458 463 2493 excensione
488 2457 586 2494 faeta
611 2458 735 2494 Gallos
754 2471 775 2494 a
792 2463 899 2507 tergo
929 2461 1087 2497 invadit.
1129 2461 1330 2507 multisque
1359 2459 1474 2496 caesis
1500 2470 1543 2494 ac
1569 2458 1740 2504 pluribus

246 2506 356 2541 etiam
381 2506 586 2542 vulneratis
623 2509 843 2553 superstites
868 2513 1027 2555 poscunt
1061 2510 1336 2545 traiectionem.
1386 2511 1426 2544 at
1450 2508 1670 2554 imperator,
1696 2509 1740 2542 ut

247 2554 321 2589 fuit
346 2555 669 2599 prudentissimus,
696 2568 742 2591 ne
769 2556 1016 2593 Gotofredum
1043 2562 1330 2604 assequerentur
1353 2558 1542 2603 rebusque
1575 2555 1740 2592 adversis

247 2603 428 2638 enarratis
442 2603 553 2639 >hune
576 2605 614 2639 in
634 2616 672 2639 se
687 2605 904 2649 excitarent,
921 2608 1099 2652 petitioni
1120 2619 1249 2643 eorum
1264 2607 1427 2642 libenter
1441 2604 1576 2641 annuit
1588 2603 1740 2651 imposi-

247 2654 378 2696 tosque
400 2652 438 2686 in
457 2664 566 2687 naves
580 2654 771 2689 maritimo
786 2655 921 2690 itinere
943 2656 989 2690 ad
1003 2655 1200 2691 salvatoris
1224 2656 1448 2703 sepulcrum,
1470 2657 1514 2690 ut
1538 2654 1612 2699 ipsi
1633 2652 1740 2689 valde

246 2700 456 2745 cupiebant,
472 2701 593 2747 misit3
608 2701 867 2749 delegavitque
883 2705 996 2739 etiam
1011 2704 1057 2739 ad
1073 2705 1237 2750 comites,
1249 2716 1343 2752 quos
1357 2704 1659 2750 expectaverant,
1675 2701 1741 2748 qui

248 2748 545 2784 benevolentiam
562 2762 664 2785 suam
680 2750 946 2797 significarent,
960 2765 1208 2799 magnamque
1223 2754 1270 2789 iis
1294 2765 1398 2799 spem
1424 2751 1602 2797 ostendit,
1620 2751 1677 2787 ita
1698 2753 1742 2786 ut

248 2798 386 2840 statim,
398 2798 655 2844 quodcumque
669 2800 760 2835 iussi
776 2804 893 2844 erant,
903 2805 1205 2847 exsequerentur.
1223 2802 1403 2838 haetenus
1411 2801 1457 2837 de
1466 2799 1585 2836 Raule
1593 2800 1741 2835 comite.

247 2846 468 2891 insequente
500 2858 583 2882 eum
616 2848 882 2884 innumerabili
927 2850 1171 2886 multitudine
1208 2863 1252 2888 ex
1285 2850 1461 2886 omnibus
1494 2849 1574 2885 fere
1600 2847 1742 2884 Galliae

246 2894 452 2942 provinciis
476 2895 629 2932 collecta
667 2909 751 2933 oum
779 2897 823 2933 iis
849 2899 914 2947 qui
939 2910 1001 2935 eos
1027 2899 1224 2947 ducebant,
1258 2900 1410 2948 regibus
1446 2897 1606 2937 ducibus
1629 2897 1768 2936 comi-2
