1734 3120
304 25 415 40 ’,μ’

521 171 786 207 ALEXJADIS
815 173 907 207 LIB.
938 174 1037 208 XIV.
1068 168 1105 208 8.
1457 168 1540 209 295

61 286 134 330 καὶ
162 285 227 339 εἰς
254 281 397 346 οῗκμὴν
426 276 516 344 ἧκε,
547 283 651 330 τότε
682 283 733 344 δὴ
760 286 834 330 καὶ
861 286 1115 343 γυμνασίοις
1148 285 1303 331 ἑαυτὸν
1334 289 1541 334 ἐπεδίδου

61 355 134 398 καὶ
158 359 257 408 τοῖς
296 351 554 411 ἱππάσμασι
591 354 664 398 καὶ
702 357 800 406 ταῖς
835 347 986 406 ἄλλαις
1021 355 1221 407 παιδιαῖς
1259 353 1542 414 παράγγελμα

59 426 192 468 τοῦτο
221 421 370 479 λαβών
394 422 443 479 ἐξ
468 421 664 481 ἰατρικῆς
694 419 951 481 ἐπιστήμης,
990 424 1063 466 ἵνα
1091 426 1189 476 ταῖς
1215 425 1438 479 συνεχέσιν
1467 422 1582 468 ἱπ-Ο

59 492 242 545 πασίαις
271 488 536 551 διαφοροῖτό
564 508 609 535 τι
639 493 720 548 τῆς
749 486 1072 548 καταρρεοῦσης
1099 488 1201 549 ὕλης
1228 492 1301 536 καὶ
1330 495 1412 536 τοῦ
1445 493 1543 537 ἑπι-

22 568 45 602 5
55 560 299 616 βρίθοντος
325 557 493 617 βάρους
512 559 783 618 κουφίζοιτο.
834 561 966 603 τοῦτο
1001 556 1082 615 γάρ
1112 557 1164 603 τὸ
1195 557 1355 613 πάθος
1383 557 1408 604 o‘
1440 557 1545 616 ἐμὸς

58 625 218 686 πατήρ,
266 625 476 684 καθάπερ
515 626 703 685 εἶρὴκειν
747 621 939 680 ἄνωθεν,
996 622 1076 671 οὐκ
1120 627 1170 682 ἐξ
1209 625 1360 684 ἑτέρας
1403 626 1547 680 αἰτίας

58 694 245 752 ἔξωθεν,
276 691 372 741 ἄλλ’
400 691 493 740 άπὸ
530 698 620 740 τῶν
662 691 817 740 πόνων
856 696 929 739 καὶ
973 698 1063 738 τῶν
1091 692 1298 751 καμάτων
1328 693 1440 751 ὖπὲρ
1468 696 1548 754 τῆς

53 762 280 821 Ῥωμαίων
309 761 441 822 δόξης
469 762 711 810 ἐσπάσατο.

191 837 232 879 8.
294 826 434 878 OZ‘nm
456 830 654 886 ε’νιαιτὸς
672 827 741 886 εἷς
760 829 1063 889 παρεληλύθει
1081 833 1154 876 καὶ
1173 833 1548 889 λογοποιουμένην

1 911 47 946 10
57 896 260 959 ἀκηκοώς
289 893 425 954 αὖθις
458 902 606 959 [περὶ]
646 903 736 945 τῶν
764 898 987 957 Κομάνων
1024 899 1096 945 διὰ
1132 902 1210 945 τοῦ
1242 895 1414 955 Ἴστρου
1453 901 1547 944 δια-

58 970 304 1027 περαίωσιν
333 965 491 1028 ὄγόόης
522 964 606 1028 ἤδη
637 967 943 1027 ἕπινεμήσεως
981 969 1272 1029 ἐφισταμένης
1300 964 1545 1026 ἀρχομένου

57 1035 361 1097 φθινοπώρου
390 1037 501 1083 κατὰ
524 1041 643 1096 μῆνα
663 1039 915 1094 Νοέμβριον
945 1036 1081 1093 ἔξεισι
1102 1039 1183 1095 τῆς
1201 1037 1430 1092 βασιλίδος
1456 1039 1547 1081 τῶν

58 1105 236 1152 πόλεων
264 1107 338 1152 καὶ
364 1105 444 1160 τὰς
472 1108 677 1163 δυνάμεις
710 1103 887 1159 ἁπάσας
925 1103 1336 1163 μεταπεμψάμενος
1372 1104 1547 1149 κατατί-

59 1181 169 1234 θησι
195 1172 380 1228 τούτους
409 1172 474 1228 εἷς
509 1193 557 1219 τε
592 1172 960 1219 Φιλιππούπολιν
991 1175 1064 1219 καὶ
1102 1173 1166 1228 εἰς
1195 1172 1276 1219 τὸν
1312 1171 1591 1231 λεγόμενονΙ)

1 1256 46 1290 15
59 1242 276 1301 Περιτζόν
311 1244 383 1288 καὶ
415 1241 674 1300 Τριάδιτζαν
702 1244 775 1287 καὶ
803 1242 867 1296 εἷς
894 1241 946 1287 τὸ
978 1244 1099 1299 θέμα
1128 1245 1206 1286 τοῦ
1240 1242 1381 1287 Νίσου
1419 1240 1546 1297 μέχρι

58 1313 131 1357 καὶ
160 1315 243 1370 τῆς
271 1312 517 1370 παρίστρας
536 1309 890 1370 Βουρανιτζόβης
909 1309 1164 1371 ἐπισκήψας
1184 1307 1353 1367 πολλήν
1371 1326 1419 1353 τε
1441 1309 1545 1364 περὶ

57 1378 162 1434 τοὺς
187 1382 363 1434 ἵππους
395 1376 542 1425 αἰτῶν
585 1380 891 1426 ἐνδείκνυσθαι
931 1379 1194 1436 ἐπιμέλειαν,
1237 1376 1350 1423 ὥστε
1388 1377 1547 1429 πίονας
1559 1385 1599 1421 Ρ.
1627 1386 1699 1420 450

57 1445 289 1506 γεγονότας
313 1449 359 1493 ἐν
388 1451 526 1507 καιρῷ
554 1445 695 1506 μάχης
734 1445 953 1493 δύνασθαι
992 1448 1146 1507 φέρειν
1178 1447 1283 1500 τους
1321 1442 1545 1501 ἐπιβάτας,

57 1513 192 1571 αὗτὸς
226 1518 275 1562 δὲ
318 1515 431 1562 κατὰ
467 1516 547 1578 τὴν
578 1514 946 1562 Φιλιππούπολιν
983 1516 1256 1572 ἐνδιατρίβει.
1330 1511 1463 1566 πόλις
1500 1512 1548 1557 δὲ

0 1584 170 1645 2οαἶίτη
213 1587 318 1644 περὶ
360 1585 439 1644 τὴν
485 1589 564 1645 τῆς
610 1583 787 1647 Θρᾴκης
820 1583 1066 1643 μεσόγειαν.
1134 1576 1277 1640 Εὖρος
1317 1585 1369 1643 τῇ
1416 1578 1550 1646 πόλει

56 1658 279 1712 παραρρεῖ
308 1652 425 1712 πρὸς
449 1658 616 1711 βορρᾶν
644 1648 807 1711 ἔνεμον
836 1655 1047 1699 πνέοντα·
1085 1657 1154 1711 ῥεῖ
1188 1652 1268 1708 μὲν
1299 1649 1379 1708 γὰρ
1420 1646 1550 1701 οὗτος

56 1718 150 1768 ἆπό
164 1724 256 1768 τῶν
271 1720 480 1779 περάτων
498 1718 644 1768 αὐτῶν
662 1726 744 1781 τῆς
760 1720 976 1780 Ῥοδόπης
995 1722 1068 1766 καὶ
1087 1718 1262 1773 πολλάς
1281 1716 1550 1775 ποιούμενος

193 1840 227 1874 7.
250 1844 313 1874 καὶ
336 1839 411 1875 τῶν
434 1839 479 1884 F,
506 1839 580 1875 τῶν
603 1852 676 1876 om.
702 1839 743 1876 P.
898 1842 931 1875 9.
959 1867 967 1874 .
982 1867 990 1875 .
1006 1867 1013 1875 .
1028 1867 1036 1874 .
1052 1833 1156 1873 οἴνπω
1181 1837 1223 1872 F.
1334 1837 1549 1881 λογοποιου·

191 1890 312 1935 μένην
336 1887 412 1933 FC,
437 1889 767 1934 λογοποιουμένων
791 1888 830 1924 Ρ.
940 1888 995 1924 10.
1023 1889 1107 1932 περὶ
1133 1885 1273 1922 seclusi.
1374 1885 1427 1918 13.
1453 1878 1549 1917 ἁπά-

195 1935 278 1983 σας]
302 1936 374 1972 hoe
396 1937 552 1972 verbum
578 1937 752 1973 ultimum
779 1939 836 1973 est
858 1937 897 1973 in
923 1936 1049 1972 codiee
1067 1934 1300 1971 Florentino.
1401 1931 1455 1967 15.
1480 1934 1546 1965 Νί-

196 1995 264 2019 σου
277 1983 317 2030 C,
345 1981 475 2029 Νήσου
496 1985 537 2021 Ρ.
663 1987 717 2022 16.
743 1982 970 2031 Βρανιζόβης
995 1983 1221 2029 Dueangius.
1346 1981 1401 2016 19.
1428 1979 1546 2015 ἐνδια-

195 2036 308 2080 τρίβει
334 2033 485 2080 seripsi:
512 2034 753 2080 ἐνδιατρίβων
777 2034 818 2069 Ρ.

60 2149 132 2194 pit,
169 2160 217 2184 ex
254 2151 456 2195 praecepto
486 2149 580 2184 artis
618 2149 782 2186 medicae
821 2149 868 2185 ad
906 2148 1097 2195 gymnicos
1133 2146 1250 2191 ludos,
1284 2144 1546 2190 equitationes,

61 2197 135 2232 alia
159 2197 340 2233 exercitia
365 2197 582 2233 incumbere
614 2209 699 2233 eum
722 2198 905 2244 oportuit,
938 2197 968 2232 si
1002 2196 1099 2232 forte
1124 2194 1381 2241 frequentibus
1406 2192 1548 2238 equita·

61 2245 228 2282 tionibus
253 2245 480 2281 defluentem
507 2246 701 2282 humorem
736 2246 941 2282 discuteret
965 2245 1266 2291 gravitatemque
1295 2241 1472 2287 ponderis
1495 2240 1545 2276 le·

60 2297 175 2329 varet.
226 2293 327 2339 quod
350 2294 502 2339 quidem
528 2295 678 2339 malum,
703 2299 746 2330 ut
772 2306 886 2340 supra
909 2293 1032 2338 docui,
1049 2292 1152 2327 nulla
1175 2291 1404 2327 extrinsecus
1425 2301 1547 2333 eausa,

60 2342 124 2378 sed
148 2341 341 2385 laboribus
379 2343 630 2388 molestiisque
669 2355 739 2389 pro
778 2343 1033 2379 Romanorum
1068 2340 1190 2387 gloria
1225 2337 1443 2374 sustentatis
1474 2337 1547 2373 sibi

59 2393 308 2427 contraxerat.

198 2441 233 2474 8.
282 2438 449 2475 Necdum
476 2452 550 2475 uno
575 2451 673 2475 anno
700 2439 917 2484 praeterito,
942 2437 1007 2472 ubi
1033 2437 1131 2471 fama
1148 2433 1394 2480 percrebruit,
1419 2445 1547 2468 rursus

60 2487 240 2524 Cumanos
264 2487 402 2523 Istrum
442 2488 612 2533 traicere,
639 2490 791 2523 ineunte
814 2490 946 2522 octava
970 2485 1188 2527 indictione,
1214 2481 1384 2517 autumni
1422 2481 1544 2524 initio,

61 2547 185 2572 mense
222 2535 425 2572 Novembri
450 2548 470 2572 e
496 2538 600 2583 regia
634 2537 726 2571 urbe
763 2534 953 2581 profectus
987 2532 1243 2577 undecumque
1269 2529 1463 2565 arcessitas
1486 2541 1545 2565 oo·

62 2585 142 2629 pias
167 2584 306 2630 partim
331 2584 585 2630 Philippopoli
618 2585 757 2630 partim
784 2584 822 2618 in
848 2583 951 2623 locis,
976 2593 1070 2626 quae
1095 2580 1265 2615 Peritzus
1292 2582 1329 2612 et
1354 2577 1545 2613 Triaditza

61 2637 254 2674 vocantur,
292 2633 432 2678 partim
477 2634 513 2667 in
558 2633 639 2668 Nisi
690 2632 853 2667 themate
891 2641 1008 2675 usque
1047 2629 1093 2664 ad
1138 2628 1235 2663 Istro
1275 2625 1436 2661 vicinam
1475 2625 1546 2660 Bu-

60 2681 279 2717 ranitzoben
303 2680 508 2726 disposuit3
553 2693 645 2727 quos
676 2681 780 2716 omni
804 2690 874 2723 ope
909 2689 1023 2723 equos
1058 2688 1142 2712 suos
1179 2686 1310 2711 curare
1347 2674 1465 2717 iussit,
1502 2677 1546 2708 ut

60 2730 218 2775 pingues
252 2729 280 2764 ii
316 2741 359 2764 ac
395 2730 542 2765 robusti
578 2733 699 2764 essent
739 2728 787 2763 ad
825 2726 996 2761 ferendos
1034 2725 1071 2760 in
1108 2735 1235 2770 pugna
1260 2723 1412 2768 equites.
1466 2722 1545 2767 ipse

59 2780 313 2813 commoratur
337 2777 591 2824 Philippopoli
625 2777 717 2811 urbe
742 2777 780 2811 iu
807 2773 929 2809 media
954 2773 1031 2808 fere
1056 2772 1225 2814 Thracia,
1262 2783 1373 2816 quam
1398 2769 1543 2806 Hebrus

63 2837 85 2861 a.
117 2825 383 2872 septemtrione
421 2825 666 2873 praeterfluit.
729 2825 759 2860 is
797 2823 895 2859 enim
935 2822 1054 2857 amnis
1090 2821 1137 2856 ab
1172 2825 1340 2856 extrema
1362 2818 1541 2864 Rhodope
