1806 3132
487 234 542 268 m
567 233 855 270 Amxmnm
882 237 1044 272 NOTAE
1417 234 1500 278 613

29 348 180 394 coloris
207 348 383 394 adversa
410 361 523 405 aqua
548 350 815 394 innatantem
853 352 992 395 subito
1029 354 1303 409 conspectam,
1332 356 1374 399 et
1402 368 1500 400 con-

30 406 160 451 citato
190 406 237 450 in
265 405 425 450 medias
451 406 587 450 undas
627 420 733 462 equo
766 408 863 451 inde
904 409 1111 462 eductam,
1157 411 1271 454 nullo
1314 413 1500 466 perfusus

27 463 210 516 madore,
239 463 295 507 ad
322 462 628 507 Monasterinm
658 463 699 507 S.
735 464 906 508 Drausii
945 465 1109 509 detulit.
1170 466 1328 512 Deinde
1360 469 1500 512 subdit

28 521 175 564 natam
198 519 296 563 inde
323 519 540 576 religionis
567 521 610 564 et
639 520 776 564 cultus
807 522 1012 577 originem
1047 535 1146 577 erga
1190 536 1352 567 sacram
1393 526 1500 569 hanc

28 576 199 628 Aedem,
229 576 286 620 ad
314 589 442 632 quam
471 577 628 632 passim
656 577 872 621 confluunt
901 577 1039 622 duello
1069 579 1328 623 dimicaturi:

230 648 281 695 Si
306 648 527 704 z’empmta
555 665 614 694 au
641 651 821 695 montier
848 650 976 696 Saint
1003 651 1179 704 Drosin,

225 705 373 750 Encor
399 707 418 750 i
445 711 517 760 est,
548 721 703 763 enque-s·
721 709 828 762 puis
853 707 950 751 n’en
967 709 1104 763 parti,

231 762 450 807 Res-bien
475 763 514 807 le
541 764 675 808 levent
703 769 742 808 et
765 765 951 808 vieillart
979 769 1019 808 et
1045 765 1241 820 meschin,

235 819 392 864 Veiller
418 820 438 864 i
464 825 565 864 vent
592 835 717 865 encor
745 821 779 865 li
797 821 981 876 pelerin,

232 875 300 921 Ga
328 877 402 933 qui
430 877 604 922 bataille
630 878 795 922 veulent
818 879 909 933 fere
937 882 975 922 et
998 878 1182 932 four-nir.

24 950 161 993 Istum
188 950 404 1005 praeterea
426 950 507 994 sibi
528 951 664 995 Deum
684 951 783 995 ante
814 951 953 994 duella
984 952 1234 995 conciliandi
1253 954 1295 996 et
1328 953 1503 997 Sancto-

24 1019 119 1050 rum
146 1006 392 1062 patrociniis
420 1020 508 1051 sese
538 1007 830 1051 committendi
858 1020 1015 1051 morem
1049 1008 1197 1064 attigit
1233 1009 1342 1052 idem
1371 1010 1502 1053 Poeta

24 1076 109 1106 non
137 1063 265 1107 semel
309 1063 521 1120 variisque
547 1065 593 1107 in
620 1064 745 1115 Iocis;
785 1064 857 1107 ubi
894 1064 1005 1107 enim
1046 1065 1097 1108 de
1134 1065 1339 1119 singulari
1368 1067 1502 1110 certa·

24 1120 137 1163 mine
178 1120 483 1164 Bononiensem
528 1121 640 1165 inter
682 1122 724 1165 et
758 1121 970 1164 Bovonem
1015 1122 1286 1177 Burgundiae
1321 1121 1502 1166 Comites

23 1175 199 1220 Parisiis
224 1176 332 1221 inito
362 1176 478 1234 agit:

222 1243 268 1287 A
293 1244 451 1289 Nostro
477 1244 617 1289 Dame
644 1259 698 1289 en
725 1249 787 1289 est
815 1244 932 1288 Bue‘s
960 1245 1059 1298 ales,

222 1300 291 1346 La
316 1302 412 1345 nuit
438 1302 578 1355 veilla,
609 1306 648 1346 et
681 1302 939 1351 Chevaliers
953 1302 1077 1346 asses.

23 1373 140 1417 Alibi
150 1354 338 1418 duellum
344 1375 619 1419 Fromondini
634 1388 730 1419 cum
741 1376 1149 1419 BovoneVasconum
1159 1375 1275 1419 Duce
1284 1388 1499 1419 enarrans:

223 1440 329 1486 Ales
355 1442 499 1486 veiller
528 1442 800 1487 Fromondin
827 1442 948 1486 bians
973 1442 1045 1486 des
1069 1442 1170 1495 fuis,

224 1497 626 1543 EnzanmnDex
658 1500 731 1554 qui
762 1499 881 1542 enla
911 1498 1108 1552 &oisfu
1137 1499 1230 1551 mis,

226 1554 1097 1610 Quivosdefendedemaletdeperil,

224 1610 286 1656 Et
315 1612 350 1656 li
379 1612 504 1657 Vale's
530 1612 619 1657 s’en
646 1614 737 1656 vait
763 1613 791 1655 ὰ
819 1611 864 1656 S.
893 1611 1078 1663 &verim

221 1667 297 1712 En
325 1683 377 1713 sa
404 1683 636 1726 compayne
663 1670 715 1714 de
749 1668 969 1713 Ghevalier
998 1672 1061 1711 set
1087 1668 1189 1723 vint,

222 1724 292 1768 La
318 1726 413 1770 nuit
440 1726 578 1779 veilla,
609 1729 741 1782 yrant
768 1725 994 1769 lumimire
1013 1724 1065 1778 fit
1095 1725 1172 1767 etc.

21 1796 120 1840 Alio
147 1797 326 1863 denique
350 1799 456 1851 1000,
484 1799 559 1842 ubi
586 1799 637 1842 de
666 1798 848 1842 eiusdem
878 1797 1149 1840 Fromondini
1176 1811 1270 1842 cum
1299 1799 1498 1843 Gerberto

24 1853 325 1910 Lotharinglae
352 1855 470 1899 Duce
498 1868 641 1911 pugna
669 1854 896 1910 singulari:

224 1919 318 1966 C'ele
343 1923 439 1966 nuit
466 1922 635 1966 veillent
664 1923 693 1966 ὰ
722 1922 870 1966 Sainte
902 1922 1023 1967 Oroi-s·
1050 1923 1239 1977 montier,

221 1977 392 2022 Devant
422 1978 596 2023 Gir-bert
625 1980 778 2023 ardent
806 1980 912 2023 trois
941 1980 1097 2035 cieryes
1124 1979 1268 2022 entier.

21 2045 119 2088 Huc
148 2045 279 2089 etiam
315 2046 509 2101 spectant
547 2047 673 2090 verba
705 2046 908 2090 Ademari
948 2046 1220 2090 Cabanensis:
1256 2045 1497 2089 Permane&

21 2101 261 2157 Stephanus
289 2116 387 2146 vero
415 2107 455 2146 et
480 2103 657 2147 mlieris
675 2117 848 2157 corpore
880 2103 1067 2146 inlaesus
1099 2103 1242 2146 eadem
1262 2102 1367 2145 hora
1385 2103 1496 2145 venit

19 2172 194 2202 currens
216 2159 399 2213 pedibus
425 2161 594 2215 qratias
621 2159 714 2203 Deo
743 2160 900 2214 referre
927 2160 985 2202 ad
1014 2159 1239 2202 Tumulum
1267 2161 1319 2201 Β.
1349 2158 1496 2212 qur-

21 2215 117 2268 chii,
159 2215 234 2258 ubi
271 2219 390 2259 nocte
421 2217 660 2270 praeterita
693 2216 882 2272 perviyil
925 2216 1184 2259 excubuerat.
1254 2215 1303 2257 Id
1333 2227 1495 2269 quoque

21 2272 199 2315 actitare
228 2274 529 2316 consueverant
558 2273 603 2316 in
632 2273 805 2316 ludicris
842 2272 1150 2324 certaminibus,
1185 2272 1272 2315 sive
1312 2271 1494 2314 Tornea-

21 2328 174 2371 mentis
202 2328 468 2382 decertaturi‚
489 2330 537 2372 ut
556 2330 680 2373 autor
699 2331 763 2372 est
789 2329 966 2372 Ioannes
992 2328 1042 2372 de
1067 2328 1181 2371 Beka
1210 2328 1254 2370 in
1269 2326 1422 2370 Ottone
1436 2327 1493 2369 H.

21 2384 157 2439 Episc.
178 2385 358 2428 Traiect.
380 2385 612 2441 quinetiam
642 2386 714 2441 qui
742 2386 787 2428 in
816 2398 986 2428 arenam
1015 2384 1142 2427 duelli
1173 2396 1296 2427 causa
1324 2382 1494 2426 ineundi

20 2440 264 2484 descendere
293 2443 562 2498 cogebantur,
594 2455 676 2498 quo
705 2455 791 2485 saee
819 2442 873 2485 ab
901 2441 1071 2484 obiectis
1098 2439 1324 2495 purgarent
1352 2438 1494 2481 crimi-

22 2498 157 2550 nibus,
179 2498 316 2540 Deum
345 2499 426 2542 sibi
454 2499 683 2554 propitium
703 2498 995 2548 conciliabant,
1029 2496 1193 2539 collatis
1223 2497 1266 2538 in
1288 2494 1493 2538 Ecclesias

21 2554 64 2597 et
89 2553 225 2597 Aedes
253 2567 394 2598 sacras
422 2555 555 2607 donis,
587 2568 693 2610 quae
722 2554 960 2597 Oblationes
991 2552 1266 2606 Gampionum
1295 2551 1493 2593 dicuntur

22 2609 68 2652 in
98 2609 256 2654 Charta
283 2610 507 2655 Manassae
536 2612 672 2666 Episc.
706 2611 881 2665 Lingon.
911 2609 964 2652 A.
992 2618 1239 2652 MCLXXXV.
1268 2607 1378 2662 apud
1407 2606 1493 2650 Ro-

21 2666 183 2709 verium
212 2667 258 2710 in
286 2667 485 2711 Reomao.
543 2667 777 2711 Chronicon
805 2668 1031 2710 Boeuense:
1068 2664 1182 2707 Milo
1217 2677 1309 2707 cum
1350 2662 1493 2706 Odone

19 2721 273 2766 Divionensi
298 2723 564 2779 Praeposito,
594 2725 666 2780 qui
697 2727 860 2778 neptem
879 2723 969 2766 eius
996 2722 1045 2764 in
1077 2721 1270 2775 coniuyio
1304 2719 1492 2769 habebat,

19 2779 281 2845 monomachi
307 2784 543 2825 certaturus
569 2794 729 2836 pugna,
753 2780 945 2825 attribuit
962 2777 1006 2821 S.
1026 2776 1153 2821 Petro
1182 2781 1340 2820 terram
1367 2788 1492 2831 quam

3 2834 195 2880 habebat
220 2850 270 2879 m
296 2836 425 2882 Luco.
