1794 3132
550 219 605 252 m
634 218 923 253 ALEXIADEM
952 221 1115 255 NOTAE
1484 215 1569 258 475

89 330 236 387 Regia,
265 343 340 375 seu
370 331 539 376 Palatio
589 330 723 401 λιμῇν
768 335 848 377 τοῦ
884 335 1101 379 natavim-
1131 337 1336 394 Scylitzae
1371 339 1416 381 in
1444 339 1571 382 Nice-

87 388 228 442 phoro‚
273 387 405 446 λιμήν
433 388 538 443 περὶ
565 386 621 431 τὰ
653 386 879 445 ανάκτορα
921 392 1107 436 Zonarae
1143 394 1188 436 in
1222 395 1449 450 Theophilo
1493 397 1570 448 βα·

87 442 259 487 σιλικόν
299 442 483 501 νεώριον
530 447 780 503 Pachymeri
822 448 894 492 lib.
932 450 985 499 5.,
1046 449 1251 494 Portulus
1292 450 1571 505 Imperatoris

87 501 425 546 Bondelmontio.
472 502 542 546 Ad
570 504 682 547 hunc
710 505 879 560 portum
899 518 921 548 e
940 505 1109 549 Palatio
1140 508 1309 561 patebat
1338 508 1567 559 descensuS,

87 558 159 612 qui
189 558 366 604 Nicetae
392 559 438 602 in
466 559 614 603 Alexio
643 561 716 604 lib.
739 562 779 603 3.
819 558 1065 616 ἀποβάθρα
1094 564 1172 605 τοῦ
1205 563 1429 614 Βασιλέως
1463 577 1568 606 nun-

87 616 279 669 cupatur,
324 618 367 659 et
394 629 419 659 a
442 616 656 660 Willelmo
688 618 814 672 Tyrio
858 619 929 662 lib.
953 620 1021 661 20.
1052 632 1140 674 cap.
1163 621 1231 662 25.
1275 621 1472 676 graphice
1501 620 1568 663 de-

85 671 295 715 scribitur.
341 672 545 716 Primitus
574 687 672 717 vero
706 677 748 717 et
777 675 876 718 ante
905 677 1113 730 receptam
1134 677 1401 720 Bucoleontis
1429 677 1570 731 appel-

85 727 286 771 lationem
334 729 483 772 Novus
523 729 682 773 Portus
724 731 862 774 dictus
907 732 1003 783 fuit,
1034 734 1082 774 ut
1111 734 1174 776 est
1210 733 1254 775 in
1285 734 1414 776 veteri
1445 733 1570 776 Urbis

88 785 388 840 Dfflcfiptione,
418 787 462 828 et
490 785 649 830 Portus
676 787 841 831 Iuliani
871 788 922 831 de
950 789 1117 832 nomine
1146 790 1301 832 Iuliani
1335 790 1570 832 Parabatae

83 842 367 896 Imperatoris,
398 855 424 886 a
453 856 536 898 quo
567 845 803 887 extructum
834 845 963 888 fuisse
992 846 1137 888 scribit
1158 847 1346 889 Zosimus
1374 846 1446 889 lib.
1468 847 1507 888 3.
1528 847 1570 888 et

85 899 166 941 Lex
186 899 227 941 5.
259 899 358 943 Cod.
387 899 439 943 de
469 899 607 944 Calcis
639 900 848 944 Coctorib.
890 902 943 944 ab
969 902 1194 945 Anastasio
1231 903 1385 946 Dicoro
1415 915 1570 958 purga·

84 956 177 997 tum
223 956 266 998 et
294 956 403 999 mole
433 956 622 1011 lapidum
652 958 854 1001 tutiorem
883 959 1075 1001 effectum
1105 959 1282 1002 tradunt
1300 959 1569 1002 Marcellinus

85 1011 232 1055 Comes
293 1014 336 1056 et
364 1012 517 1056 Suidas
556 1015 602 1056 in
627 1014 866 1057 Anastasio.
941 1015 1272 1058 Iustinianaeum
1314 1015 1569 1070 appellatum

85 1068 135 1111 de
164 1069 332 1112 nomine
346 1069 574 1113 Iustiniani
588 1071 873 1125 Imperatoris,
897 1073 969 1127 qui
991 1072 1059 1114 hic
1088 1073 1313 1127 antequam
1332 1073 1568 1127 imperaret,

87 1125 321 1177 habitabat,
352 1128 476 1170 autor
505 1128 569 1170 aet
596 1127 861 1171 Alamannus
892 1141 939 1171 ex
968 1129 1098 1171 veteri
1127 1128 1349 1183 Scriptore.
1409 1129 1569 1171 Domus

84 1194 181 1225 vero
210 1182 439 1226 Iustiniani
468 1184 610 1226 extitit
638 1197 685 1227 eo
714 1184 809 1236 loci,
841 1185 910 1228 ubi
941 1186 1130 1228 extructa
1159 1187 1302 1240 postea
1331 1185 1465 1228 Aedes
1494 1184 1567 1228 SS.

84 1238 222 1294 Sergii
265 1240 503 1292 etBacchi,
547 1241 665 1284 iuxta
694 1241 872 1284 Portum
914 1242 1083 1285 Iuliani.
1156 1242 1338 1285 Tandem
1382 1242 1568 1284 Iustinus

83 1295 230 1339 Iunior
271 1296 408 1340 denuo
436 1298 664 1352 purgatum
696 1298 747 1341 de
777 1299 944 1341 nomine
972 1299 1110 1341 uxoris
1141 1298 1319 1353 Sophiae
1335 1299 1566 1354 Augustae,

84 1352 214 1407 priori
233 1354 440 1409 abrogata
461 1354 753 1408 appellatione,
770 1355 953 1409 Sophiae
971 1354 1150 1398 Portum
1168 1355 1399 1410 nuncupari
1419 1354 1567 1406 voluit,

83 1410 131 1451 ut
159 1409 350 1463 pluribus
384 1411 558 1453 narrant
587 1411 783 1463 Zonaras,
816 1412 1036 1463 Cedrenus,
1082 1411 1235 1467 Glycas
1294 1413 1335 1454 et
1373 1411 1568 1454 Codinus.

84 1466 272 1509 Daecribi
301 1480 327 1510 a
358 1466 536 1522 Corippo
579 1468 653 1512 lib.
675 1470 712 1511 1.
758 1468 809 1511 de
834 1469 1007 1511 Laudib.
1052 1468 1237 1512 eiusdem
1263 1468 1429 1519 Iustini.
1472 1480 1567 1510 cum

81 1522 475 1624 ἓέἑξῡὲξιοΡῗέἶὲῗὲ
484 1523 915 1637 ωῗῗὲἑῗιέἳωζῧῖἓφὲἓ
936 1524 1566 1635 ἅᾶἳὲεὲἕῃεΐὸῗὲῗέἓοιῗέἓζὲ

82 1636 428 1692 Descriptionem,
448 1651 576 1693 quam
597 1651 644 1681 ex
661 1639 983 1682 Bondelmontio
1003 1639 1163 1690 damus,
1184 1639 1290 1681 serio
1310 1637 1564 1680 intuebitur:

887 1695 1003 1738 Pars
1024 1695 1233 1749 prospicit
1258 1708 1345 1737 una

214 1749 472 1794 Immensum
491 1751 688 1807 pelayus,
710 1766 823 1806 pars
846 1753 1055 1806 prospicit
1083 1752 1219 1795 altera
1242 1754 1442 1805 pontum:

181 1811 183 1814 '
215 1806 400 1851 Pontum
426 1822 548 1864 quem
572 1810 764 1864 yeminae
792 1809 1056 1863 complerant
1085 1808 1258 1851 brachia
1284 1808 1418 1861 ripae,

214 1863 443 1909 Moenibus
470 1866 680 1920 adpositis
707 1866 886 1920 rapidos
913 1870 1173 1908 contemnere
1200 1867 1341 1907 ventos

212 1920 275 1964 Et
298 1921 467 1975 faciunt
487 1922 775 1978 praebentque
802 1923 938 1966 solum
965 1923 1145 1965 statione
1175 1922 1369 1976 quietum,

214 1978 455 2034 Aequoreos
477 1980 690 2035 franyunt
719 1980 872 2023 obiecto
899 1992 1109 2022 marmore
1132 1978 1297 2031 fluctus,

213 2034 275 2078 Et
297 2036 524 2090 prohibent
550 2036 706 2088 refluas
734 2037 927 2091 ‹inqu-stis
949 2035 1146 2088 faucibus
1174 2034 1324 2077 undas,

80 2091 218 2134 Hodie
245 2093 547 2148 exaggeratum
576 2095 618 2136 et
650 2094 847 2136 obrutum
876 2092 1010 2135 tradit
1031 2091 1196 2147 Gyllius
1225 2091 1297 2133 lib.
1320 2090 1366 2154 2..
1389 2102 1478 2153 cap..
1498 2090 1562 2131 15.

80 2148 301 2204 locumque
327 2149 532 2204 appellari
565 2150 915 2205 Cateryalimeom.
955 2149 1074 2203 quasi
1111 2148 1278 2202 portum
1312 2147 1560 2195 triremium,

81 2205 191 2248 unde
221 2205 376 2249 Portae
404 2207 567 2250 vicinae
598 2206 949 2262 Caterqalimenis
981 2218 1129 2248 nomen
1161 2203 1328 2253 mansit,
1363 2204 1410 2244 ut
1440 2202 1562 2244 autor

81 2263 144 2304 eet
174 2261 450 2306 Leunclavius
476 2264 522 2306 in
550 2263 684 2307 Pand.
715 2276 805 2318 cap.
826 2264 922 2305 200.

215 2318 283 2361 Δι’
314 2315 573 2378 ἐγχορήγου]
603 2320 779 2375 Lapides
809 2319 862 2362 ad
893 2319 1148 2361 structuram
1178 2328 1347 2371 peregre
1366 2314 1601 2379 advectosc

80 2375 150 2418 hic
199 2375 412 2432 designari
460 2377 656 2432 opinatur
703 2376 891 2419 eruditus
938 2375 1157 2428 Interpres.
1231 2374 1290 2414 At
1340 2372 1561 2435 materiam

81 2432 322 2487 quamdam,
353 2446 436 2476 non
465 2434 626 2488 lapides
671 2429 901 2488 ἐγχόρηγον
930 2431 1057 2473 fuisse
1086 2429 1238 2472 diserte
1267 2427 1559 2492 innuit-Anna

78 2489 153 2531 lib.
178 2490 242 2531 ll.
277 2502 375 2545 pag.
396 2491 492 2533 339.
524 2490 623 2534 dum
642 2491 823 2539 enarrat,
860 2490 908 2530 ut
930 2485 1558 2549 Cantawzenusmunitionem,

79 2545 147 2588 vel
172 2545 209 2588 si
239 2547 387 2598 mavis,
417 2560 556 2590 arcem
602 2547 656 2590 ad
684 2545 972 2595 Laodicaeani,
1004 2555 1130 2597 quani
1172 2541 1383 2605 obsidione
1422 2551 1561 2582 cinxe-

79 2602 161 2655 rat,
190 2603 470 2647 tumultuario
498 2604 742 2646 extruxerit:
787 2600 1018 2644 cuiusmodi
1063 2611 1178 2641 arces
1215 2597 1507 2640 describuntur
1535 2607 1561 2637 a

80 2658 214 2702 Leone
241 2660 288 2701 in
316 2659 435 2703 Tact.
474 2673 562 2715 cap.
587 2662 651 2712 15,
682 2658 718 2714 ἓ.
741 2659 807 2701 67.
840 2660 882 2700 et
909 2670 991 2711 seq.
1029 2655 1091 2698 ait
1130 2654 1241 2696 enim
1281 2665 1449 2718 murum
1488 2648 1561 2716 ᾷιά

79 2715 221 2771 ξηρῶν
248 2714 405 2768 λίθων,
438 2730 485 2759 ex
515 2717 609 2759 rudi
639 2729 750 2768 saxo,
781 2714 975 2757 circulari
1006 2712 1152 2762 forma,
1192 2710 1387 2773 molitum
1419 2721 1464 2751 in
1495 2721 1559 2772 in-

76 2771 269 2824 tervallo,
323 2773 436 2828 quod
486 2786 653 2816 arenam
702 2785 775 2814 seu
819 2770 942 2812 littus
990 2769 1098 2811 inter
1145 2768 1188 2810 et
1235 2766 1348 2830 urbis
1396 2777 1558 2835 igoema

78 2829 262 2876 adiacet:
307 2830 455 2875 deinde
494 2832 608 2876 intra
653 2830 773 2872 illum
817 2826 1024 2871 ambitum
1066 2836 1201 2869 arcem
1238 2822 1378 2876 aliam,
1409 2835 1559 2875 περον
