1812 3184
304 229 357 271 82
808 230 972 266 ANNAE
1003 227 1271 264 ooMNENAE
1298 229 1299 234 ¹

420 357 458 397 3.
513 349 562 396 Ὁ
591 349 639 395 δὲ
658 345 948 404 αὐτοκράτωρ
972 345 1039 391 ἔτι
1059 347 1166 401 περὶ
1186 342 1264 388 τόν
1283 340 1539 389 Πελεκάνον
1560 345 1798 400 διατρίβων

305 421 378 465 καὶ
407 420 567 472 θέλων,
601 415 765 462 ὁπόσοι
795 414 855 476 μὴ
895 414 1105 473 ἔφθασαν
1144 416 1234 457 τῶν
1279 409 1489 471 κομήτων
1519 407 1801 470 ὀμωμοκέναι

307 490 378 533 καὶ
409 486 567 540 αὐτοὺς
596 484 717 543 ὅρκια
749 483 864 540 πρός
898 479 1034 527 αὐτὸν
1074 485 1243 535 δοῦναι,
1287 482 1533 526 ἐνετείλατο
1567 479 1640 526 διὰ
1668 499 1800 540 γραμ·

307 555 458 614 μάτων
505 559 567 614 τῷ
596 554 889 612 Βουτουμίτῃ,
940 552 1271 608 συμβουλεῦσαι
1312 548 1458 595 ἅπασι
1503 553 1664 604 κοινῶς
1706 554 1803 604 τοῖς

307 623 480 684 κόμησι,
504 622 563 684 μὴ
594 621 683 679 πρὸ
713 629 792 666 τοῦ
820 618 1123 676 συντάξασθαι
1151 622 1215 677 τῷ
1244 620 1421 675 βασιλεῖ
1450 621 1527 679 τῆς
1558 616 1675 676 πρὸς
1702 615 1801 662 Ἀν-

272 738 278 745 ,
308 692 500 750 τιόχειαν
531 690 752 751 φερούσης
780 689 1011 747 ἅψεσθαι·
1058 686 1175 732 οὕτω
1209 685 1288 746 γάρ
1319 684 1372 731 ’ἂν
1401 687 1584 746 γένοιτο,
1617 684 1803 740 τούτους

271 764 381 808 (3καί
410 759 630 807 πλειόνων
657 752 791 812 αὖθις
819 761 1001 816 δωρεῶν
1030 761 1189 813 τυχεῖν.
1240 753 1456 802 ἁπάντων
1485 756 1534 801 δὲ
1565 759 1748 813 πρῶτος
1779 754 1802 801 ὁ

310 833 586 887 ,Βαϊμοῦντος
614 827 816 887 χρήματα
843 830 914 872 καὶ
944 825 1115 884 δωρεὰς
1151 820 1343 879 ἀκούσας
1373 828 1470 878 τοῖς
1498 827 1578 869 τοῦ
1609 829 1804 869 Βουτου-

307 900 436 954 μίτου
467 896 615 956 λόγοις
645 896 892 954 παραυτίκα
933 895 1143 948 πεισθεὶς
1182 892 1324 938 ἅπασι
1358 890 1647 950 συνεβούλευε
1689 891 1806 950 πρὸς

307 967 384 1012 τὸν
426 967 607 1024 βασιλέα
665 962 1053 1017 ἐπανελεύσεσθαι,
1119 960 1283 1014 ὁποῖος
1334 961 1505 1015 ἐκεῖνος
1565 962 1672 1019 περὶ
1728 961 1806 1016 τὰς

309 1035 471 1096 λήψεις
501 1033 751 1080 ἀκάθεκτον
783 1033 896 1090 ἔχων
924 1031 1002 1076 τόν
1034 1031 1192 1090 ἔρωτα.
1257 1028 1585 1087 καταλαβόντας
1628 1031 1676 1076 δὲ
1702 1028 1806 1076 τοὺ-

309 1123 413 1158 τους
442 1103 520 1149 τὸν
564 1101 815 1148 Πελεκάνον
856 1100 880 1146 ὁ
925 1098 1209 1158 αὐτοκράτωρ
1243 1101 1602 1158 μεγαλοπρεπῶς
1632 1101 1803 1155 δέχεται

309 1176 478 1233 πολλῆς
519 1173 778 1232 κηδεμονίας
814 1167 1027 1226 ἀξιώσας·
1078 1165 1175 1213 εἶτα
1214 1166 1469 1226 συναγαγών
1510 1163 1676 1222 αὖτοὺς
1716 1167 1804 1228 ἔφη

315 1241 425 1286 “miv
454 1239 585 1298 ἶίρκον
617 1240 877 1293 ἐπίστασθε,
924 1234 974 1283 ὃν
1013 1236 1129 1295 πρὸς
1166 1237 1276 1295 ἡμᾶς
1314 1234 1508 1290 ἅπαντες
1549 1233 1803 1296 ἐποιήσατε,

312 1312 385 1356 καὶ
414 1310 452 1356 εἰ
482 1308 540 1369 μὴ
582 1307 833 1365 παραβάται
883 1303 1160 1352 ἅπεντεῦθέν
1200 1307 1310 1359 ἐστε,
1361 1303 1561 1359 ὁπόσους
1603 1303 1700 1351 ἴστε
1746 1304 1806 1366 μὴ

314 1376 616 1437 ὀμωμοκότας,
653 1374 1043 1434 ξυμβουλεύσασθε
1082 1374 1161 1419 τὸν
1191 1370 1325 1420 αὐτὸν
1355 1372 1491 1431 ὅρκον
1518 1374 1806 1420 ἐπιτελέσαι”.

268 1446 356 1493 Do}
388 1448 435 1493 δέ
465 1450 731 1507 παραχρῆμα
758 1446 1102 1503 μετεπέμποντο
1135 1442 1240 1497 τους
1270 1443 1330 1503 μὴ
1366 1438 1676 1500 ὀμωμοκότας.
1736 1444 1807 1487 καὶ

313 1516 365 1575 δὴ
396 1513 755 1575 συνεληλύθεσαν
782 1513 974 1567 ἅπαντες
1011 1515 1084 1558 καὶ
1122 1510 1344 1573 ἐπλήρουν
1371 1510 1450 1556 τόν
1493 1510 1637 1570 ὅρκον.
1704 1510 1729 1557 ὁ
1760 1512 1808 1557 δέ

310 1589 391 1630 τοῦ
418 1586 697 1642 Βαϊμούντου
734 1579 976 1645 ἇνεψιαὸὴς
1009 1584 1215 1643 Ταγγρῆς,
1251 1582 1492 1639 ἐλευθέρας
1530 1578 1592 1625 ὢν
1621 1579 1806 1640 γνώμης,

312 1654 510 1699 ἐνίστατο
541 1651 663 1712 μόνῳ
698 1656 761 1712 τῷ
792 1651 1056 1712 Βαϊμούντῳ
1087 1654 1240 1698 πίστιν
1280 1656 1521 1709 χρεωστεῖν
1549 1653 1622 1697 καὶ
1649 1650 1812 1710 ταύτην

312 1720 500 1782 φυλάξαι
537 1723 688 1779 μέχρις
727 1717 865 1766 αὖτοῠ
899 1720 1097 1768 θανάτου
1135 1721 1398 1779 βούλεσθαι.
1457 1717 1725 1779 ὅχλούμενος
1763 1719 1811 1765 ds*

448 1850 478 1885 1.
505 1845 713 1885 Πελικάνον
737 1850 777 1895 Ρ,
803 1850 959 1887 correxi.
1078 1851 1112 1885 2.
1139 1847 1384 1898 ὀμωμοκέναι
1414 1848 1453 1892 C,
1480 1845 1739 1904 ὠμωμωκέναι
1769 1846 1809 1883 P.

447 1900 480 1934 6.
508 1895 683 1943 ἅψασθαι
711 1898 748 1933 G.
929 1901 986 1935 10.
1013 1896 1327 1935 ἐπανελεύσεσθαι
1356 1898 1400 1944 F,
1426 1898 1744 1933 ἐπανεευλσεσθαι
1769 1895 1811 1931 P.

450 1949 504 1984 16.
532 1943 855 1994 ξυμβουλεύσασθε
866 1947 907 1994 F,
936 1944 1268 1995 συμβουλεύσασθε
1293 1947 1333 1983 P.
1437 1948 1492 1982 17.
1522 1948 1812 1995 μετεπέμποντο

447 1993 529 2035 τοὺς
553 1994 606 2043 μὴ
633 1992 879 2044 ὀμωμοκότας
905 1996 947 2040 F,
981 1996 1063 2036 τοὺς
1098 1995 1151 2045 μὴ
1177 1991 1426 2045 ὀμωμοκότας
1453 1998 1744 2044 μετεπέμποντο
1769 1993 1809 2029 P.

450 2044 506 2081 19.
534 2040 726 2096 ἔλευθερος
751 2045 786 2081 C.
886 2046 944 2081 20.
970 2042 1193 2094 Βαιμούντῳ
1220 2045 1260 2090 C,
1286 2045 1495 2093 Βαῒμοῦντι
1520 2043 1560 2080 Ρ.

419 2164 451 2198 3.
501 2161 658 2197 Interim
697 2163 903 2208 imperator
947 2162 1145 2198 etiamtum
1183 2163 1283 2199 circa
1319 2161 1544 2198 Pelecanum
1581 2171 1812 2197 commorans

316 2210 542 2255 cupiensque
568 2213 611 2245 ut
635 2212 699 2257 qui
726 2211 880 2247 comites
906 2211 1072 2247 nondum
1094 2212 1166 2247 sibi
1186 2211 1362 2247 obstricti
1377 2213 1510 2256 essent,
1538 2211 1812 2246 sacramentum

317 2259 388 2293 sibi
416 2258 596 2304 dicerent,
636 2271 703 2305 per
734 2260 880 2295 litteras
919 2260 1138 2296 Butumitae
1179 2260 1383 2306 praecepit,
1419 2262 1464 2295 ut
1489 2259 1690 2295 comitibus
1715 2269 1812 2294 com-

316 2308 482 2342 muniter
508 2308 680 2343 omnibus
708 2311 840 2344 auctor
865 2308 985 2354 fieret,
1020 2321 1066 2364 ne
1091 2309 1198 2356 prius
1223 2308 1466 2344 Antiochiam
1494 2319 1623 2344 versus
1647 2307 1812 2354 proficis-

319 2359 503 2400 cerentur⁷
532 2368 643 2402 quam
670 2359 890 2403 imperatori
918 2358 998 2394 vale
1023 2358 1225 2403 dixissent3
1259 2357 1359 2404 quod
1385 2357 1417 2392 si
1441 2356 1628 2401 fecissent,
1654 2356 1744 2400 fore,
1771 2358 1812 2391 ut

322 2405 435 2439 etiam
460 2405 571 2450 plura
595 2406 642 2440 ab
667 2417 709 2441 eo
735 2406 833 2441 dona
858 2407 1081 2452 acciperent.
1124 2408 1269 2453 primus
1295 2407 1462 2442 omnium
1487 2405 1726 2441 Boemundus
1753 2416 1812 2450 pe-

320 2454 440 2489 cuniis
466 2453 646 2500 donisque
673 2455 811 2490 auditis
838 2455 965 2491 statim
981 2456 1198 2492 Butumitae
1217 2455 1428 2500 oboediens,
1454 2466 1582 2490 omnes
1610 2456 1654 2490 ut
1669 2455 1812 2500 Augus-

317 2504 399 2536 tum
435 2502 595 2547 adirent,
635 2504 768 2538 suasit:
808 2506 916 2539 tanta
941 2516 1023 2540 eum
1058 2505 1154 2540 lucri
1180 2505 1369 2551 cupiditas
1397 2504 1533 2540 tenuit.
1583 2502 1652 2538 hos
1686 2513 1812 2538 omnes

317 2549 538 2586 Pelecanum
563 2551 736 2587 advectos
776 2552 971 2598 magnifice
1004 2553 1212 2599 imperator
1238 2554 1379 2599 excipit
1404 2564 1446 2589 ac
1475 2551 1595 2587 multa
1631 2551 1812 2598 dignatur

319 2598 588 2642 benevolentia,
627 2602 938 2647 congregatisque
964 2602 1011 2637 iis
1037 2602 1193 2637 “Scitis’'
1235 2603 1361 2648 inquit
1398 2602 1498 2647 “quo
1536 2599 1630 2636 mihi
1657 2612 1722 2636 vos
1759 2611 1812 2635 sa-

317 2651 508 2683 cramento
535 2648 791 2684 devinxeritis.
843 2650 977 2696 quodsi
1001 2653 1295 2697 transgressores
1321 2661 1395 2686 non
1421 2650 1521 2695 estis,
1549 2661 1610 2684 eos
1635 2651 1812 2694 vestrum,

318 2707 409 2741 quos
434 2696 598 2731 nondum
625 2696 735 2732 fidem
762 2698 871 2733 nobis
901 2711 1005 2734 suam
1031 2699 1275 2734 obstrinxisse
1302 2699 1415 2743 scitis,
1454 2701 1498 2733 ut
1535 2697 1635 2733 idem
1673 2698 1731 2733 ius
1755 2697 1812 2732 iu-

317 2744 478 2779 randum
517 2748 718 2790 praestent,
746 2747 933 2783 suadete-,2³
985 2748 1116 2783 statim
1153 2750 1408 2784 convocantur
1446 2747 1606 2782 iniurati
1643 2746 1812 2782 comites.

319 2795 431 2838 atque
466 2804 591 2828 omnes
626 2798 809 2830 venerunt
848 2798 884 2830 et
923 2799 1196 2831 sacramentum
1233 2796 1434 2841 dixerunt;
1461 2794 1675 2831 Tancredus
1712 2805 1812 2839 vero,

317 2840 526 2876 Boemundi
551 2843 805 2888 consobrinus,
821 2843 1009 2879 liberrimi
1023 2845 1166 2890 ingenii
1182 2846 1339 2887 iuvenis,
1364 2845 1431 2879 uni
1450 2843 1710 2880 seBaimundo
1728 2854 1812 2889 pro-

318 2889 434 2926 fessus
458 2893 515 2925 est
538 2889 651 2926 fidem
684 2891 829 2937 debere,
868 2903 980 2939 quam
1014 2892 1062 2928 ad
1097 2896 1258 2929 mortem
1297 2905 1416 2940 usque
1453 2895 1669 2930 servaturus
1707 2893 1812 2928 essen
