1734 3120
214 209 294 253 258
727 215 893 250 ANNAE
922 213 1188 249 OOMNENAE

208 331 312 386 τούς
339 328 533 389 κόμητας
567 327 682 387 πρὸς
713 327 791 387 τὴν
820 327 1032 384 τ”μετέραν
1067 326 1219 371 πίστιν
1256 322 1601 386 ἐφελκὺσασθαι,
1637 323 1697 379 ὠς

207 399 267 460 μὴ
318 398 389 445 διὰ
435 396 706 459 οἶουόήτινος
760 393 933 452 τρόπου
990 390 1319 455 ἀντιλήψεσθαι
1360 396 1441 439 τοῦ
1492 394 1694 451 Ταγγρέ.”

207 466 585 524 καταλαμβάνουσι
630 467 861 522 τοιγαροῦν
897 461 975 522 τὴν
1014 460 1202 518 Κύπρον
1263 462 1336 507 καὶ
1376 457 1696 518 ἆναλαβόμενοι

208 538 384 582 ἐκεῖθεν
424 534 479 581 τά
510 533 707 594 χρήματα
741 534 813 577 καὶ
843 529 1016 584 ὁπόσας
1045 525 1213 590 ἤθελον
1241 534 1345 591 νῆας
1382 525 1494 576 εὖθύ
1532 527 1698 588 Τριπό-

206 607 318 658 λεως
346 605 544 649 πλέουσι.
594 601 976 658 προσορμίσαντες
1002 599 1050 643 δὲ
1081 598 1144 652 εἷς
1171 596 1249 643 τὸν
1277 595 1415 657 αὐτῆς
1443 598 1594 655 λιμένα
1621 598 1733 650 τὰς5

164 682 195 717 Β
208 676 310 726 ναῦς
337 674 409 717 καὶ
429 675 517 716 τῶν
538 674 653 729 νηῶν
672 665 1005 727 ἀποβεβηκότες
1026 664 1330 724 ἐντυγχάνουσι
1349 669 1413 726 τῷ
1428 663 1696 724 Πελκτράνῳ

208 743 279 786 καὶ
312 736 670 797 οἷπεστομάτισαν
703 735 856 783 ὁπόσα
886 733 1002 793 πρὸς
1030 736 1110 779 τοῦ
1141 736 1357 791 ΙΒασιλέως
1387 735 1695 793 παρηγγέλθη-

211 827 303 855 σαν.
364 807 424 862 ὦς
454 809 502 853 δὲ
530 811 689 853 τοῦτον
717 807 938 863 ἐπιρρεπῆ
964 821 1012 848 τε
1040 805 1113 848 καὶ
1142 805 1320 860 ἕτοιμον
1349 801 1466 860 πρὸς
1499 806 1589 846 πᾶν
1617 803 1698 847 θέ-

208 880 322 937 λημα
364 881 444 922 τοῦ
487 873 812 932 αὖτοκράτορος
857 871 1009 930 ἐώρων
1053 873 1126 916 καὶ
1170 869 1367 916 θάνατον
1410 869 1523 928 ὑπὲρ
1555 866 1694 915 αὖτοῦ

57 955 99 992 V.
125 957 195 992 337
207 944 461 1003 προθύμως
499 944 692 998 ἑλέ-σθαι,
735 942 774 988 εἰ
813 944 885 987 καὶ
923 938 1083 986 τούτου
1122 937 1282 1000 δεήσει,
1322 937 1730 998 ἑπαγγελλόμενονΙ

206 1016 275 1059 ναὶ
305 1012 393 1074 μὴν
421 1015 493 1058 καὶ
523 1012 586 1066 εἷς
625 1010 923 1069 προσκύνησιν
952 1006 1088 1054 αὐτοῦ
1125 1009 1396 1067 ἐληλυθέναι,
1441 1008 1623 1053 ἐπειδάν
1653 1008 1698 1052 ἐν

205 1087 301 1136 τοῖς
329 1083 481 1139 μέρεσι
510 1084 593 1140 τῆς
622 1076 852 1135 Ἀντιόχου
882 1073 1104 1138 ἀφίκηται,
1137 1075 1248 1134 μετὰ
1290 1079 1369 1135 τῆς
1409 1073 1545 1121 αὕτοῦ
1589 1073 1698 1134 γνώ-

205 1169 289 1209 μης
318 1149 433 1207 ἅπερ
466 1150 738 1209 ἐπεφέροντο
759 1145 958 1206 χρήματα
979 1145 1043 1199 εἷς
1063 1144 1145 1203 τήν
1165 1142 1416 1205 ἐπισκοπὴν
1437 1142 1698 1202 Τριπόλεως

207 1219 477 1263 ἐναπέθεντο
508 1217 620 1263 κατά
650 1215 728 1270 τάς
757 1219 842 1261 τοῦ
872 1211 1200 1271 αὐτοκράτορος
1229 1210 1480 1273 ὑποθήκας.
1540 1212 1697 1257 ἐδεδίει

166 1281 284 1345 Ογάρ
316 1287 375 1346 μὴ
408 1286 760 1346 ἐπιφερομένους
786 1280 948 1337 αὖτοὺς
986 1281 1041 1326 τὰ
1067 1280 1266 1340 χρήματα
1306 1278 1349 1326 οἳ
1385 1278 1574 1339 κόμητες
1604 1282 1730 1325 δια-1

205 1353 377 1413 γνόντες
406 1350 515 1399 αὐτοὶ
542 1355 622 1411 μὲν
641 1350 956 1410 ἅναλάβωνται,
974 1350 1084 1404 τούς
1113 1351 1162 1396 δὲ
1186 1348 1339 1404 κενοὺς
1358 1345 1694 1407 οἷποπέμψαιεν,

205 1427 300 1477 τοῖς
331 1423 379 1467 δέ
410 1422 624 1482 χρήμασιν
651 1420 763 1478 ὑπὲρ
796 1420 963 1466 ἑαυτῶν
1005 1421 1078 1465 καὶ
1120 1421 1199 1464 τοῦ
1237 1418 1402 1477 Ταγγρὲ
1447 1417 1695 1479 χρήσαιντο.

206 1493 305 1537 δέον
336 1484 418 1536 οὖν
447 1484 673 1549 ἐλογίσατο
703 1488 857 1543 κενοὺς
884 1485 1172 1541 α’πελθόντας
1201 1485 1426 1545 πρότερον
1452 1486 1531 1547 τὴν
1551 1482 1696 1530 αὐτῶν

206 1560 461 1617 ἐκπειρᾶσαι
491 1557 666 1618 γνώμην
708 1555 1054 1616 ἀπαγγείλαντας
1100 1554 1190 1613 ἅμα
1233 1557 1306 1600 καὶ
1350 1553 1435 1600 ὅσα
1463 1553 1587 1611 παρὰ
1615 1558 1695 1599 τοῦ

206 1624 535 1685 αὐτοκράτορος
565 1624 763 1686 ἐμηνύθη
795 1623 948 1680 αὐτοῖς
978 1627 1051 1670 καὶ
1083 1623 1161 1686 τὴν
1189 1627 1279 1668 τῶν
1307 1620 1542 1682 χρημάτων
1571 1620 1695 1667 δόσιν
1709 1629 1734 1662 21

206 1694 486 1752 ὑποσχέσθαι
507 1698 580 1741 καὶ
602 1694 733 1753 ὅρκον
754 1696 802 1751 ἐξ
820 1690 965 1740 αὐτῶν
985 1690 1240 1753 ἀπαιτῆσαι,
1275 1691 1321 1737 εἴ
1345 1710 1435 1737 που
1465 1692 1577 1744 τέως
1599 1695 1695 1744 τοῖς

205 1770 284 1811 τοῦ
311 1763 636 1824 αὐτοκράτορος
668 1763 919 1824 θελήμασιν
946 1765 1124 1820 ὑπεῖξαι
1153 1761 1399 1819 βούλοιντο,
1422 1753 1527 1822 κᾷθ’
1553 1759 1693 1813 οὕτως

342 1890 374 1924 4.
402 1887 548 1922 ἐκεῖθεν
573 1887 614 1932 F,
643 1888 762 1922 ἐκεῖσε
787 1886 827 1923 P.
943 1888 976 1922 6.
1004 1881 1277 1931 ἀποβεβηκότες
1302 1883 1346 1928 F,
1372 1877 1629 1927 ἐπιβεβηκότες
1654 1881 1694 1916 P.

338 1932 549 1982 πελκτράνῳ
578 1935 615 1979 C,
643 1931 870 1982 Πλεκτράνῳ
897 1934 935 1970 Ρ.
1085 1935 1139 1969 12.
1165 1931 1384 1979 Ἀντιοχείας
1398 1930 1435 1966 C.
1538 1931 1593 1966 18.
1619 1931 1697 1965 ἐλο-

335 1987 467 2030 γίσατο
492 1984 533 2027 F,
562 1985 778 2030 ἐλογίσαντο
803 1983 842 2019 Ρ.
967 1984 1024 2019 22.
1049 1983 1137 2017 κᾶθ’
1165 1982 1208 2026 F,
1235 1984 1296 2016 καὶ
1321 1979 1392 2015 εἴθ’
1418 1979 1457 2014 P.

194 2111 292 2149 ergo
318 2101 395 2136 noli
421 2101 455 2136 ei
480 2113 588 2147 opem
614 2101 723 2147 ferre,
753 2101 816 2136 sed
842 2101 900 2137 fac
925 2101 1080 2137 comites
1105 2100 1145 2134 in
1169 2100 1336 2134 nostram
1362 2095 1472 2132 fidem
1499 2095 1694 2140 adsciscas,

202 2160 248 2184 ne
274 2149 349 2184 ullo
388 2149 497 2185 modo
523 2150 580 2185 illi
607 2149 791 2186 Tancredi
816 2152 944 2195 partes
970 2147 1211 2194 suscipiant.”
1254 2146 1409 2182 veniunt
1434 2145 1551 2191 igitur
1576 2143 1691 2190 legati

202 2196 242 2232 in
259 2196 419 2243 Cyprum
448 2198 680 2244 sumptisque
720 2198 887 2244 pecuniis
914 2200 952 2234 et
977 2199 1163 2243 quotquot
1188 2194 1387 2231 voluerunt
1410 2193 1568 2228 navibus
1594 2194 1697 2227 recta

203 2244 372 2291 Tripolin
398 2258 525 2282 versus
551 2247 740 2294 navigant.
792 2247 840 2282 ad
865 2247 944 2282 eius
969 2246 1074 2281 urbis
1108 2247 1260 2291 portum
1299 2241 1446 2289 appulsi
1484 2241 1695 2288 egressique

203 2294 358 2329 navibus
396 2294 633 2330 Pelctranum
680 2296 906 2331 conveniunt
950 2295 1059 2341 eique
1095 2305 1188 2339 quae
1231 2293 1277 2327 ab
1325 2292 1552 2337 imperatore
1594 2301 1696 2324 man-

203 2341 292 2377 data
317 2346 424 2378 erant
449 2355 573 2379 coram
613 2347 816 2389 exponunt.
882 2355 992 2390 quem
1017 2355 1100 2379 cum
1127 2340 1347 2377 benevolum
1389 2341 1427 2374 et
1464 2338 1511 2374 ad
1547 2348 1694 2373 omnem

203 2390 440 2436 imperatoris
466 2391 711 2438 voluntatem,
738 2393 828 2437 quin
855 2395 968 2428 etiam
995 2392 1042 2427 ad
1061 2393 1219 2426 mortem
1246 2399 1315 2435 pro
1340 2399 1395 2432 eo,
1422 2388 1453 2422 si
1478 2398 1571 2432 opus
1590 2388 1694 2429 esset,

203 2440 451 2484 oppetendam
477 2443 650 2486 paratum
676 2441 902 2476 invenissent
927 2443 1038 2486 atque
1063 2440 1217 2484 insuper
1242 2436 1503 2479 affirmantem,
1556 2446 1603 2479 se,
1631 2434 1695 2469 ubi

204 2488 366 2541 primum
392 2489 657 2536 imperatorem
692 2492 729 2524 in
767 2501 900 2536 agrum
928 2488 1205 2524 Antiochenum
1245 2484 1458 2532 pervenisse
1495 2483 1694 2525 audiverit,

203 2536 319 2580 ipsius
345 2537 545 2572 venerandi
571 2549 680 2573 causa
705 2549 747 2572 eo
773 2537 1031 2583 profecturum
1059 2548 1146 2580 esse,
1170 2546 1262 2581 quas
1287 2533 1462 2580 pecunias
1477 2530 1692 2572 afferebant,

206 2583 283 2618 eius
309 2595 486 2620 consensu
513 2586 551 2620 in
580 2586 781 2631 episcopali
806 2586 890 2621 aula
905 2585 1051 2632 Tripoli
1077 2585 1341 2630 deposuerunt.
1380 2582 1432 2617 sic
1455 2581 1553 2615 enim
1578 2580 1694 2625 impe·
1726 2582 1734 2615 J

204 2634 308 2667 rator
334 2633 379 2668 iis
404 2637 645 2680 praeceperat
671 2634 809 2680 quippe
832 2635 986 2680 veritus,
1012 2645 1058 2668 ne
1082 2633 1248 2677 comites,
1273 2631 1304 2666 si
1329 2631 1368 2666 in
1394 2628 1569 2664 notitiam
1595 2628 1694 2663 veni·

202 2683 287 2714 rent
314 2682 503 2726 pecuniae,
529 2686 658 2728 erepta
687 2694 729 2718 ea
756 2683 963 2728 legatisque
988 2682 1112 2718 vacuis
1138 2681 1300 2717 dimissis
1350 2678 1508 2724 pecunia
1547 2688 1616 2722 pro
1657 2687 1694 2711 se

202 2730 241 2763 et
266 2727 456 2764 Tancredo
486 2733 692 2766 uterentur.
745 2742 859 2776 quare
888 2731 1003 2766 satius
1028 2742 1104 2766 esse
1130 2730 1252 2768 duxit.
1278 2728 1420 2774 legatos
1445 2726 1523 2761 sine
1536 2727 1694 2771 pecunia

203 2779 313 2831 antea
350 2788 478 2812 eorum
517 2782 659 2814 mentes
694 2782 879 2825 temptare
920 2782 958 2815 et
994 2789 1247 2825 quaecumque
1284 2776 1332 2812 ab
1371 2775 1599 2820 imperatore
1638 2773 1693 2808 in·
1720 2779 1734 2827 ξ

203 2823 327 2860 dicata
351 2829 483 2871 essent,
508 2827 682 2862 nuntiare
708 2828 1024 2873 pecuniarumque
1049 2827 1269 2873 largitiones
1294 2823 1484 2870 pollicitos
1508 2823 1692 2857 iuramen-
1719 2827 1734 2854 ³5

201 2874 283 2908 tum
300 2884 361 2909 eos
387 2885 537 2920 poscere
563 2878 600 2911 et
624 2878 704 2910 tum
730 2875 892 2922 demum,
917 2887 1001 2912 cum
1015 2875 1257 2920 imperatoris
1272 2870 1460 2910 voluntati
1478 2870 1692 2906 oboedituri
1707 2862 1734 2886 Β
