1734 3120
473 178 738 212 ALEXIADIS
767 179 862 212 LIB.
891 179 995 213 XIII.
1032 175 1094 213 12.
1440 172 1521 212 229

34 295 217 354 φωνίαν,
251 290 302 353 ἣν
328 294 401 338 καὶ
430 289 667 352 φυλάττειν
702 291 766 344 εἰς
809 287 880 336 ἀεὶ
923 290 1142 349 βούλομαι
1188 295 1259 338 καὶ
1303 293 1570 352 ἐπόμνυμιΙ)

37 362 151 409 Θεόν
181 381 230 408 τε
258 364 332 408 καὶ
362 361 532 416 πάντας
566 359 671 414 τούς
700 359 851 419 ἁγίους
889 356 1039 415 αὐτοῦ,
1071 362 1172 406 ἐπεὶ
1199 363 1272 406 καὶ
1302 363 1379 407 ἐπὶ
1414 362 1524 420 μάρ-

33 451 131 478 τυσι
165 433 345 485 τούτοις
372 430 424 477 τί
465 431 853 490 συμπεφωνημὲνα
888 430 996 488 [καὶ]
1024 428 1241 490 γράφεταί
1268 448 1316 475 τε
1347 432 1420 476 καὶ
1456 433 1526 476 λε’-

33 520 165 559 γεται,
205 496 454 558 ἅνθρωπος
495 497 657 552 πιστὸς
694 502 773 559 τῆς
810 502 890 557 σῆς
930 499 1157 554 βασιλείας
1185 500 1257 544 καὶ
1291 503 1371 544 τοῦ
1399 519 1526 557 περι-

0 567 244 629 δποθήτου
286 587 369 615 σου
398 566 494 614 υἱοῦ
531 569 605 613 καὶ
632 568 849 623 βασιλέως
888 568 1041 624 κυρίου
1070 563 1269 612 Ἰωάννου
1305 571 1385 613 τοῦ
1412 587 1526 625 πορ-

34 637 375 698 φυρογεννήτου,
435 639 508 682 καὶ
560 635 804 693 ὃπλίσομαι
851 635 934 695 τήν
991 635 1138 692 δεξιὰν
1196 634 1307 680 κατὰ
1360 636 1526 690 παντὸς

32 703 358 764 ἇνθισταμένου
389 710 453 765 τῷ
483 703 629 762 κράτει
660 722 755 759 σου,
799 702 889 750 εἴτε
915 708 995 750 τοῦ
1026 708 1341 762 Χριστιανικοῦ
1376 706 1579 763 γένους-ν.
1607 713 1677 748 322

37 777 155 821 ἐστὶν
192 774 217 820 ὃ
256 781 406 832 χεῖρας
454 770 752 832 ἅνταράμενος
797 772 887 819 εἴτε
927 775 999 819 καὶ
1032 770 1276 831 ἀλλοτρίων
1320 775 1414 819 ἐστὶ
1449 778 1527 833 τῆς

34 843 246 904 ἡμετέρας
273 841 418 904 αὐλῆς,
445 840 523 897 οὓς
539 841 763 901 παγάνους
786 841 913 902 ἡμεῖς
933 839 1230 900 ὀνομάζομεν·
1261 841 1389 896 ὥστε,
1411 840 1525 899 ὅπερ

0 915 106 959 onai
145 917 210 972 τῷ
250 912 694 971 προμνημονευθέντι
724 909 952 971 συμφώνῳ
976 912 1226 967 περιείχετο
1258 913 1330 956 καὶ
1356 907 1527 971 ἀμφοῖν

31 987 129 1026 τοῖν
158 986 316 1038 μεροῖν
344 978 567 1040 συνήρεσε,
596 983 650 1041 τῇ
668 997 717 1024 τε
736 980 940 1039 βασιλείᾳ
963 977 1091 1035 ὑμῶν
1110 981 1183 1023 καὶ
1204 980 1316 1036 ἐμοί,
1337 983 1429 1024 τῶν
1449 973 1524 1023 ἆλ-

32 1052 122 1094 λων
147 1046 430 1110 ἀνῃρημένων
458 1052 593 1094 τοῦτο
623 1046 764 1105 μόνον
795 1049 973 1093 ἐκεῖθεν
1003 1047 1116 1092 ἕλκω
1148 1049 1220 1092 καὶ
1250 1046 1525 1105 ἰσχυρίζομαι
1536 1053 1576 1088 Ρ.
1603 1054 1675 1088 407

33 1114 276 1175 καϊᾶπρὶξ
304 1117 462 1175 ἔχομαι
489 1115 542 1162 τὸ
583 1119 744 1162 δοῦλον
780 1120 858 1177 τῆς
894 1117 1121 1173 βασιλείας
1156 1117 1230 1161 καὶ
1257 1111 1526 1176 ἀμφοτέρων

33 1183 146 1231 εἶναι
169 1188 253 1232 καὶ.
268 1187 407 1244 λίζιον
436 1181 685 1242 ἄνθρωπον
717 1183 873 1241 ὥσπερ
910 1185 1160 1229 navah-3⁶³2»
1194 1180 1524 1241 ἀνανεούμενος.

0 1256 106 1300 buoni.
142 1251 235 1300 οὔδ’
265 1252 318 1299 ἂν
355 1253 404 1299 εἴ
423 1272 466 1299 τι
499 1255 683 1312 γένοιτο,
720 1253 785 1307 εἷς
823 1253 1037 1312 ἀθέτησιν
1070 1250 1231 1298 τούτου
1270 1250 1524 1310 ἐλεύσομαι·

33 1320 136 1368 οὐδέ
158 1341 226 1376 τις
244 1321 365 1368 αἷτία
393 1322 519 1369 ἔσται
546 1320 576 1381 ἢ
605 1321 778 1380 τρόπος
805 1320 997 1382 φανερός
1029 1339 1077 1366 τε
1108 1322 1182 1366 καὶ
1210 1316 1395 1381 ἀφανής,
1420 1324 1525 1366 καθ’

33 1388 85 1436 ὃν
119 1390 203 1450 ἐγώ
231 1389 495 1450 παραβάτης
524 1395 615 1435 τῶν
644 1393 883 1450 συνθηκῶν
913 1391 986 1435 καὶ
1013 1393 1102 1434 τῶν
1134 1393 1209 1434 νῦν
1227 1407 1528 1449 συμπεφωνη-

31 1461 176 1518 μένων
205 1458 473 1519 φανίσομαι.
529 1457 620 1504 ἀλλ’
655 1458 812 1518 ἐπειδὴ
853 1456 1062 1516 λαμβάνει)
1092 1456 1147 1502 τὰ
1177 1461 1252 1502 νῦν
1278 1458 1358 1516 τὴν
1387 1461 1529 1516 ῥητῶς

33 1530 247 1574 ἐνταυθοῖ
278 1527 397 1589 [τὴν]
429 1530 806 1587 δηλωθησομὲνην
845 1525 991 1584 χώραν
1031 1528 1077 1572 ἐν
1118 1530 1217 1580 τοῖς
1256 1527 1410 1583 μέρεσι
1450 1529 1529 1588 τῆς

0 1594 251 1650 οοῗνατολῗς
278 1595 353 1642 διὰ
379 1595 709 1654 χρυσοβούλλου
746 1594 878 1654 λόγου
911 1599 990 1654 τῆς
1015 1595 1243 1652 βασιλείας
1277 1611 1373 1648 σου,
1414 1595 1461 1639 ἐν
1490 1590 1526 1653 ᾧ

34 1667 105 1711 καὶ
134 1665 187 1710 τό
217 1663 379 1722 κράτος
407 1666 460 1711 τὸ
479 1664 561 1710 σὸν
580 1663 931 1724 ὑποσημαίνεται
960 1666 1019 1709 δι’
1052 1665 1396 1723 ε’ρυθροβαφοῦς
1414 1664 1569 1707 ὑπο-Β

33 1737 216 1795 γραφῆς,
258 1729 308 1788 ὃς
336 1732 389 1792 δὴ
423 1733 751 1791 χρυσόβουλλος
787 1730 919 1791 λόγος
958 1733 1031 1777 καὶ
1064 1727 1301 1789 ἀμοιβαῖος
1337 1729 1526 1789 γεγονώς

168 1823 202 1857 2.
230 1818 452 1869 ἐπιμάρτυσι
465 1822 506 1867 P,
522 1822 683 1858 correxi.
760 1824 792 1858 3.
820 1823 882 1856 καὶ
904 1821 1047 1857 seclusi.
1126 1821 1160 1855 5.
1186 1819 1297 1865 κυροῦ
1308 1819 1349 1863 Ρ,
1364 1819 1525 1854 correxi.

168 1872 202 1906 8.
227 1866 429 1917 ἆλλοτρίων
444 1871 521 1906 ἐστὶ
534 1870 687 1916 scripsi:
714 1866 906 1916 ἀλλότριον
922 1870 1002 1904 ἐστὶ
1016 1869 1057 1913 F,
1081 1865 1273 1914 ἀλλότριον
1288 1867 1328 1903 Ρ.
1378 1867 1411 1902 9.
1437 1865 1526 1913 ἡμε-

167 1921 272 1964 τέρης
287 1918 329 1964 Ρ,
354 1919 513 1955 correxi.
615 1920 670 1953 14.
696 1920 807 1960 λίζιον
833 1920 893 1952 καὶ
906 1918 948 1964 Ρ,
971 1920 1032 1953 καὶ
1056 1929 1127 1953 om.
1143 1916 1186 1951 F.
1285 1916 1342 1951 15.
1367 1919 1404 1950 εἴ
1424 1929 1458 1950 τι
1483 1915 1526 1961 F,

168 1971 239 2003 εἴτε
264 1966 305 2002 P.
503 1968 556 2002 19.
583 1965 650 2010 τὴν
674 1967 818 2002 seclusi.
1024 1967 1081 2001 20.
1107 1963 1280 2009 ἀνοτολῆς
1302 1964 1342 2008 Ρ,
1366 1964 1524 2001 corre—xi.

169 2017 226 2051 22.
248 2011 525 2062 χρυσόβουλλος
553 2015 624 2060 FC,
645 2012 897 2062 χρυσόβουλος
922 2014 962 2050 Ρ.

34 2114 135 2160 quod
149 2115 190 2150 in
202 2126 312 2150 omne
325 2117 475 2160 tempus
501 2126 560 2150 me
585 2117 822 2150 servaturum
838 2125 916 2150 esse
930 2114 1015 2149 iuro
1030 2112 1142 2148 deum
1158 2112 1350 2148 obtestans
1363 2112 1525 2146 sanctos-

34 2175 107 2208 que
130 2164 223 2206 eius,
249 2163 385 2209 quibus
411 2164 571 2199 testibus
595 2164 658 2199 hie
682 2174 830 2208 quoque
854 2165 1040 2198 tractatus
1058 2164 1097 2196 et
1119 2158 1297 2197 scriliitur
1316 2163 1356 2195 et
1373 2158 1526 2201 dieitur,

34 2211 146 2247 homo
162 2211 281 2247 fidelis
295 2214 383 2247 tuae
400 2212 606 2247 maiestatis
622 2215 661 2248 et
677 2210 984 2247 desideratissimi
997 2210 1055 2245 tui
1071 2209 1141 2245 filii
1156 2212 1195 2245 et
1207 2208 1447 2254 imperatoris
1460 2206 1524 2243 do-

36 2261 131 2295 mini
153 2260 303 2296 loannis
329 2260 644 2307 porphyrogeniti
677 2272 722 2296 ae
748 2260 941 2295 dexteram
965 2259 1120 2294 armabo
1144 2261 1278 2293 eontra
1306 2267 1434 2292 omnes
1458 2257 1525 2301 qui

35 2309 214 2354 potestati
239 2311 327 2344 tuae
359 2309 618 2345 adversantur.
654 2310 730 2344 sive
756 2307 960 2346 Christiani
996 2307 1072 2342 erit
1112 2306 1260 2352 generis
1296 2305 1361 2350 qui
1394 2316 1526 2339 manus

36 2357 75 2392 in
101 2362 139 2392 te
164 2357 295 2392 tollere
318 2357 464 2402 audeat,
489 2357 566 2393 sive
591 2358 734 2393 alienus
758 2369 781 2392 a
805 2357 987 2402 religione
1012 2357 1142 2390 nostra
1166 2366 1210 2390 ex
1230 2364 1433 2398 eorumque
1457 2365 1524 2388 nu-

36 2417 150 2449 mero,
164 2417 259 2451 quos
282 2417 351 2441 nos
366 2418 533 2452 paganos
557 2406 800 2452 appellamus.
827 2405 955 2450 itaque
979 2403 1073 2439 illud
1100 2403 1220 2439 solum
1237 2414 1282 2438 ex
1301 2413 1416 2448 supra
1425 2412 1524 2437 eom-

34 2457 240 2489 memorata
265 2455 438 2499 pactione
463 2455 564 2490 inter
587 2458 734 2501 partem
760 2457 968 2499 utramque,
982 2455 1146 2488 vestram
1157 2451 1391 2486 maiestatem
1402 2452 1442 2485 et
1454 2461 1524 2494 me,

35 2502 135 2538 faeta
155 2501 310 2548 reliquis
325 2503 477 2539 abolitis
496 2503 569 2539 hue
585 2502 772 2539 transfero
789 2506 828 2537 et
841 2501 1045 2547 amplector
1063 2503 1102 2535 et
1118 2499 1307 2535 mordicus
1322 2502 1432 2534 teneo
1443 2501 1524 2534 tan·

35 2553 117 2586 tum
142 2551 215 2586 hoe
227 2551 334 2596 quasi
355 2552 581 2598 abrogatum
597 2563 792 2594 renovans⁷
806 2550 888 2586 fore
909 2561 968 2585 me
982 2560 1130 2584 servum
1145 2551 1183 2584 et
1195 2547 1323 2583 lizium
1335 2546 1524 2583 hominem

35 2599 242 2634 maiestatis
255 2599 451 2645 utriusque
466 2603 631 2636 vestrum
657 2611 725 2636 nec
748 2599 866 2634 ullum
889 2609 1068 2642 umquam
1084 2600 1233 2642 tempus
1249 2595 1433 2641 futurum,
1450 2607 1524 2640 quo

36 2647 108 2683 hoe
125 2647 277 2682 irritum
296 2647 430 2683 faciam
455 2660 524 2685 nec
546 2649 708 2693 denique
733 2647 847 2682 ullam
865 2658 1014 2682 causam
1043 2645 1242 2680 modumve
1266 2647 1440 2691 apertum
1459 2647 1526 2679 aut

35 2694 309 2741 absconditum,
334 2709 408 2742 quo
433 2696 568 2732 harum
593 2698 834 2743 sponsionum
860 2698 1132 2740 punctorumque
1148 2696 1284 2739 ruptor
1314 2704 1524 2738 appaream.

0 2770 5 2782 2
36 2747 76 2780 et
99 2745 276 2790 quoniam
313 2757 414 2782 nune
448 2745 639 2791 regionem
668 2744 891 2780 nominatim
930 2743 992 2778 hic
1016 2741 1265 2786 indicandam,
1295 2742 1459 2787 positam
1486 2741 1525 2776 in

0 2828 2 2831 ,
37 2791 202 2828 Orientis
238 2793 422 2839 partibus,
466 2806 535 2840 per
571 2793 778 2829 maiestatis
814 2796 902 2828 tuae
938 2791 1077 2827 bullam
1104 2801 1255 2826 auream
1292 2801 1315 2825 a
1338 2792 1526 2835 potestate

3 2889 10 2893 „
38 2843 107 2878 tua
156 2840 274 2878 rubro
316 2844 528 2879 atramento
572 2843 820 2888 subscriptam
858 2840 1013 2887 accipio,
1064 2839 1171 2875 cuius
1217 2837 1366 2885 quidem
1402 2837 1525 2873 bullae
