1768 3152
201 250 228 295 ὃ
717 257 884 295 ΑΝΝΑΕ
915 256 1185 294 ooMNnNAE

201 375 354 434 ἕτερος
390 372 555 433 χειμών
586 370 769 428 οὐδενὸς
798 377 888 419 τῶν
923 372 1167 432 εἰρημένων
1198 369 1393 417 ἐλάττων
1435 366 1557 431 αὖτῷ
1599 371 1700 416 ἐπε·
1757 382 1760 386 ’

200 447 404 503 γείρεται.
464 443 647 503 καὶγὰρ
678 438 928 502 ἄνθρωπός
971 460 1038 496 τις
1084 437 1136 487 οὗ
1180 444 1271 486 τῶν
1299 442 1543 501 ἐπιφανῶν,
1586 435 1700 486 ἀλλὰ

201 515 281 576 τῆς
305 511 425 558 κάτω
456 510 587 571 τύχης
625 512 672 557 ἐκ
710 515 792 556 τοῦ
836 508 1029 569 χάρακος
1071 508 1331 567 ὁρμώμενος
1373 507 1453 553 τὸν
1482 510 1562 554 τοῦ
1594 511 1701 552 Λιο-

202 583 353 641 γένους
383 580 479 628 υἶὸν
495 579 653 627 ἑαυτὸν
673 576 785 625 εἶναι
819 579 953 637 ἔλεγε,
986 576 1071 624 κᾶν
1093 579 1259 631 ἐκεῖνος
1279 574 1466 637 φθάσας
1485 572 1698 636 ἀνῃρέθη,

203 649 395 711 ὁπηνίκα
423 649 503 696 τὸν
532 648 644 707 μετὰ
688 650 779 693 τῶν
814 647 1026 706 Τούρκων
1063 645 1173 691 κατὰ
1203 644 1283 706 τὴν
1313 641 1586 701 Ἀντιόχειαν
1615 642 1735 697 πό-5

202 724 338 780 λεμον
363 718 387 766 ὁ
419 716 654 777 Κομνηνός
684 714 896 770 Ἰσαάκιος
939 717 1013 760 καὶ
1054 711 1331 775 αὕτάδελφος
1375 716 1454 760 τοῦ
1486 710 1701 772 αὐτοκρά-

202 807 336 847 τορος
357 784 688 846 συνεκρότησεν·
721 783 848 838 ὅπως
882 785 930 829 δὲ
959 787 1024 843 τῷ
1056 783 1466 840 λεπτομερέστερον
1496 783 1700 828 ἐθέλοντι

202 854 453 916 μανθάνειν
482 855 653 911 ἐξέσται
682 850 778 899 οἷπό
810 856 899 896 τῶν
920 859 1000 897 τοῦ
1029 853 1203 896 κλεινοῦ
1233 851 1461 909 Καίσαρος
1484 867 1702 909 συγγραμ-

157 939 191 975 D
201 923 354 984 μάτων
384 927 635 979 ὁιεντυχεῖν.
695 919 819 980 παρὰ
854 922 1038 966 πολλῶν
1075 921 1156 977 μὲν
1184 912 1262 964 οὖν
1304 917 1702 977 ε’πιστομιζόμενος

203 993 228 1040 ὁ
259 1000 463 1047 τοιοῦτος
494 989 686 1038 ἐπαύετο
719 987 936 1047 οὐδαμῶς.
995 990 1068 1033 καὶ
1105 987 1185 1047 γὰρ
1228 981 1343 1050 ἦλθε
1382 988 1463 1045 μὲν
1495 979 1626 1040 οὗτος
1656 987 1762 1042 ἔξω

202 1058 417 1124 ἀνατολῆς
445 1061 582 1120 πένης
611 1077 659 1105 τε
690 1060 764 1104 καὶ
794 1060 1119 1118 σισυροφοριῦν,
1166 1054 1530 1114 πανουργότατος
1560 1057 1608 1101 δὲ
1641 1053 1703 1100 ὧν

202 1132 276 1176 καὶ
304 1129 357 1176 τὸ
386 1123 504 1192 ἦθος
533 1126 824 1185 πολύτροπος
853 1125 1134 1185 περιενόστει
1163 1124 1242 1186 τὴν
1272 1123 1407 1170 πόλιν
1431 1126 1526 1170 κατ’
1552 1121 1704 1177 οἴκους

203 1217 251 1245 τε
283 1200 356 1244 καὶ
387 1197 660 1258 ῥυμοτομίας
690 1197 796 1254 περὶ
828 1193 988 1240 ἑαυτοῦ
1019 1191 1171 1253 ὑψηλά
1203 1211 1299 1257 τινα
1337 1194 1601 1252 διαγγέλλων
1630 1194 1704 1237 καὶ

204 1267 267 1323 ὥς
282 1265 351 1328 εἴη
380 1270 461 1313 τοῦ
487 1261 951 1325 προβεβασιλευκότος
970 1264 1207 1321 Διογένους
1237 1260 1335 1315 υἱὸς
1353 1263 1490 1307 Λέων
1521 1262 1701 1316 ἐκεῖνος,

204 1334 256 1392 ὃς
285 1335 397 1383 κατὰ
427 1334 509 1396 τήν
537 1332 812 1391 Ἀντιόχειαν
841 1331 932 1378 ὑπὸ
962 1333 1142 1390 βέλους,
1190 1329 1252 1385 ὥς
1281 1328 1470 1390 εἴρηται,
1521 1331 1705 1390 πληγεὶς
1718 1349 1762 1383 15

55 1422 94 1458 P.
122 1422 192 1457 272
206 1403 542 1467 ἐτετελευτήκει.
605 1399 895 1460 ἄναβιώσκων
935 1402 1085 1448 τοίνυν
1121 1399 1199 1446 τὸν
1229 1398 1481 1459 τεθνηκότα
1516 1392 1648 1453 οὗτος
1679 1397 1703 1444 ὁ

204 1473 376 1533 ἀλαζών
405 1469 602 1531 τοῦνομά
635 1491 683 1518 τε
713 1471 766 1518 τὸ
799 1472 968 1517 ἐκείνου
1001 1469 1144 1530 ἑαυτῷ
1181 1471 1436 1528 περιετίθει
1466 1470 1540 1514 καὶ
1570 1486 1705 1530 φανε-

204 1547 295 1604 ρῶς
324 1544 548 1602 ε’βασιλεία
577 1543 651 1587 καὶ
679 1540 784 1595 τούς
814 1541 1118 1601 κουφοτέρους
1147 1537 1357 1599 ὑπήγετο.
1380 1563 1382 1566 v
1420 1540 1493 1583 καὶ
1522 1531 1575 1600 ἧν
1619 1532 1705 1595 ἄρα

203 1615 278 1659 καὶ
306 1617 444 1660 τοῦτο
478 1611 531 1657 τὸ
563 1608 709 1657 δεινὸν
739 1608 936 1668 ἐπιθήκη
966 1612 1057 1654 τῶν
1085 1611 1165 1654 τοῦ
1196 1610 1414 1665 βασιλέως
1442 1610 1701 1667 συμφορῶν,

206 1680 361 1740 ὥσπερ
391 1700 434 1727 τι
479 1683 625 1739 δρᾶμα
669 1676 1058 1738 ε’πιτραγῳόούσης
1083 1674 1202 1737 αὐτῷ
1246 1681 1325 1739 τῆς
1360 1674 1501 1736 Τύχης
1544 1679 1706 1722 τοῦτον
1717 1693 1767 1728 20

204 1749 284 1797 τὸν
320 1750 637 1807 κακοδαίμονα·
698 1749 771 1793 καὶ
802 1745 976 1805 ὥσπερ,
1025 1742 1170 1803 οἶμαι,
1220 1743 1263 1790 οὶ
1294 1747 1552 1805 τρυφῶντες
1593 1742 1705 1801 μετὰ

205 1818 284 1866 τὸν
313 1817 448 1877 κόρον
478 1817 949 1876 ἐπιτραγηματίζονται
993 1818 1083 1859 τῶν
1119 1812 1407 1876 μελιπήκτων
1434 1811 1532 1859 τινὰ
1562 1829 1706 1871 προσ-

345 1892 377 1926 l.
402 1887 524 1926 αὐτῶν
537 1888 609 1925 CG.
660 1889 917 1934 ἔπεγχείρεται
934 1885 976 1922 G.
1076 1886 1111 1922 2.
1137 1882 1228 1920 ἀλλὰ
1243 1887 1305 1919 καὶ
1318 1884 1358 1928 Ρ,
1387 1886 1448 1919 καὶ
1464 1896 1536 1920 om.
1551 1883 1593 1919 F.
1628 1881 1704 1918 ἀλλ’

343 1939 385 1974 ἐκ
402 1940 465 1984 τῆς
482 1934 580 1974 κάτω
598 1932 710 1984 τύχης
725 1937 790 1971 τοῦ
804 1931 972 1983 χάρακος
995 1934 1041 1970 A.
1150 1935 1183 1970 3.
1211 1934 1274 1969 τοῦ
1301 1945 1373 1969 om.
1389 1933 1432 1969 G.
1539 1933 1574 1967 4.
1601 1933 1705 1979 ἔλεγε

342 1987 421 2034 FA,
447 1988 574 2033 ἔλεγεν
591 1986 633 2022 Ρ.
734 1987 767 2020 5.
781 1980 979 2031 Ἀντιόχου
997 1983 1070 2019 CG.
1162 1983 1196 2018 9.
1214 1982 1290 2030 μὲν
1307 1976 1373 2017 οὖν
1397 1993 1470 2017 om.
1487 1981 1559 2017 CG.
1610 1981 1704 2016 διεν·

343 2032 516 2083 τυχόντιῖ
601 2038 657 2070 11.
682 2032 874 2070 ἀνατολῶν
888 2035 960 2070 (JG.
1012 2033 1276 2080 σισυρυφορῶν
1288 2031 1332 2076 F,
1362 2030 1652 2078 σισσυροφορῶν
1665 2030 1705 2065 P.

347 2087 403 2121 12.
430 2081 693 2131 περιεγνώσθη
711 2083 755 2118 A.
858 2084 912 2117 14.
939 2082 1004 2116 τοῦ
1020 2081 1084 2116 τοῦ
1097 2081 1139 2116 G.
1242 2082 1297 2115 15.
1324 2081 1412 2125 βέλη
1431 2080 1473 2115 G.
1548 2080 1600 2114 16.
1628 2080 1704 2114 ἐτε-

342 2131 504 2177 humina
531 2135 575 2168 Gr.
716 2133 771 2167 17.
797 2128 838 2166 τὸ
866 2142 937 2166 om.
966 2130 1009 2165 F.
1154 2130 1212 2164 21.
1242 2129 1362 2176 οἶμαι]
1389 2125 1460 2176 ἄρα
1486 2127 1559 2163 CG.

208 2183 414 2226 tempestas
449 2182 545 2218 nuili
582 2179 821 2226 superiorum
857 2179 1094 2216 vehementia
1132 2178 1283 2213 cedens.
1340 2176 1471 2213 extitit
1501 2174 1600 2212 enim
1629 2187 1706 2211 non

207 2241 254 2265 ex
278 2230 470 2267 nobilibus
492 2229 646 2276 quidem
673 2228 741 2264 sed
764 2227 915 2263 infimae
941 2226 1055 2263 sortis
1081 2238 1101 2262 e
1126 2226 1261 2262 castris
1292 2225 1416 2271 homo,
1450 2224 1516 2271 qui
1550 2235 1589 2259 se
1616 2223 1705 2260 Dio-

207 2277 315 2324 genis
349 2278 472 2314 filium
509 2276 736 2314 affirmabat.
799 2279 968 2312 attamen
1004 2275 1067 2311 hic
1103 2274 1328 2310 interfectus
1362 2276 1445 2310 erat
1475 2285 1518 2309 eo
1544 2272 1703 2319 proelio,

207 2326 311 2373 quod
331 2339 417 2364 eum
435 2327 568 2363 Turcis
587 2326 753 2361 Isaacius
768 2325 982 2360 Comnenus
999 2323 1240 2369 imperatoris
1260 2322 1380 2358 frater
1398 2322 1447 2358 ad
1463 2321 1705 2358 Antiochiam

207 2376 414 2422 commisit;
443 2375 490 2411 de
516 2386 591 2421 quo
620 2374 684 2420 qui
709 2374 923 2410 accuratius
941 2373 1039 2408 scire
1056 2371 1171 2418 volet,
1198 2371 1309 2407 adeat
1331 2371 1620 2408 commentarios
1645 2370 1705 2405 in-

207 2424 289 2460 cliti
314 2425 485 2461 Caesaris
509 2423 642 2460 nostri.
692 2422 725 2458 is
753 2422 883 2468 igitur,
922 2421 1094 2467 quamvis
1119 2432 1141 2456 a
1165 2420 1297 2456 multis
1321 2420 1556 2465 refrenatus,
1582 2419 1704 2454 neuti-

207 2484 320 2518 quam
346 2477 473 2510 tamen
497 2472 671 2509 cessavit.
721 2482 882 2516 namque
919 2471 966 2506 ab
991 2469 1146 2505 Oriente
1186 2480 1331 2515 pauper
1362 2472 1400 2505 et
1435 2469 1552 2514 sisyra
1579 2469 1704 2503 tectus

206 2525 366 2558 venerat
391 2522 662 2569 praeditusque
686 2522 839 2555 versuto
863 2521 901 2554 et
927 2518 1063 2555 callido
1089 2518 1242 2564 ingenio
1271 2518 1402 2553 urbem
1421 2517 1590 2553 ostiatim
1608 2517 1704 2552 vica-

206 2570 351 2616 timque
376 2570 602 2607 circumibat
627 2567 848 2615 praedicans
875 2567 922 2603 de
948 2578 987 2603 se
1007 2566 1166 2610 excelsa,
1194 2566 1374 2602 nimirum
1391 2566 1571 2612 Diogenis
1596 2576 1704 2611 supe-

206 2619 321 2655 rioris
347 2618 590 2666 imperatoris
606 2616 725 2652 filium
751 2628 791 2652 se
809 2628 890 2652 esse
907 2616 1090 2651 Leonem:
1119 2615 1195 2660 qui,
1223 2618 1265 2650 ut
1280 2615 1372 2659 dixi,
1397 2614 1445 2650 ad
1461 2613 1705 2650 Antiochiam

207 2667 348 2713 sagitta
373 2669 472 2705 ictus
501 2666 701 2703 ceciderat.
753 2665 851 2701 hunc
876 2665 998 2711 igitur
1023 2664 1212 2710 impostor
1241 2664 1305 2699 ille
1331 2676 1353 2699 a
1378 2664 1539 2699 mortuis
1565 2663 1705 2698 excita-

206 2720 266 2751 rat
291 2720 548 2763 usurpatoque
587 2716 667 2751 eius
704 2714 856 2750 nomine
894 2712 1097 2759 imperium
1125 2715 1256 2758 aperte
1292 2711 1496 2748 affectabat
1527 2711 1705 2747 leviores-

207 2776 280 2810 que
303 2766 344 2801 in
368 2765 543 2801 fraudem
568 2762 784 2800 inducebat.
838 2762 913 2798 fuit
938 2762 1010 2797 hoe
1035 2761 1259 2806 imperatori
1283 2760 1418 2806 ingens
1439 2771 1705 2796 aerumnarum

207 2817 463 2860 augmentum,
489 2816 683 2858 tamquam
701 2810 732 2846 si
750 2811 923 2847 Fortuna
947 2813 1035 2856 post
1060 2809 1297 2856 tragoediam
1322 2821 1462 2845 novum
1483 2808 1615 2845 drama
1641 2807 1703 2843 ad-

207 2861 376 2899 iunxerit
401 2862 546 2899 nefario
572 2862 637 2897 illo
662 2860 703 2896 in
733 2871 905 2898 scaenam
936 2860 1039 2895 dato.
1090 2869 1145 2904 ac,
1171 2861 1276 2905 puto,
1316 2858 1422 2894 velut
1455 2858 1553 2894 asoti
1584 2856 1706 2893 saturi

206 2909 287 2949 liba
299 2911 455 2960 mellita,
476 2913 519 2947 ut
533 2910 760 2957 tragemata,
786 2908 861 2946 sibi
882 2918 1073 2955 apponere
1089 2907 1224 2955 solent,
1243 2907 1297 2944 sic
1314 2907 1430 2944 etiam
1443 2907 1703 2944 Romanorum
