1734 3120
197 221 278 262 320
709 229 874 264 ANNAE
904 230 1169 264 COMNENAE

195 341 308 386 ποτὲ
338 343 418 398 μὲν
448 345 583 403 γυμνῇ
624 345 678 402 τῇ
712 343 879 403 κεφαλῇ
909 339 1023 400 πρὸς
1053 338 1238 393 τούτους
1271 341 1583 398 παραπεδύετο
1610 343 1682 386 καὶ

45 417 88 453 V.
111 418 183 454 370
196 408 335 467 ὁμόσε
369 416 465 463 τοῖς
510 408 750 467 βαρβάροις
795 408 961 468 ἐχώρει,
1006 411 1118 454 ποτὲ
1164 409 1213 454 δὲ
1256 411 1328 454 καὶ
1373 411 1681 469 ε’σχηματίζετο

152 476 635 524 Βὺποκατακλίνεσθαι
666 482 738 523 καὶ
767 478 844 524 τὸν
870 476 1159 535 ὀρρωδοῦντα
1191 476 1465 535 ὑπεκρίνετο,
1500 477 1560 533 ὥς
1590 497 1684 524 και-

197 545 275 602 ρὸς
305 548 450 592 ἐδίδου
481 548 550 592 καὶ
581 546 636 591 τὰ
666 545 898 606 πράγματα
928 545 1186 604 ὑπηγόρευε.
1242 548 1316 591 καὶ
1345 549 1416 591 ἵνα
1443 550 1684 593 συνελοῦσα

196 614 248 659 τι)
279 618 369 660 πᾶν
397 613 583 672 εἴποιμι,
618 617 691 660 καὶ
728 613 909 674 φεύγων
940 612 1110 671 ἐκράτει
1141 616 1213 659 καὶ
1243 613 1416 659 διώκων
1446 617 1575 670 ἐνίκα,
1613 618 1719 660 καὶὸ

196 686 349 729 ἵστατο
381 686 673 728 καταπίπτων
700 686 771 728 καὶ
798 682 1081 739 καταβάλλων
1103 678 1263 740 ὄρθιος
1290 677 1344 742 ἦν
1373 683 1483 729 κατὰ
1502 683 1581 744 την
1597 688 1686 730 τῶν

47 765 86 801 Ρ.
114 750 414 809 468τριβόλων
443 753 591 797 θέσιν·
633 754 705 797 καὶ
735 756 872 796 ταῦτα
903 751 982 809 γὰρ
1015 749 1141 804 ὅπως
1170 748 1223 795 ἂν
1254 753 1432 811 ρίψειας
1461 749 1580 810 ὀρθά
1614 771 1685 798 σοι

197 818 432 879 ἑστήξεται.
506 818 639 865 πάλιν
684 822 722 864 δ’
768 821 965 865 ἐνταῦθα
1010 821 1218 879 γενομένη
1265 823 1571 879 παραιτοῦμαι
1609 820 1687 880 την

195 890 378 947 μέμψιν,
401 887 557 946 ὅτιπερ
575 891 982 947 περιαυτολογοῦσα
1012 887 1420 945 καταλαμβάνομαι·
1447 885 1555 934 ἄλλα
1578 892 1687 934 πολ-

196 955 318 1010 λάκις
346 954 696 1016 ἀπελογησάμην,
732 957 800 1002 ὅτι
831 953 909 1013 οὐχ
939 955 963 1016 ἡ
993 960 1072 1002 τοῦ
1102 959 1274 1014 πατρὸς
1302 953 1452 1004 εὔνοια
1478 957 1582 1012 τούς
1613 957 1687 1003 λό-
1702 966 1734 999 1(

195 1042 298 1082 γους
326 1023 511 1078 τούτους
540 1027 790 1081 παρέχεται,
829 1021 918 1069 ἀλλ’
952 1024 977 1085 ἦ
1007 1029 1098 1070 τῶν
1134 1024 1406 1084 πραγμάτων
1437 1025 1583 1087 φύσις.
1644 1027 1687 1070 τί

196 1092 275 1150 γὰρ
305 1091 461 1138 κωλύει
480 1092 594 1150 πρὸς
622 1096 703 1152 τῆς
730 1089 945 1152 άληθειἀς
975 1090 1119 1155 αὐτῆς,
1154 1097 1225 1139 καὶ
1257 1093 1542 1154 φιλοπάτορα
1575 1091 1686 1139 εἶναι

197 1160 306 1205 κατὰ
335 1157 495 1206 ταύτόν
525 1180 622 1207 τινα
650 1163 721 1206 καὶ
742 1161 994 1222 φιλαλήθη,
1029 1162 1114 1220 ἐγώ
1135 1165 1215 1220 μὲν
1235 1162 1314 1221 γὰρ
1335 1160 1512 1222 τάληθῆ
1533 1181 1688 1220 προει-

197 1227 335 1287 λόμην
366 1228 629 1289 ξυγγράφειν
659 1231 730 1274 καὶ
757 1231 860 1288 περὶ
882 1225 1039 1287 ἀνδρὸς
1071 1226 1272 1288 ἀγαθοῦ·
1305 1231 1342 1277 εἰ
1372 1233 1420 1276 δὲ
1449 1231 1527 1275 τὸν
1555 1227 1688 1276 αὐτὸν

199 1298 466 1355 ξυμβέβηκεν
498 1294 610 1342 εἶναι
640 1301 710 1343 καὶ
741 1300 913 1356 πατέρα
955 1302 1034 1343 τοῦ
1073 1300 1364 1359 ξυγγραφέως,
1404 1299 1455 1344 τὸ
1493 1300 1572 1356 μὲν
1607 1301 1686 1343 τοῦ
1704 1310 1734 1343 1Ξ

198 1364 367 1424 πατρὸς
408 1360 548 1423 ὄνομα
582 1368 912 1426 προσερρίφθω
958 1367 1152 1413 ἐνταῦθα
1196 1369 1266 1413 καὶ
1314 1369 1485 1413 κείσθω
1524 1369 1571 1412 ἐκ
1607 1369 1686 1412 τοῦ

156 1435 518 1490 Βπαρέλκοντος·
547 1438 601 1496 τῇ
631 1436 679 1479 δὲ
709 1435 845 1494 φύσει
873 1439 951 1494 τῆς
980 1431 1196 1495 ἀληθείας
1221 1431 1476 1481 ἀνακείσθω
1506 1434 1557 1480 τὸ
1588 1433 1689 1493 σύγ-

198 1520 385 1560 γραμμα.
420 1504 464 1548 ἐν
493 1499 642 1556 ἄλλοις
679 1505 758 1560 μὲν
795 1502 874 1562 γὰρ
913 1503 991 1564 τὴν
1020 1503 1138 1562 πρὸς
1166 1503 1246 1550 τὸν
1276 1505 1446 1562 πατέρα
1476 1501 1689 1559 ἐνεδειξά-

197 1589 283 1629 μην
313 1566 484 1616 εῧνοιαν
516 1574 588 1616 καὶ
618 1571 690 1617 διὰ
721 1576 853 1617 τοῦτο
884 1574 958 1618 καὶ
988 1576 1215 1631 δυσμενῶν
1244 1575 1336 1618 κατ’
1370 1574 1562 1631 ἐμαυτῆς
1586 1567 1688 1616 ’19κὸ-

200 1657 308 1698 νησα
338 1637 502 1697 δόρατα
532 1642 603 1684 καὶ
633 1642 738 1700 ξίφη
770 1642 1018 1701 παρέθηξα.
1064 1644 1136 1686 καὶ
1156 1640 1303 1687 ἴσασιν
1323 1639 1487 1686 ὁπόσοι
1508 1639 1562 1684 τοὶ
1582 1642 1686 1684 καθ’
1701 1651 1734 1684 2(

200 1705 316 1766 ἡμᾶς
347 1708 430 1753 οὐκ
461 1703 675 1768 ἠγνόησαν
705 1708 952 1767 πράγματα.
1017 1707 1074 1755 οὔ
1105 1709 1195 1769 μήν
1229 1711 1273 1755 ἐν
1302 1713 1366 1769 τῷ
1394 1713 1472 1763 τῗς
1492 1707 1689 1765 ἱστορίας

200 1774 391 1834 σχήματι
427 1779 756 1836 καταπροδοίην
799 1776 851 1822 ἂν
892 1777 971 1838 τὴν
1014 1777 1241 1838 ἀλήθειαν.
1315 1773 1447 1831 ἄλλος
1488 1779 1567 1834 μὲν
1608 1776 1688 1836 γὰρ

340 1895 368 1928 1.
394 1889 474 1928 τότε
501 1894 541 1940 Ρ,
567 1896 725 1931 correxi.
839 1897 874 1931 9.
901 1896 1239 1943 περιαυτολογοῦσα
1264 1896 1413 1942 scripsi:
1438 1892 1690 1941 αὖτολογοῦσα

337 1942 374 1987 C,
400 1944 670 1989 ταυτολογοῦσα
688 1944 728 1979 Ρ.
808 1946 860 1980 ll.
885 1941 1032 1983 τούτους
1055 1945 1092 1989 C,
1116 1940 1243 1979 τούτου
1257 1943 1299 1980 P.
1411 1945 1466 1980 14.
1491 1942 1557 1979 τὸν
1580 1942 1692 1979 αὐτὸν

338 1989 375 2035 C,
399 2003 469 2027 om.
495 1991 534 2027 P.
667 1994 726 2029 22.
755 1989 917 2041 σχήματι
944 1994 1094 2039 scripsi:
1118 1989 1283 2040 χρήματι.
1308 1991 1375 2028 ΟΡ.

204 2115 417 2160 conspicere
442 2115 476 2150 ei
502 2116 696 2162 minantia,
731 2116 794 2152 sed
831 2116 942 2153 modo
972 2117 1030 2153 vel
1066 2117 1167 2152 nudo
1202 2117 1325 2162 capite
1356 2116 1402 2151 iis
1429 2127 1466 2150 se
1505 2115 1691 2151 obiciebat

203 2175 427 2209 manumque
453 2176 538 2200 cum
560 2165 732 2200 barbaris
756 2166 988 2209 conserebat,
1026 2165 1135 2201 modo
1172 2165 1360 2200 declinare
1399 2163 1597 2199 videbatur
1638 2165 1691 2207 ac,

202 2213 233 2247 si
257 2215 404 2257 tempus
430 2212 646 2258 postulabat
672 2217 710 2249 et
741 2226 800 2249 res
826 2214 1009 2258 ferebant,
1049 2215 1183 2249 timere
1209 2226 1247 2248 se
1282 2213 1497 2257 simulabat3
1537 2211 1611 2257 sed,
1648 2214 1692 2246 ut

201 2260 305 2296 brevi
329 2261 567 2307 complectar,
606 2262 751 2308 fugiens
790 2263 960 2309 superior
996 2266 1078 2298 erat
1114 2262 1360 2308 vincebatque
1380 2272 1629 2307 persequens,
1653 2263 1691 2295 et

201 2308 334 2344 cadens
373 2310 497 2345 stabat
538 2314 575 2345 et
626 2311 788 2346 deiciens
838 2312 1015 2347 manebat
1051 2315 1196 2347 erectus
1222 2312 1406 2346 muricum
1442 2309 1691 2354 tricuspidum

204 2358 333 2400 instar,
373 2359 437 2403 qui
475 2362 562 2394 utut
597 2361 836 2404 proiciuntur
873 2362 968 2396 recti
1007 2371 1152 2405 semper
1189 2362 1299 2394 stant.
1363 2370 1492 2393 rursus
1532 2358 1603 2402 hic,
1645 2368 1690 2392 ne

201 2406 465 2450 reprehendar,
491 2407 694 2443 verendum
717 2412 783 2451 est,
810 2409 910 2454 quod
938 2420 1020 2444 mea
1047 2408 1265 2454 praedicare
1290 2407 1512 2451 convincor3
1547 2418 1689 2447 verum,

202 2454 302 2499 quod
325 2466 432 2500 saepe
458 2456 531 2490 iam
557 2455 649 2500 dixi,
676 2469 750 2492 non
777 2457 869 2492 mihi
902 2457 1022 2503 patris
1039 2468 1165 2500 amor,
1206 2456 1269 2491 sed
1294 2467 1423 2490 rerum
1449 2458 1585 2490 natura
1609 2466 1691 2500 sug-

201 2503 299 2548 gerit
317 2503 422 2539 talia.
478 2505 567 2549 quid
593 2505 689 2539 enim
727 2517 795 2550 pcr
822 2505 942 2551 ipsam
967 2506 1162 2541 veritatem
1204 2504 1373 2550 impedit,
1400 2505 1599 2549 quominus
1625 2503 1691 2537 ali-

203 2551 285 2595 quis
309 2555 345 2585 et
372 2553 490 2597 patris
516 2556 554 2588 et
579 2554 751 2588 veritatis
782 2566 909 2589 amans
943 2554 1150 2600 appareat?
1199 2565 1286 2588 nam
1312 2552 1485 2598 equidem
1511 2551 1690 2598 proposui

202 2599 297 2634 mihi
322 2611 410 2634 vera
434 2602 668 2637 conscribere
693 2614 808 2647 eaque
841 2603 886 2637 de
911 2603 993 2638 viro
1017 2603 1126 2637 bono.
1172 2602 1237 2647 qui
1264 2602 1295 2637 si
1318 2602 1479 2646 contigit
1515 2602 1558 2635 ut
1586 2603 1692 2645 pater

203 2647 400 2683 scribentis
428 2650 487 2692 sit,
513 2651 632 2694 patris
658 2662 791 2685 nomen
824 2652 1018 2686 mittamus
1043 2655 1156 2696 atque
1183 2662 1250 2695 pro
1286 2660 1557 2695 supervacaneo
1584 2649 1692 2683 habe-

203 2707 295 2738 mus,
320 2696 358 2730 in
385 2698 555 2732 veritatis
581 2702 704 2733 autem
731 2703 866 2734 natura
892 2700 1033 2744 scripta
1069 2699 1193 2744 posita
1230 2699 1317 2743 sint,
1357 2698 1578 2743 praesertim
1607 2708 1692 2732 cum

203 2743 293 2778 alias
338 2756 460 2779 meum
498 2758 585 2792 erga
625 2750 769 2792 patrem
810 2748 1037 2783 ostenderim
1078 2759 1240 2782 amorem
1290 2757 1407 2792 eoque
1451 2745 1592 2781 factum
1632 2746 1691 2789 sit,

204 2795 246 2827 ut
273 2793 539 2828 malevolorum
566 2796 604 2830 in
635 2807 693 2830 me
724 2807 920 2831 mucrones
953 2796 1171 2842 gladiosque
1210 2795 1400 2837 acuerim3
1436 2794 1537 2840 quod
1557 2794 1692 2838 sciunt,

203 2840 428 2887 quicumque
453 2853 510 2877 res
536 2846 682 2878 nostras
710 2848 906 2880 noverunt.
966 2848 1005 2880 at
1031 2844 1098 2880 sub
1135 2844 1316 2879 historiae
1347 2842 1469 2888 specie
1494 2842 1693 2878 veritatem

202 2889 356 2924 minime
381 2889 607 2935 relinquam:
649 2891 750 2926 aliud
785 2892 885 2927 enim
922 2892 996 2928 fuit
1021 2893 1159 2928 amoris
1185 2893 1224 2927 in
1250 2895 1395 2938 patrem
1422 2894 1581 2937 tempus,
1619 2901 1693 2936 quo
1722 2917 1734 2934 ,-
