1734 3120
497 224 762 260 ALEXIADIS
794 226 888 260 LIB.
916 227 996 262 XV.
1034 222 1096 262 ll.
1455 222 1537 264 377

55 346 188 402 συναΙ
204 380 487 390 ...........
504 342 682 400 πείγετο
711 345 776 400 τῷ
805 338 1109 399 αὖτοκράτορι.
1166 341 1307 397 οὕτως
1336 341 1535 402 εἶχονΙ...

56 449 225 459 ........
241 414 322 456 κᾶν
342 413 414 456 καὶ
429 410 492 464 ὠς
509 407 706 469 άληθῶς,
728 413 861 455 τοῦτο
883 409 937 466 δι
957 409 1008 454 το
1034 410 1196 469 ψαλλόΙ
1211 450 1220 458 .
1234 451 1242 458 .
1258 451 1267 458 .
1280 451 1287 458 .
1300 451 1308 459 .
1323 451 1331 458 .
1345 451 1354 459 .
1368 414 1538 468 ....ίνες

56 479 253 526 θανάτου
290 479 343 525 τὸ
382 481 618 538 τηνικαῦτα
651 477 765 538 ἡμᾶς
804 480 932 535 κατεΙ
950 517 1231 526 ...........
1249 482 1321 525 καὶ
1348 480 1450 526 τότε
1482 481 1535 541 δὴ

53 545 262 610 ᾐσθόμην
282 548 501 607 ἔκφρονος
520 548 630 605 ἐμαυ
647 549 655 600 Ι
672 585 1093 594 ................
1110 547 1337 606 ἐμεμῆινειν
1363 549 1443 606 γὰρ
1463 551 1535 594 καὶ

19 615 136 664 δοῦκ
164 614 285 674 εἶχον
313 616 341 662 δ’
367 619 435 674 τιΙ
452 655 706 664 ..........
722 634 802 673 μαι
834 619 904 661 καὶ
936 620 1000 677 πῆ
1019 614 1257 674 τράπωμαι
1286 616 1438 674 ὁρῶσα
1456 617 1535 676 τήν
1546 621 1589 656 V·
1618 621 1689 655 397

54 689 128 744 τεΙ
144 725 263 734 .....
293 687 367 731 ι’δα
393 686 458 739 εἷς
488 685 568 730 τον
600 683 770 730 πόντον
797 686 1120 743 ἒμβεβλημένην
1151 689 1241 729 τῶν
1259 687 1271 742 ΙΙ
1292 687 1579 745 συμφορῶνΒ

54 756 127 800 καὶ
155 754 234 800 τὸν
263 749 574 812 αὐτοκράτορα
612 758 711 807 ταῖς
737 754 934 809 συνεχέσι
965 756 1095 798 hmo
1113 792 1122 800 .
1140 792 1149 800 .
1167 756 1228 811 ..Ι
1259 754 1323 808 εἷς
1354 750 1539 810 misula-

55 841 134 868 τον
161 827 244 882 τῆς
283 825 396 885 ζωῆς
434 821 738 879 ἐλαυνόμενον.
797 818 907 866 ἀλλὰ
942 823 1015 867 καὶ
1032 860 1205 869 .......
1225 824 1417 879 Ιέκεῖνος
1444 819 1542 868 ἆνε-

57 893 198 950 νὲγκαι
226 895 306 954 τῆς
333 893 540 948 δευτέρας
569 892 872 951 λειποθυμιάς
887 929 1062 937 .......
1083 888 1223 950 Ιαίτῷ
1252 892 1542 948 ἑπιρρανθέν-

0 969 43 1004 ΙΟ
54 980 132 1015 τος
177 968 350 1017 ψυχροῦ
386 963 460 1005 καὶ
503 965 583 1005 τοῦ
620 964 712 1004 τῶν
757 958 901 1018 ῥόδων
948 958 1264 1017 σταλάγΙματος
1307 959 1431 1016 παρά
1462 962 1543 1019 τῆς

55 1027 269 1088 φιλτάτης
297 1030 407 1088 ἐμῆς
424 1026 625 1090 α’ὅελφῆς
645 1031 825 1087 ΖΡΙαριάς
851 1027 908 1074 τὰ
935 1025 1046 1074 αιῗτὰ
1066 1030 1137 1073 καὶ
1162 1030 1266 1085 περὶ
1286 1032 1376 1072 τῶν
1394 1024 1544 1072 αὕτῶν

55 1092 306 1157 ἑπὲσπξηπτε
334 1101 389 1159 τῇ
416 1099 623 1154 βασιλίδι.
650 1101 657 1154 Ι
691 1099 764 1142 καὶ
802 1097 936 1142 πάλιν
973 1097 1037 1151 εἷς
1064 1098 1215 1155 τρίτην
1243 1097 1544 1152 zamam-pias·

54 1167 291 1212 ἐνέπιπτεν
306 1199 316 1213 .-
333 1206 452 1214 .....
479 1170 486 1224 Ι
510 1168 584 1212 καὶ
612 1165 881 1224 μετάστασις
914 1165 1040 1222 ἔδοξε
1089 1169 1143 1226 τῇ
1178 1167 1381 1226 βασιλικῇ
1419 1166 1541 1223 κλίνῃ

56 1273 231 1283 .......
257 1239 379 1292 Ιτιῦν
408 1231 525 1295 ἀμφὶ
552 1235 605 1281 τὸ
637 1239 768 1293 σῶμα
800 1236 968 1281 ἐκείνου
989 1232 1247 1279 πονούντων
1275 1236 1346 1279 καὶ
1373 1236 1541 1293 με....Ι

0 1311 40 1346 15
56 1307 127 1349 καὶ
164 1301 494 1363 μετεστήσαμεν
527 1303 607 1348 τὸν
645 1301 955 1360 αὐτοκράτορα
990 1305 1227 1362 κλινοπετῆ
1245 1341 1364 1349 .....
1383 1304 1542 1359 Ιμέρος

53 1373 207 1430 ἕτερον
243 1375 324 1418 τοῦ
368 1372 653 1432 πεντορὸφου
698 1370 948 1431 οἶκήματος,
995 1369 1044 1417 εἶ’
1071 1369 1160 1416 πού
1189 1388 1236 1429 γε
1253 1409 1262 1416 .
1281 1409 1290 1416 .
1310 1373 1313 1385 ⁵
1333 1389 1376 1416 οι
1423 1371 1580 1416 ἕλευ-(ἶ

55 1440 331 1499 θεριαίιέρον
359 1437 691 1487 ἀναπνεύσαντα
719 1437 827 1497 άέρα
855 1445 935 1500 τῆς
954 1441 1267 1496 λειποῸιμιάς
1285 1436 1541 1496 ἀνενεγκεῖν.

54 1506 283 1567 ἀπέβλεπε
315 1508 396 1567 γὰρ
424 1511 478 1555 τὸ
506 1511 643 1567 μέρος
669 1510 811 1554 ἐκεῖνο
837 1512 844 1566 Ι
870 1507 987 1565 πρὸς
1019 1510 1187 1565 βορρᾶν
1224 1509 1296 1552 καὶ
1326 1506 1542 1565 οἰκήματα

55 1575 257 1635 ου’δαμοῢ
288 1570 398 1639 ἦσαν
426 1579 502 1624 ἐπι
520 1617 530 1624 .
549 1617 558 1625 .
575 1616 585 1624 .
603 1579 611 1635 Ι
627 1581 798 1623 θοῦντα
826 1582 925 1630 ταῖς
953 1575 1133 1634 θύραις.
1182 1572 1276 1621 ἀλλ’
1305 1575 1330 1620 ἦ
1359 1578 1438 1636 τῆς
1464 1581 1544 1632 βα-

0 1648 220 1701 2οσιλεὶας
247 1645 458 1702 διάδοχος
481 1649 490 1704 Ι
515 1644 795 1706 προφθάσας
833 1643 1021 1706 ὑπεξῄει
1059 1646 1174 1700 πρὸς
1211 1644 1262 1689 τι)
1300 1641 1545 1702 άποτεταγ-

52 1717 186 1772 μένον
219 1717 226 1773 Ι
261 1713 424 1773 οἴκημα
476 1713 556 1759 τὸν
605 1718 686 1760 τοῦ
740 1715 958 1771 βασιλέως
1012 1711 1217 1771 ἐπιγνοὺς
1263 1708 1370 1756 άναν
1395 1751 1404 1758 ,
1430 1751 1439 1758 .
1466 1751 1474 1758 .
1502 1750 1511 1758 .
1535 1711 1542 1767 Ι

191 1815 225 1848 1.
257 1839 268 1850 .
281 1839 293 1850 .
306 1839 316 1848 .
330 1841 340 1848 .
356 1812 397 1848 Ρ.
454 1839 464 1848 .
479 1839 489 1848 .
504 1839 514 1848 .
529 1839 537 1848 .
554 1841 561 1847 .
580 1812 619 1848 P.
697 1815 730 1849 2.
757 1809 1016 1859 ψιιλλὸμενον.
1032 1838 1043 1848 .
1058 1815 1168 1850 ,τίνες
1192 1811 1231 1846 Ρ.
1306 1813 1327 1846 8
1331 1836 1495 1846 .......
1503 1810 1544 1847 Ρ.

186 1862 221 1897 4-
258 1889 269 1898 .
283 1889 291 1895 .
308 1890 314 1895 .
333 1860 377 1896 Ρ.
486 1863 520 1897 5.
544 1888 554 1896 .
570 1890 578 1896 .
595 1889 602 1895 .
618 1861 660 1897 P.
771 1863 805 1897 6.
835 1888 846 1897 .
860 1888 870 1896 .
885 1861 933 1895 δα
958 1860 999 1896 P.
1076 1860 1299 1906 συμφορῶν]
1327 1860 1462 1905 incipit
1480 1859 1543 1894 fol.

187 1911 260 1946 245
274 1909 313 1945 O.
392 1910 425 1946 7.
451 1913 623 1956 συνεχέσι
642 1936 749 1946 .....
765 1912 818 1948 εἰς
839 1909 880 1946 Ρ.
974 1911 1006 1945 8.
1032 1906 1123 1943 ἀλλὰ
1151 1911 1212 1943 καὶ
1226 1934 1283 1944 ...
1298 1934 1308 1943 .
1355 1907 1421 1951 (9.)
1445 1905 1544 1952 αὐτῷ

188 1958 322 1994 mediis
346 1958 492 1994 omissis
516 1958 555 1994 P.
629 1959 919 2004 ἔπιρρανθέντος
946 1957 1002 1995 (3²,
1030 1958 1300 2002 έπιῤῥαθέντυς
1324 1955 1410 1991 Pc¹.
1488 1957 1542 1990 13.

195 2006 334 2044 .....P
459 2007 516 2043 14.
549 2006 662 2043 ...Ρ.
744 2006 859 2042 ...Ρ.
982 2006 1038 2042 15.
1073 2005 1186 2041 ...Ρ.
1287 2006 1342 2039 16.
1375 2003 1543 2041 .....Ρ.

187 2050 505 2101 ἐλευθεριώτερον]
532 2070 544 2089 ι
570 2055 611 2091 in
634 2067 705 2091 ras.
735 2067 786 2091 m.
811 2057 834 2090 2
861 2055 899 2091 C.
1009 2056 1063 2089 17.
1088 2055 1328 2100 λει..θυμίας
1351 2051 1390 2088 Ρ.
1485 2053 1542 2086 19.

195 2131 207 2141 .
220 2131 230 2140 .
244 2107 255 2138 ;
269 2103 312 2139 P.
432 2104 491 2139 20.
516 2101 801 2150 ἀποτεταμένον
812 2103 851 2139 Ρ.
977 2104 1035 2138 21.
1061 2129 1071 2138 .
1085 2129 1095 2138 .
1109 2128 1119 2137 .
1134 2101 1173 2137 Ρ.

56 2203 162 2238 abire
187 2201 432 2247 properabat.
481 2202 537 2238 ita
560 2202 695 2239 affecta
717 2214 820 2237 eram
848 2215 865 2233 *
895 2206 934 2237 et
958 2212 1087 2237 revera
1112 2203 1155 2235 ut
1179 2199 1318 2245 legitur
1336 2198 1376 2232 in
1394 2197 1545 2243 psalmis

58 2266 76 2283 t
102 2250 253 2297 quidem
275 2250 414 2286 mortis
437 2252 520 2286 tum
543 2262 613 2286 nos
639 2264 658 2283 ι
683 2250 758 2286 iam
796 2261 885 2286 vero
924 2250 1022 2285 sensi
1062 2248 1197 2284 mentis
1234 2258 1292 2282 me
1317 2247 1495 2291 impotem
1523 2258 1541 2277 t

54 2299 217 2335 insanivi
250 2299 352 2334 enim
389 2310 509 2344 neque
546 2299 730 2334 habebam
767 2298 869 2344 quod
910 2314 927 2328 ι
964 2300 1003 2333 et
1050 2307 1125 2342 quo
1171 2307 1231 2330 me
1267 2297 1452 2330 verterem
1489 2293 1543 2329 vi·

0 2365 3 2372 ·
54 2347 147 2383 dens
197 2346 477 2392 imperatricem
528 2348 624 2383 mari
676 2347 932 2383 calamitatum
969 2346 1143 2381 iniectam
1192 2347 1231 2379 et
1279 2343 1544 2388 imperatorem

55 2395 246 2432 continuis
268 2394 385 2430 animi
418 2395 695 2431 defectionibus
733 2395 800 2430 fini
824 2395 925 2430 vitae
959 2393 1184 2439 proximum.
1235 2390 1297 2426 sed
1324 2404 1342 2422 t
1369 2389 1434 2425 ille
1458 2401 1543 2425 cum

55 2456 94 2480 se
145 2444 194 2479 ab
238 2443 359 2478 altera
394 2444 511 2479 animi
549 2444 759 2480 defectione
804 2442 1002 2488 recepisset
1039 2440 1180 2487 frigida
1220 2450 1313 2483 aqua
1355 2438 1543 2483 inspersns

55 2500 301 2537 romi-umque
324 2503 412 2528 suco
437 2504 460 2527 a
490 2493 684 2528 carissima
721 2503 849 2527 sorore
878 2502 960 2526 mea
991 2489 1123 2532 Maria,
1162 2487 1288 2523 eadem
1326 2485 1375 2521 de
1410 2485 1542 2521 iisdem

55 2541 168 2576 rebus
192 2540 387 2586 Augustae
410 2540 615 2577 mandavit.
666 2544 746 2576 tum
781 2551 910 2574 rursus
935 2538 1087 2573 tertiam
1118 2538 1156 2572 in
1181 2534 1426 2571 defectionem
1452 2534 1544 2570 inei-

55 2589 116 2625 dit.
152 2602 171 2621 a:
210 2591 250 2624 et
273 2589 436 2624 mutatio
463 2589 663 2625 videbatur
691 2588 798 2634 regio
822 2586 959 2623 lectulo
1000 2600 1018 2618 t
1057 2597 1188 2621 eorum
1213 2583 1277 2628 qui
1303 2594 1439 2627 corpus
1463 2583 1544 2617 eius

55 2637 252 2674 curabant.
301 2636 378 2672 iam
405 2651 424 2670 a
452 2640 492 2673 et
516 2636 777 2673 transtulimus
817 2636 1082 2680 imperatorem
1109 2634 1149 2668 in
1183 2630 1320 2667 lectulo
1343 2630 1541 2666 cubantem

56 2687 97 2722 in
124 2688 271 2731 partem
295 2684 454 2721 alteram
476 2685 609 2721 domus
637 2686 803 2731 quinque
827 2681 1173 2728 contignationibus
1197 2678 1367 2725 insignis,
1390 2679 1422 2713 si
1447 2678 1545 2714 sorte

56 2737 185 2780 posset
228 2744 353 2768 aerem
398 2733 555 2770 liberius
592 2733 732 2769 ducens
777 2732 824 2767 ab
872 2731 986 2766 animi
1030 2728 1238 2764 defectione
1278 2739 1316 2762 se
1366 2726 1542 2772 recipere.

57 2781 253 2828 spectabat
275 2782 377 2816 enim
408 2794 496 2828 pars
526 2782 592 2818 illa
623 2781 914 2826 septentrionem
945 2789 1065 2823 neque
1097 2777 1173 2811 ulla
1197 2774 1366 2811 aedificia
1389 2778 1499 2810 erant
1523 2787 1541 2805 t

57 2831 191 2876 portis.
241 2829 307 2865 sed
331 2842 518 2866 successor
543 2830 693 2875 imperii
722 2831 832 2863 antea
856 2827 948 2863 clam
976 2837 1145 2871 egressus
1169 2828 1226 2860 est
1250 2823 1290 2858 in
1314 2822 1467 2858 domum
1491 2834 1545 2858 se·

59 2881 233 2925 paratam
270 2877 514 2924 imperatoris
552 2879 705 2924 cognita
746 2891 763 2908 u
804 2879 843 2912 et
866 2874 1059 2912 festinavit
1082 2873 1188 2909 abire
1211 2875 1251 2908 et
1276 2870 1494 2918 properavit
1524 2883 1543 2902 ι
