1780 3138
266 240 342 280 148
758 245 923 280 ANNAE
960 244 1226 278 COMNENAE

260 366 400 407 καῦτα
437 360 513 406 τὸν
560 359 681 418 ἅγιον
719 357 978 404 θεάσασθαι
1015 356 1264 414 ἱερατικῶς
1288 359 1562 416 ἐσταλμένον.
1635 358 1659 405 ὁ
1695 362 1744 406 δὲ

865 428 874 442 t
901 428 911 447 ς
962 421 986 438 2!
1460 425 1483 441 tt

261 429 502 489 περιχαρής
537 427 722 487 γεγονώς
773 424 900 472 οὕκετ
959 444 1064 483 οναρ
1107 424 1263 480 ἐδόκει,
1319 421 1411 471 ἄλλ’
1454 445 1576 485 υπαρ
1623 426 1743 486 ὃρᾶν,

216 500 396 546 Βένθεν
425 517 495 544 τοι
524 499 596 543 καὶ
624 498 836 556 γνωρίσας
868 494 946 539 τον
973 493 1095 553 ἅγιον
1126 494 1329 553 ἔμφοβος
1371 493 1606 554 γενόμενος
1634 501 1742 554 μεθ’

260 567 510 626 ὑποστολῆς
537 563 698 628 ᾐτεῖτο,
731 567 862 609 τίνων
891 562 1140 622 ἅγγελτικὸς
1173 563 1197 608 ὁ
1229 559 1367 623 ἇστήρ
1400 565 1505 619 ἐστι,
1533 567 1743 623 γνωρίσαι

262 635 318 684 οἱ.
376 636 400 681 ὁ
441 637 487 681 δὲ
524 637 706 680 Κελτῶν
745 635 911 692 κίνησιν
950 633 1269 690 προσημαίνειν
1298 636 1459 677 τοῦτον
1490 633 1604 695 ἔφη·
1654 634 1779 680 ι(τόὅ

112 711 154 748 V.
178 712 246 747 282
261 706 308 750 δὲ
354 704 617 760 σβέννυσθαι
660 701 740 761 τήν
781 699 950 746 τούτων
993 696 1129 745 αι’-τοῦ
1174 718 1265 745 που
1302 699 1538 747 κατάλυσιν
1577 704 1742 761 δηλοῖ.”

261 770 372 819 α’λλοὲ
405 774 508 829 περὶ
535 773 614 828 μὲν
643 775 722 815 τοῦ
751 771 963 829 φανέντος
993 766 1178 826 ἀστέρος
1216 773 1421 815 vocatvoc-
1481 770 1505 816 ὁ
1541 773 1590 818 δὲ
1617 777 1744 829 βασι-

260 839 359 894 λεὺς
400 839 478 899 τήν
523 840 842 897 Θεσσαλονίκην
886 836 1154 894 καταλαβών,
1209 835 1270 891 ῶς
1315 836 1339 883 ὁ
1385 836 1516 896 λόγος
1559 838 1744 900 φθάσας

261 907 488 967 ἐδήλωσεν,
520 905 777 967 ἡτοιμάζετο
809 905 924 963 πρὸς
950 905 1028 967 τὴν
1057 909 1136 950 τοῦ
1163 904 1441 963 Βαΐμοῦντου
1472 909 1744 964 διαπεραίω-

110 986 150 1022 P.
177 988 246 1022 356
260 993 329 1021 σιν
359 973 629 1020 §malchi—mv
658 975 736 1031 μὲν
766 976 868 1028 τούς
913 975 1167 1027 νεολέκτους
1211 972 1344 1030 τόξον
1386 992 1435 1019 τε
1481 978 1640 1022 τείνειν
1670 979 1774 1022 καὶ]

257 1046 361 1103 βέλη
399 1042 505 1088 κατὰ
549 1047 720 1088 σκοποῦ
763 1044 957 1099 πέμπειν
1010 1043 1083 1086 καὶ
1127 1041 1516 1103 περιφράττεσθαι
1571 1049 1739 1105 θυρεῷ,

258 1107 367 1157 ἄλλα
399 1114 470 1157 καὶ
499 1112 663 1168 ξενικὰς
692 1112 740 1167 ἐξ
766 1107 1030 1156 ἀλλοδαπῶν
1059 1109 1132 1156 διὰ
1161 1109 1433 1169 γραμμάτων
1462 1111 1743 1171 παρασκευά-

261 1182 344 1237 ζων
374 1179 586 1237 δυνάμεις,
619 1181 674 1223 ἵν’
697 1178 884 1238 ὁπηνίκα
905 1178 1055 1236 καιρὸς
1081 1180 1247 1238 καλοίη,
1271 1184 1442 1226 θᾶττον
1462 1184 1743 1241 παραγένων-

259 1266 341 1294 ται.
400 1246 567 1308 πολλὴν
597 1249 644 1293 δὲ
674 1249 745 1292 καὶ
772 1246 850 1307 τὴν
879 1251 958 1292 τοῦ
988 1243 1224 1305 Ἰλλυρικοῦ
1256 1249 1504 1309 ἐπεποίητο
1525 1249 1743 1308 πρόνοιαν

258 1315 335 1377 τήν
377 1334 424 1361 τε
470 1315 602 1362 πόλιν
644 1315 695 1361 τι)
739 1314 984 1373 Δυρράχιον
1029 1312 1388 1376 ἀσφαλισάμενος
1437 1320 1512 1364 καὶ
1554 1318 1774 1378 ἡγεμόναὶ

258 1382 414 1442 ταύτης
454 1383 531 1428 τὸν
573 1382 777 1440 δεύτερον
815 1382 910 1428 υἱὸν
950 1381 1163 1429 Ἰσαακιόυ
1208 1390 1288 1430 τοῦ
1333 1385 1744 1446 σεβαστοκράτορος

257 1447 452 1507 Ἀλέξιον
481 1451 871 1511 καταστησάμενος.
915 1451 1005 1510 ἅμα
1035 1454 1083 1498 δὲ
1112 1450 1193 1499 κᾶκ
1211 1458 1302 1499 τῶν
1323 1453 1569 1501 Κυκλάδων
1599 1454 1744 1516 νήσων

258 1522 329 1564 καὶ
357 1524 445 1564 τῶν
473 1519 594 1577 παρὰ
622 1519 852 1566 θάλασσαν
881 1525 958 1580 τῆς
986 1518 1140 1576 Ἀσίας
1179 1522 1358 1569 πόλεων
1387 1527 1460 1570 καὶ
1491 1521 1626 1586 αὐτῆς
1662 1529 1744 1584 τῆς

215 1585 473 1647 ΒΕὗρώπης
502 1588 660 1634 στόλον
689 1589 1040 1648 παρεκελεύσατο
1063 1587 1325 1649 ἀπαρτίσαι·
1357 1595 1540 1639 πολλῶν
1558 1595 1607 1640 δὲ
1625 1612 1742 1652 παρ-

257 1654 583 1713 εμποδιζόντων
610 1656 688 1719 τὴν
714 1662 793 1703 τοῦ
825 1659 985 1704 στόλου
1023 1661 1164 1705 κτίσιν
1194 1659 1267 1706 διὰ
1295 1661 1348 1707 τὸ
1380 1662 1518 1722 μήπω
1548 1662 1627 1724 τὴν
1655 1666 1780 1709 τοῦῖι

257 1722 532 1781 Βαὶμούντου
562 1729 835 1784 κατεπείγειν
867 1729 1197 1786 διαπεραίωσιν,
1233 1728 1257 1775 ὃ
1288 1732 1326 1775 δ’
1359 1729 1483 1788 ὅμως
1512 1728 1592 1776 οὖν,
1614 1731 1741 1777 ἐπεί-

255 1797 366 1837 θετο
394 1794 529 1851 λέγων
565 1795 658 1839 δεῖν
706 1791 815 1840 εἶναι
859 1794 936 1842 τὸν
978 1796 1220 1857 στρατηγὸν
1263 1794 1533 1845 ἅνύστακτον
1566 1798 1742 1860 φύλακα

386 1935 418 1971 4.
443 1935 637 1983 ἆγγελικὸς
660 1938 703 1974 Α.
860 1942 915 1977 18.
940 1938 1140 1979 θάλασσαν
1164 1943 1207 1989 F,
1233 1940 1421 1980 θάλατταν
1446 1944 1486 1981 Ρ.

254 2068 308 2103 ita
330 2067 500 2104 laborans
534 2073 571 2106 et
595 2073 938 2118 computationibus
969 2075 1197 2123 defatigatus
1230 2077 1368 2114 accidit
1402 2080 1446 2114 ut
1470 2090 1600 2114 somno
1633 2090 1739 2125 cape·

255 2119 360 2152 retur
393 2120 430 2152 et
461 2122 628 2155 sanctum
662 2121 765 2156 illum
797 2123 1016 2160 sacerdotali
1042 2128 1132 2172 toga
1156 2129 1333 2162 ornatum
1357 2127 1600 2173 conspiceret.
1648 2128 1739 2174 ipse,

253 2164 341 2200 licet
372 2167 528 2202 maxime
560 2168 740 2214 gauderet
776 2182 850 2206 non
891 2173 1089 2219 somnium,
1125 2174 1187 2210 sed
1229 2187 1355 2211 veram
1394 2175 1522 2212 videre
1558 2176 1739 2212 visionem

255 2215 369 2258 ratus,
395 2216 523 2260 agnito
540 2219 662 2252 tamen
680 2222 805 2254 sancto
832 2220 1111 2267 obstupefactus
1143 2225 1268 2260 animo
1293 2224 1454 2260 demisso
1480 2224 1528 2260 ab
1552 2237 1595 2260 eo
1615 2225 1738 2270 petiit,

256 2263 309 2306 ut,
335 2273 577 2307 quorumnam
620 2266 724 2302 stella
761 2272 960 2305 eventuum
999 2271 1134 2307 nuntia
1163 2276 1269 2316 esset,
1308 2273 1381 2308 sibi
1420 2273 1616 2309 indicaret.
1678 2275 1739 2310 cui

254 2309 316 2344 ille
330 2311 518 2347 Gallorum
547 2317 669 2349 motus
694 2318 795 2351 astro
820 2320 1079 2362 praenuntiari
1109 2320 1219 2366 dixit,
1262 2321 1361 2367 “quo
1386 2322 1579 2357 extincto„
1613 2323 1739 2368 inquit

255 2358 319 2392 “eo
345 2359 424 2404 ipso
450 2360 487 2395 in
513 2360 592 2397 loeo
618 2364 819 2400 eorundem
858 2367 1015 2402 exitium
1050 2368 1319 2414 significatur.''
1369 2369 1550 2406 hactenus
1574 2370 1621 2406 de
1645 2371 1738 2406 astri

255 2407 497 2451 apparitione.
567 2413 606 2445 at
631 2411 836 2457 imperator
871 2414 1169 2453 Thessalonicam
1210 2418 1402 2464 profectus
1439 2419 1575 2463 omnia,
1613 2423 1657 2455 ut
1682 2431 1740 2454 su-

255 2465 323 2508 pra
355 2458 560 2501 expositum
599 2463 664 2504 est,
726 2465 858 2497 contra
891 2463 1097 2500 Boemundi
1145 2467 1407 2502 traiectionem
1443 2467 1603 2514 parabat
1652 2480 1736 2504 cum

255 2506 394 2557 tirones
419 2517 536 2550 nuper
562 2506 722 2544 delectos
749 2510 796 2545 ad
821 2522 947 2547 arcum
975 2517 1125 2549 strenue
1151 2515 1433 2559 intendendum,
1451 2515 1500 2552 ad
1526 2516 1737 2552 feriendum

254 2549 337 2606 telis
357 2563 513 2606 ‘scopum
539 2558 576 2590 et
602 2556 649 2591 ad
674 2569 808 2603 corpus
832 2563 937 2596 scuto
962 2563 1143 2597 tuendum
1169 2575 1344 2600 exercens
1362 2569 1444 2601 tum
1459 2565 1582 2601 missis
1598 2565 1737 2602 litteris

253 2598 390 2653 auxilia
413 2612 456 2636 ex
474 2604 610 2639 exteris
626 2606 800 2651 gentibus
825 2619 992 2654 evocans,
1017 2615 1060 2646 ut
1081 2613 1360 2658 quamprimum
1391 2616 1539 2659 tempus
1556 2618 1736 2660 posceret,

253 2645 340 2682 illuc
365 2648 590 2704 adyolarent.
649 2654 874 2700 singularem
903 2664 991 2694 vero
1016 2671 1144 2695 curam
1169 2661 1216 2696 de
1242 2661 1391 2707 Illyrico
1418 2661 1612 2708 adhibuit3
1646 2674 1732 2698 nam

251 2694 494 2750 Dyrrachium
532 2701 662 2736 urbem
697 2702 861 2740 firmavit
901 2707 1010 2752 eique
1048 2708 1179 2744 Isaacii
1216 2711 1528 2746 sebastocratoris
1573 2711 1736 2747 alterum

250 2741 369 2779 filium
389 2745 577 2799 ‘Alexium
614 2749 791 2795 imposuit
827 2754 1067 2799 praefectum.
1143 2757 1271 2793 eodem
1312 2761 1484 2805 tempore
1522 2771 1568 2795 ex
1603 2759 1735 2795 insulis

252 2789 468 2848 Cycladibus
505 2798 775 2850 maritimisque
814 2802 924 2838 Asiae
962 2806 999 2838 et
1035 2805 1152 2850 ipsius
1187 2806 1361 2853 Europae
1401 2807 1561 2843 urbibus
1595 2809 1734 2844 instrui

250 2838 400 2875 classem
427 2847 543 2878 iussit.
607 2857 648 2881 ac
684 2847 773 2883 licet
807 2850 928 2894 multi,
961 2863 1008 2887 ne
1046 2865 1155 2889 naves
1181 2858 1416 2901 cogerentur,
1441 2856 1732 2901 intercederent,

250 2890 339 2934 quia
374 2890 538 2926 nondum
576 2897 787 2931 immineret
826 2899 1030 2935 Boe'mundi
1079 2903 1264 2946 traiectio,
1306 2905 1386 2949 ipse
1426 2908 1552 2941 tamen
1601 2908 1643 2940 ut
1677 2906 1735 2942 his
1774 2917 1780 2920 ’
