1806 3132
269 210 353 255 602
784 218 962 254 GAROLI
989 217 1228 254 DUOANGII

269 336 359 380 chio
389 334 641 379 Provinciae
669 334 926 378 inscribitur.
975 333 1034 377 At
1062 333 1171 377 unde
1191 333 1400 388 postrema
1426 332 1529 377 haec
1550 332 1749 388 dignitas,

269 394 310 437 et
340 406 421 448 quo
465 393 555 435 iure
584 391 820 435 Raimundo
851 391 1083 443 accesserit,
1115 403 1211 433 cum
1248 390 1407 445 pridem
1446 403 1608 433 summo
1656 403 1748 433 0010

268 450 408 494 81111110
445 449 733 504 disquisierint
762 448 834 503 qui
876 461 940 490 res
969 447 1265 499 Provinciales,
1311 448 1387 490 aut
1419 447 1646 490 Tolosanas
1674 459 1751 501 ag-

269 507 401 561 gressi
430 506 542 558 sunt,
574 518 693 548 00100
723 505 865 548 tamen
895 505 1095 547 110010008
1136 504 1303 547 omnino
1340 503 1506 547 videtur
1544 503 1748 558 attigisse.

269 563 445 607 Putavit
471 562 654 615 Magnus
682 562 926 613 Peirescius,
957 562 1005 603 ut
1034 562 1157 604 autor
1184 561 1247 603 est
1274 560 1318 602 10
1348 561 1435 603 0108
1465 560 1554 603 vita
1571 559 1752 603 (3108800-

269 621 346 663 dus
375 620 447 663 lib.
472 620 511 661 3.
542 618 830 662 Raimundum
857 617 993 660 filium
1019 617 1146 660 fuisse
1176 616 1379 660 Gaufredi
1409 616 1657 660 Provinciae
1673 615 1753 659 Co-

269 677 398 728 mitis,
428 676 500 731 qui
530 675 582 718 A.
615 674 712 718 Chr.
745 684 914 718 MLXVI.
954 687 975 717 0
1001 674 1108 717 vivis
1140 673 1322 726 excessit,
1366 686 1495 728 eoque
1526 673 1753 727 possedisse

269 733 436 776 nomine
463 732 711 775 Provinciae
742 731 916 785 partem.
980 730 1040 774 At
1067 743 1163 773 00111
1192 743 1239 773 ex
1269 730 1477 774 veteribus
1511 729 1684 773 Tabulis
1711 729 1752 772 et

270 790 462 833 omnibus
495 789 624 832 ferme
639 788 920 842 Scriptoribus
942 788 1104 830 constet
1124 787 1410 830 Raimundum
1431 786 1605 830 fratrem
1626 786 1753 829 fuisse

271 846 488 890 Guillelmi
518 846 569 889 V.
601 844 799 888 Tolosani
831 843 1018 897 Comitis,
1049 844 1219 887 aliunde
1250 843 1488 887 Raimundo
1509 844 1553 885 in
1574 843 1753 885 Provin-

271 904 358 946 ciae
394 902 653 946 Comitatum
683 901 748 944 ius
780 901 1016 955 quaesitum
1047 901 1233 956 oportet3
1273 913 1368 943 cum
1397 900 1608 955 praeterea
1639 898 1753 942 Gau-

269 960 384 1003 fredo
414 960 549 1002 filium
586 959 758 1001 unicum
789 958 1071 1001 Bertrannum
1118 958 1309 1001 tribuant
1353 957 1442 1000 0108
1483 957 1577 999 aevi
1606 956 1753 1010 Diplo-

270 1017 399 1060 mata.
460 1015 608 1060 Censet
637 1014 848 1057 Antonius
877 1014 1024 1057 Rufius
1057 1014 1101 1057 id
1144 1014 1363 1058 accessisse
1398 1013 1503 1055 iuris
1534 1012 1752 1056 Tolosanis

272 1073 505 1117 Comitibus
536 1085 583 1115 ex
621 1071 816 1126 coniugio
858 1071 1042 1122 Emmae,
1073 1071 1274 1114 Rotbaldi
1303 1070 1551 1113 Provinciae
1580 1070 1622 1112 01
1650 1069 1754 1111 For-

272 1129 442 1173 calcarii
474 1129 649 1172 Comitis
679 1127 803 1180 filiae,
834 1140 928 1171 cum
960 1127 1185 1171 Guillelmo
1215 1127 1289 1170 IV.
1331 1127 1538 1170 Tolosano
1570 1125 1753 1169 Comite:

272 1199 380 1242 quae
410 1186 579 1241 quidem
610 1184 724 1227 Rufii
754 1184 961 1228 sententia
1004 1185 1131 1227 nullis
1160 1184 1260 1228 licet
1304 1184 1354 1227 ab
1399 1196 1445 1226 eo
1491 1181 1754 1238 argumentis

272 1257 320 1287 ex
348 1243 530 1298 professo
562 1241 776 1292 fulciatur,
807 1241 920 1284 haud
952 1242 1120 1284 omnino
1151 1241 1317 1284 videtur
1345 1240 1588 1295 respuenda.
1641 1239 1752 1282 Nam

272 1314 320 1344 ex
348 1300 401 1343 iis
429 1312 533 1354 quas
564 1298 712 1342 laudat
745 1296 911 1340 Chartis
955 1311 1026 1341 seu
1056 1298 1242 1350 Tabulis,
1287 1298 1443 1340 discere
1477 1298 1540 1339 081
1577 1295 1755 1338 Guillel-

270 1370 387 1400 mum
424 1356 465 1399 et
493 1356 686 1399 Emmam
734 1354 953 1410 coniugem
995 1355 1158 1410 aliquot
1202 1354 1372 1409 praedia
1416 1354 1461 1396 in
1490 1352 1755 1396 Sistaricensi

270 1426 379 1469 pago
425 1413 466 1455 et
498 1411 760 1455 Manoscensi
804 1412 1051 1454 concessisse
1080 1411 1336 1454 Monasterio
1362 1409 1404 1454 S.
1426 1410 1610 1454 Victoris
1640 1409 1755 1452 Mas-

270 1469 429 1514 siliensi
458 1469 510 1512 A.
541 1479 712 1512 MXXIV.
756 1468 979 1511 Praeterea
1009 1468 1209 1511 Pontium
1240 1468 1496 1510 Tolosanum
1535 1465 1754 1517 Comitem,

271 1528 312 1570 et
327 1525 610 1569 Bertrandum
627 1525 815 1580 fratrem,
837 1523 1054 1568 Guillelmi
1073 1524 1194 1577 filios,
1216 1525 1261 1567 in
1283 1524 1498 1567 Comitatu
1518 1520 1756 1566 Guillelmi-

272 1582 498 1626 Bertrandi
541 1581 789 1625 Provinciae
821 1580 996 1624 Comitis
1037 1581 1164 1624 fuisse
1194 1581 1248 1624 A.
1276 1591 1430 1624 MXXX.
1475 1580 1596 1623 docet
1640 1578 1755 1622 aliud

272 1639 481 1694 Diploma.
528 1639 587 1681 Ex
605 1638 758 1693 quibus
785 1637 992 1681 evincitur
1020 1638 1189 1692 praedia
1220 1638 1338 1681 varia
1369 1638 1410 1680 et
1438 1637 1590 1692 oppida
1617 1648 1755 1691 posse-

271 1697 380 1739 disse
409 1696 453 1738 in
483 1695 707 1739 Provincia
739 1694 967 1738 Tolosanos
997 1694 1180 1738 Comites
1215 1695 1313 1738 ante
1341 1693 1640 1745 Raimundum,
1684 1693 1755 1746 qui

271 1766 355 1796 non
385 1752 606 1796 minimum
639 1751 734 1806 post
780 1752 883 1795 11000
930 1751 995 1795 108
1040 1752 1201 1794 avitum
1236 1751 1365 1803 auxit,
1394 1751 1503 1794 bello
1533 1749 1757 1792 110100100-

272 1810 450 1852 riensem
485 1821 720 1864 aggressuS,
763 1809 890 1863 atque
930 1808 1032 1851 adeo
1080 1809 1218 1863 ipsum
1260 1807 1507 1851 Provinciae
1538 1806 1756 1849 Comitem.

275 1866 450 1909 Constat
490 1866 600 1908 enim
634 1865 716 1908 An.
748 1875 1006 1909 MLXXXVII.
1043 1878 1125 1919 qua
1154 1865 1403 1919 tempestate
1428 1863 1680 1907 Guillelmus
1701 1863 1751 1906 V.

275 1922 506 1965 Raimundi
544 1922 676 1965 frater
727 1922 982 1965 Tolosanum
1027 1921 1284 1964 Comitatum
1330 1921 1465 1964 adhuc
1505 1919 1755 1974 possidebat,

274 1979 545 2022 Provinciam
587 1978 747 2021 bellicis
791 1978 1045 2021 tumultibus
1094 1979 1135 2021 et
1178 1977 1423 2032 Principum
1469 1975 1652 2019 dissidiis
1695 1976 1757 2018 ita

274 2036 401 2079 fuisse
431 2035 727 2078 conturbatam
771 2036 813 2078 et
842 2035 1084 2087 laceratam,
1121 2035 1169 2077 ut
1200 2047 1321 2089 quem
1360 2033 1504 2089 populi
1540 2033 1756 2075 dominum

274 2092 547 2147 agnoscerent
576 2091 644 2134 vix
674 2092 841 2135 scirent.
912 2092 962 2134 Id
1007 2092 1175 2135 haurire
1219 2092 1281 2134 est
1328 2104 1375 2134 ex
1406 2089 1579 2133 Tabulis
1624 2089 1758 2132 eiusce

274 2148 385 2201 anni,
418 2162 524 2203 quae
567 2149 711 2191 extant
755 2149 799 2191 in
831 2148 1057 2192 Tabulario
1092 2147 1302 2191 Ecclesiae
1334 2146 1603 2198 Arelatensis,
1652 2158 1758 2200 quae

274 2205 436 2259 aliquot
465 2205 729 2259 praediorum
749 2205 1016 2248 donationem
1040 2205 1257 2248 continent
1276 2204 1434 2247 factam
1464 2217 1557 2247 cum
1585 2202 1757 2245 consilio

278 2261 493 2313 Comitum,
533 2262 618 2304 sive
651 2261 983 2314 Conciti-asarum,
1016 2263 1087 2317 qui
1118 2265 1215 2304 tunc
1246 2261 1445 2315 temporis
1473 2273 1617 2315 reyerc
1645 2259 1758 2302 vidc-

275 2318 430 2361 bantnr
449 2318 644 2374 Reynmn
666 2319 1004 2362 Provincialium
1031 2318 1245 2362 hominnm
1276 2318 1354 2360 etc.
1401 2317 1502 2372 quia
1531 2320 1627 2359 tunc
1660 2319 1758 2358 tem-

268 2375 392 2428 poris
420 2389 506 2418 non
536 2379 627 2418 erat
656 2375 772 2428 Dux,
804 2389 883 2432 nec·
907 2375 1119 2428 MarchiO,
1155 2375 1227 2429 qui
1254 2378 1413 2418 rectam
1450 2373 1657 2416 iustitiam
1689 2372 1758 2426 fa-

275 2435 406 2474 ceret:
448 2432 549 2474 adeo
596 2445 750 2486 magna
793 2433 883 2475 erat
928 2433 970 2475 10
1018 2444 1063 2475 eo
1095 2432 1237 2475 tractu
1280 2444 1327 2474 ex
1355 2430 1513 2473 mutuis
1545 2428 1756 2472 Comitum

277 2487 458 2530 dissidiis
489 2489 530 2531 01
559 2488 678 2531 bellis
709 2501 848 2531 rerum
879 2488 1152 2543 perturbatio,
1185 2501 1362 2543 quarum
1393 2499 1518 2530 causa
1547 2485 1655 2528 nulli
1683 2485 1757 2527 alii

277 2544 442 2586 videtur
462 2545 734 2588 adscribenda
752 2557 877 2600 quam
896 2545 1146 2597 Raimundo,
1168 2545 1253 2599 qui,
1284 2545 1333 2586 ut
1362 2544 1485 2587 autor
1514 2543 1576 2585 est
1591 2541 1759 2585 Willel-

277 2612 369 2642 mus
383 2600 601 2643 Malmesb.
622 2601 695 2644 lib.
717 2602 755 2645 5.
782 2601 1078 2645 Caturcensem
1099 2601 1370 2652 Comitatum,
1397 2612 1520 2655 quem
1543 2612 1568 2642 a
1588 2598 1758 2653 parente

277 2656 322 2698 10
341 2656 610 2700 11001οᾶ110118
626 2658 787 2712 partem
806 2659 1034 2713 acceperat,
1053 2662 1099 2701 nt
1119 2661 1211 2701 erat
1229 2657 1455 2700 vivaci-oris
1470 2656 1664 2710 spiritus,
1678 2655 1759 2697 im-

277 2726 400 2755 mane
422 2717 623 2767 quantum
650 2716 771 2757 auxit
788 2714 1030 2758 Arelatensi
1056 2719 1094 2758 et
1113 2714 1396 2765 Narbonensi,
1428 2716 1467 2755 et
1494 2710 1759 2755 Provinciali

278 2768 463 2812 adiectis.
503 2770 617 2822 Quae
648 2771 814 2824 quidem
845 2772 1027 2814 excitata
1056 2785 1081 2814 a
1102 2770 1340 2814 Raimundo
1366 2770 1477 2813 bella
1508 2769 1637 2812 etiam
1666 2767 1760 2822 post

278 2826 331 2868 A.
362 2835 508 2871 MXOV.
547 2826 717 2870 durasse
760 2829 904 2883 arguit
949 2827 1215 2883 Diplomatis‚
1262 2826 1372 2882 quod
1403 2825 1618 2870 Historiae
1661 2835 1759 2867 suae
