<?xml version="1.0" encoding="UTF-8"?>
<!DOCTYPE html PUBLIC "-//W3C//DTD XHTML 1.0 Transitional//EN"
    "http://www.w3.org/TR/xhtml1/DTD/xhtml1-transitional.dtd">
<html xmlns="http://www.w3.org/1999/xhtml" xml:lang="en" lang="en">
 <head>
  <title>
</title>
<meta http-equiv="Content-Type" content="text/html;charset=utf-8" />
  <meta name='ocr-system' content='tesseract 3.04.00' />
  <meta name='ocr-capabilities' content='ocr_page ocr_carea ocr_par ocr_line ocrx_word'/>
</head>
<body>
  <div class='ocr_page' id='page_1' title='image "./corpusscriptorum03niebuoft_0407.png"; bbox 0 0 1734 3120; ppageno 0'>
   <div class='ocr_carea' id='block_1_1' title="bbox 470 218 1511 260">
    <p class='ocr_par' dir='ltr' id='par_1_1' title="bbox 470 218 1511 260">
     <span class='ocr_line' id='line_1_1' title="bbox 470 218 1511 260; baseline 0.002 -2"><span class='ocrx_word' id='word_1_1' title='bbox 470 223 783 259; x_wconf 78' lang='lat' dir='ltr'>GLOSSARIUM</span> <span class='ocrx_word' id='word_1_2' title='bbox 817 224 1055 259; x_wconf 77' lang='lat' dir='ltr'>ANNAEUM</span> <span class='ocrx_word' id='word_1_3' title='bbox 1426 218 1511 260; x_wconf 83' lang='lat'>389</span> 
     </span>
    </p>
   </div>
   <div class='ocr_carea' id='block_1_2' title="bbox 26 337 1512 2893">
    <p class='ocr_par' dir='ltr' id='par_1_2' title="bbox 28 337 1512 1176">
     <span class='ocr_line' id='line_1_2' title="bbox 32 337 1509 394; baseline 0.001 -13"><span class='ocrx_word' id='word_1_4' title='bbox 32 338 231 382; x_wconf 85' lang='lat' dir='ltr'>ficicndae</span> <span class='ocrx_word' id='word_1_5' title='bbox 249 337 552 394; x_wconf 74' lang='lat' dir='ltr'><strong>deportationis</strong></span> <span class='ocrx_word' id='word_1_6' title='bbox 578 338 702 381; x_wconf 88' lang='lat' dir='ltr'>huius</span> <span class='ocrx_word' id='word_1_7' title='bbox 727 338 867 380; x_wconf 89' lang='lat' dir='ltr'>locum</span> <span class='ocrx_word' id='word_1_8' title='bbox 888 338 1014 380; x_wconf 89' lang='lat' dir='ltr'>istum</span> <span class='ocrx_word' id='word_1_9' title='bbox 1038 339 1245 382; x_wconf 83' lang='lat' dir='ltr'>insederat</span> <span class='ocrx_word' id='word_1_10' title='bbox 1267 340 1509 394; x_wconf 78' lang='lat' dir='ltr'>Imperator,</span> 
     </span>
     <span class='ocr_line' id='line_1_3' title="bbox 32 394 1510 450; baseline 0.001 -12"><span class='ocrx_word' id='word_1_11' title='bbox 32 396 81 438; x_wconf 85' lang='lat' dir='ltr'>ut</span> <span class='ocrx_word' id='word_1_12' title='bbox 112 395 178 438; x_wconf 86' lang='lat' dir='ltr'>vel</span> <span class='ocrx_word' id='word_1_13' title='bbox 201 394 302 438; x_wconf 89' lang='lat' dir='ltr'>inde</span> <span class='ocrx_word' id='word_1_14' title='bbox 330 395 435 438; x_wconf 86' lang='lat' dir='ltr'>satis</span> <span class='ocrx_word' id='word_1_15' title='bbox 473 394 699 438; x_wconf 83' lang='lat' dir='ltr'>verisimile</span> <span class='ocrx_word' id='word_1_16' title='bbox 736 395 809 437; x_wconf 65' lang='lat' dir='ltr'>sit‘</span> <span class='ocrx_word' id='word_1_17' title='bbox 830 407 967 437; x_wconf 90' lang='lat' dir='ltr'>aerem</span> <span class='ocrx_word' id='word_1_18' title='bbox 1003 396 1201 438; x_wconf 85' lang='lat' dir='ltr'>vocatum</span> <span class='ocrx_word' id='word_1_19' title='bbox 1236 398 1510 450; x_wconf 81' lang='lat' dir='ltr'>promontorii</span> 
     </span>
     <span class='ocr_line' id='line_1_4' title="bbox 31 451 1510 506; baseline 0.001 -12"><span class='ocrx_word' id='word_1_20' title='bbox 31 451 284 495; x_wconf 83' lang='lat' dir='ltr'>excurrentis</span> <span class='ocrx_word' id='word_1_21' title='bbox 311 451 357 494; x_wconf 92' lang='lat' dir='ltr'>in</span> <span class='ocrx_word' id='word_1_22' title='bbox 386 463 502 494; x_wconf 89' lang='lat' dir='ltr'>mare</span> <span class='ocrx_word' id='word_1_23' title='bbox 530 452 658 506; x_wconf 89' lang='lat' dir='ltr'>caput</span> <span class='ocrx_word' id='word_1_24' title='bbox 689 451 874 506; x_wconf 88' lang='lat' dir='ltr'>undique</span> <span class='ocrx_word' id='word_1_25' title='bbox 955 452 1147 494; x_wconf 88' lang='lat' dir='ltr'>rtuosum</span> <span class='ocrx_word' id='word_1_26' title='bbox 1177 453 1219 494; x_wconf 91' lang='lat' dir='ltr'>et</span> <span class='ocrx_word' id='word_1_27' title='bbox 1250 465 1417 495; x_wconf 61' lang='lat' dir='ltr'>accessu</span> <span class='ocrx_word' id='word_1_28' title='bbox 1445 454 1510 496; x_wconf 87' lang='lat' dir='ltr'>fa-</span> 
     </span>
     <span class='ocr_line' id='line_1_5' title="bbox 31 507 1511 564; baseline 0.001 -13"><span class='ocrx_word' id='word_1_29' title='bbox 31 509 122 552; x_wconf 87' lang='lat' dir='ltr'>cile.</span> <span class='ocrx_word' id='word_1_30' title='bbox 169 507 240 552; x_wconf 90' lang='lat' dir='ltr'>Sic</span> <span class='ocrx_word' id='word_1_31' title='bbox 267 507 481 551; x_wconf 86' lang='lat' dir='ltr'>Ausonius</span> <span class='ocrx_word' id='word_1_32' title='bbox 508 508 554 551; x_wconf 92' lang='lat' dir='ltr'>in</span> <span class='ocrx_word' id='word_1_33' title='bbox 586 507 762 561; x_wconf 78' lang='lat' dir='ltr'>Mosella</span> <span class='ocrx_word' id='word_1_34' title='bbox 791 509 938 562; x_wconf 81' lang='lat' dir='ltr'>tempi</span> <span class='ocrx_word' id='word_1_35' title='bbox 967 522 1106 551; x_wconf 86' lang='lat' dir='ltr'>aerem</span> <span class='ocrx_word' id='word_1_36' title='bbox 1131 509 1254 551; x_wconf 86' lang='lat' dir='ltr'>vocat</span> <span class='ocrx_word' id='word_1_37' title='bbox 1274 522 1356 552; x_wconf 89' lang='lat' dir='ltr'>non</span> <span class='ocrx_word' id='word_1_38' title='bbox 1377 510 1511 564; x_wconf 91' lang='lat' dir='ltr'>quod-</span> 
     </span>
     <span class='ocr_line' id='line_1_6' title="bbox 30 564 1510 620; baseline 0.001 -12"><span class='ocrx_word' id='word_1_39' title='bbox 30 571 208 619; x_wconf 85' lang='lat' dir='ltr'>cumque</span> <span class='ocrx_word' id='word_1_40' title='bbox 226 564 411 608; x_wconf 88' lang='lat' dir='ltr'>medium</span> <span class='ocrx_word' id='word_1_41' title='bbox 430 565 615 620; x_wconf 87' lang='lat' dir='ltr'>spatium</span> <span class='ocrx_word' id='word_1_42' title='bbox 633 565 744 608; x_wconf 87' lang='lat' dir='ltr'>inter</span> <span class='ocrx_word' id='word_1_43' title='bbox 763 576 973 607; x_wconf 87' lang='lat' dir='ltr'>cameram</span> <span class='ocrx_word' id='word_1_44' title='bbox 993 565 1036 607; x_wconf 89' lang='lat' dir='ltr'>et</span> <span class='ocrx_word' id='word_1_45' title='bbox 1056 565 1342 619; x_wconf 85' lang='lat' dir='ltr'>pavimentum</span> <span class='ocrx_word' id='word_1_46' title='bbox 1363 566 1510 620; x_wconf 88' lang='lat' dir='ltr'>phani:</span> 
     </span>
     <span class='ocr_line' id='line_1_7' title="bbox 30 621 1511 677; baseline -0.001 -12"><span class='ocrx_word' id='word_1_47' title='bbox 30 621 101 666; x_wconf 89' lang='lat' dir='ltr'>sed</span> <span class='ocrx_word' id='word_1_48' title='bbox 128 621 331 677; x_wconf 86' lang='lat' dir='ltr'>insignite</span> <span class='ocrx_word' id='word_1_49' title='bbox 357 621 514 664; x_wconf 89' lang='lat' dir='ltr'>nodum</span> <span class='ocrx_word' id='word_1_50' title='bbox 543 621 630 664; x_wconf 87' lang='lat' dir='ltr'>sive</span> <span class='ocrx_word' id='word_1_51' title='bbox 661 621 909 664; x_wconf 80' lang='lat' dir='ltr'>umbilicum</span> <span class='ocrx_word' id='word_1_52' title='bbox 948 621 1109 664; x_wconf 86' lang='lat' dir='ltr'>mediae</span> <span class='ocrx_word' id='word_1_53' title='bbox 1151 622 1321 664; x_wconf 81' lang='lat' dir='ltr'>fornicis</span> <span class='ocrx_word' id='word_1_54' title='bbox 1355 623 1511 676; x_wconf 90' lang='lat' dir='ltr'>promi—</span> 
     </span>
     <span class='ocr_line' id='line_1_8' title="bbox 30 677 1511 733; baseline 0 -12"><span class='ocrx_word' id='word_1_55' title='bbox 30 679 177 722; x_wconf 90' lang='lat' dir='ltr'>nenter</span> <span class='ocrx_word' id='word_1_56' title='bbox 204 678 417 721; x_wconf 74' lang='lat' dir='ltr'>extantem</span> <span class='ocrx_word' id='word_1_57' title='bbox 453 691 476 721; x_wconf 91' lang='lat' dir='ltr'>e</span> <span class='ocrx_word' id='word_1_58' title='bbox 510 678 707 733; x_wconf 81' lang='lat' dir='ltr'>magnete</span> <span class='ocrx_word' id='word_1_59' title='bbox 745 677 885 732; x_wconf 89' lang='lat' dir='ltr'>lapide</span> <span class='ocrx_word' id='word_1_60' title='bbox 919 678 963 720; x_wconf 90' lang='lat' dir='ltr'>in</span> <span class='ocrx_word' id='word_1_61' title='bbox 1007 677 1186 732; x_wconf 88' lang='lat' dir='ltr'>speciem</span> <span class='ocrx_word' id='word_1_62' title='bbox 1216 678 1342 722; x_wconf 79' lang='lat' dir='ltr'>Cauri</span> <span class='ocrx_word' id='word_1_63' title='bbox 1369 678 1511 721; x_wconf 89' lang='lat' dir='ltr'>flantis</span> 
     </span>
     <span class='ocr_line' id='line_1_9' title="bbox 31 734 1511 790; baseline 0 -12"><span class='ocrx_word' id='word_1_64' title='bbox 31 734 312 778; x_wconf 85' lang='lat' dir='ltr'>conformato:</span> <span class='ocrx_word' id='word_1_65' title='bbox 356 734 424 778; x_wconf 92' lang='lat' dir='ltr'>cui</span> <span class='ocrx_word' id='word_1_66' title='bbox 457 735 648 790; x_wconf 85' lang='lat' dir='ltr'>opposita</span> <span class='ocrx_word' id='word_1_67' title='bbox 681 735 827 778; x_wconf 88' lang='lat' dir='ltr'>statua</span> <span class='ocrx_word' id='word_1_68' title='bbox 862 734 996 778; x_wconf 89' lang='lat' dir='ltr'>ferrea</span> <span class='ocrx_word' id='word_1_69' title='bbox 1034 734 1247 786; x_wconf 86' lang='lat' dir='ltr'>Arsinoes,</span> <span class='ocrx_word' id='word_1_70' title='bbox 1286 736 1433 778; x_wconf 87' lang='lat' dir='ltr'>innata</span> <span class='ocrx_word' id='word_1_71' title='bbox 1468 735 1511 778; x_wconf 87' lang='lat' dir='ltr'>vi</span> 
     </span>
     <span class='ocr_line' id='line_1_10' title="bbox 29 791 1511 846; baseline 0 -12"><span class='ocrx_word' id='word_1_72' title='bbox 29 791 183 846; x_wconf 86' lang='lat' dir='ltr'>lapidis</span> <span class='ocrx_word' id='word_1_73' title='bbox 209 791 391 834; x_wconf 86' lang='lat' dir='ltr'>herculei</span> <span class='ocrx_word' id='word_1_74' title='bbox 417 792 557 835; x_wconf 84' lang='lat' dir='ltr'>tracta</span> <span class='ocrx_word' id='word_1_75' title='bbox 587 791 633 834; x_wconf 91' lang='lat' dir='ltr'>in</span> <span class='ocrx_word' id='word_1_76' title='bbox 661 791 811 843; x_wconf 86' lang='lat' dir='ltr'>altum,</span> <span class='ocrx_word' id='word_1_77' title='bbox 836 804 1034 846; x_wconf 85' lang='lat' dir='ltr'>suspensa</span> <span class='ocrx_word' id='word_1_78' title='bbox 1054 791 1329 846; x_wconf 87' lang='lat' dir='ltr'>suspendebat</span> <span class='ocrx_word' id='word_1_79' title='bbox 1348 791 1511 835; x_wconf 91' lang='lat' dir='ltr'>animos</span> 
     </span>
     <span class='ocr_line' id='line_1_11' title="bbox 29 847 1511 903; baseline -0.001 -12"><span class='ocrx_word' id='word_1_80' title='bbox 29 848 433 903; x_wconf 80' lang='lat' dir='ltr'>admirationemque</span> <span class='ocrx_word' id='word_1_81' title='bbox 475 849 760 903; x_wconf 84' lang='lat' dir='ltr'>spectatorum</span> <span class='ocrx_word' id='word_1_82' title='bbox 803 848 962 891; x_wconf 91' lang='lat' dir='ltr'>circum</span> <span class='ocrx_word' id='word_1_83' title='bbox 1001 848 1225 899; x_wconf 86' lang='lat' dir='ltr'>hiantium,</span> <span class='ocrx_word' id='word_1_84' title='bbox 1268 847 1379 903; x_wconf 91' lang='lat' dir='ltr'>quod</span> <span class='ocrx_word' id='word_1_85' title='bbox 1410 848 1511 891; x_wconf 89' lang='lat' dir='ltr'>soli·</span> 
     </span>
     <span class='ocr_line' id='line_1_12' title="bbox 29 904 1509 960; baseline -0.001 -12"><span class='ocrx_word' id='word_1_86' title='bbox 29 905 131 948; x_wconf 90' lang='lat' dir='ltr'>dum</span> <span class='ocrx_word' id='word_1_87' title='bbox 158 905 328 960; x_wconf 86' lang='lat' dir='ltr'>signum</span> <span class='ocrx_word' id='word_1_88' title='bbox 356 905 501 960; x_wconf 82' lang='lat' dir='ltr'>gravis</span> <span class='ocrx_word' id='word_1_89' title='bbox 530 905 732 948; x_wconf 80' lang='lat' dir='ltr'>materiae</span> <span class='ocrx_word' id='word_1_90' title='bbox 761 905 980 948; x_wconf 90' lang='lat' dir='ltr'>admotum</span> <span class='ocrx_word' id='word_1_91' title='bbox 999 917 1154 947; x_wconf 88' lang='lat' dir='ltr'>arcana</span> <span class='ocrx_word' id='word_1_92' title='bbox 1173 905 1215 947; x_wconf 85' lang='lat' dir='ltr'>vi</span> <span class='ocrx_word' id='word_1_93' title='bbox 1236 904 1352 947; x_wconf 91' lang='lat' dir='ltr'>tholo</span> <span class='ocrx_word' id='word_1_94' title='bbox 1372 904 1509 947; x_wconf 85' lang='lat' dir='ltr'>medio</span> 
     </span>
     <span class='ocr_line' id='line_1_13' title="bbox 29 961 1511 1017; baseline 0 -13"><span class='ocrx_word' id='word_1_95' title='bbox 29 961 252 1005; x_wconf 63' lang='lat' dir='ltr'>testudinis</span> <span class='ocrx_word' id='word_1_96' title='bbox 284 961 504 1005; x_wconf 83' lang='lat' dir='ltr'>delubrum</span> <span class='ocrx_word' id='word_1_97' title='bbox 534 975 711 1017; x_wconf 89' lang='lat' dir='ltr'>superne</span> <span class='ocrx_word' id='word_1_98' title='bbox 743 962 1016 1017; x_wconf 88' lang='lat' dir='ltr'>contegentis‚</span> <span class='ocrx_word' id='word_1_99' title='bbox 1059 961 1119 1003; x_wconf 94' lang='lat' dir='ltr'>ibi</span> <span class='ocrx_word' id='word_1_100' title='bbox 1162 961 1350 1004; x_wconf 84' lang='lat' dir='ltr'>haereret</span> <span class='ocrx_word' id='word_1_101' title='bbox 1394 961 1511 1004; x_wconf 90' lang='lat' dir='ltr'>nullo</span> 
     </span>
     <span class='ocr_line' id='line_1_14' title="bbox 29 1017 1510 1074; baseline -0.001 -13"><span class='ocrx_word' id='word_1_102' title='bbox 29 1018 176 1068; x_wconf 89' lang='lat' dir='ltr'>fulcro,</span> <span class='ocrx_word' id='word_1_103' title='bbox 219 1017 352 1061; x_wconf 89' lang='lat' dir='ltr'>talem</span> <span class='ocrx_word' id='word_1_104' title='bbox 394 1018 607 1062; x_wconf 89' lang='lat' dir='ltr'>obiectans</span> <span class='ocrx_word' id='word_1_105' title='bbox 657 1018 994 1074; x_wconf 83' lang='lat' dir='ltr'>suspectantibus</span> <span class='ocrx_word' id='word_1_106' title='bbox 1039 1018 1216 1072; x_wconf 86' lang='lat' dir='ltr'>speciem</span> <span class='ocrx_word' id='word_1_107' title='bbox 1262 1018 1382 1073; x_wconf 89' lang='lat' dir='ltr'>quasi</span> <span class='ocrx_word' id='word_1_108' title='bbox 1421 1018 1510 1061; x_wconf 87' lang='lat' dir='ltr'>solo</span> 
     </span>
     <span class='ocr_line' id='line_1_15' title="bbox 28 1074 1512 1130; baseline -0.001 -12"><span class='ocrx_word' id='word_1_109' title='bbox 28 1075 141 1118; x_wconf 91' lang='lat' dir='ltr'>crine</span> <span class='ocrx_word' id='word_1_110' title='bbox 170 1075 389 1118; x_wconf 89' lang='lat' dir='ltr'>inhaerens</span> <span class='ocrx_word' id='word_1_111' title='bbox 419 1075 565 1118; x_wconf 90' lang='lat' dir='ltr'>nucleo</span> <span class='ocrx_word' id='word_1_112' title='bbox 594 1088 783 1119; x_wconf 89' lang='lat' dir='ltr'>camerae</span> <span class='ocrx_word' id='word_1_113' title='bbox 810 1075 948 1118; x_wconf 88' lang='lat' dir='ltr'>iustae</span> <span class='ocrx_word' id='word_1_114' title='bbox 977 1075 1101 1118; x_wconf 90' lang='lat' dir='ltr'>molis</span> <span class='ocrx_word' id='word_1_115' title='bbox 1128 1074 1267 1130; x_wconf 86' lang='lat' dir='ltr'>puella</span> <span class='ocrx_word' id='word_1_116' title='bbox 1285 1074 1383 1118; x_wconf 90' lang='lat' dir='ltr'>inde</span> <span class='ocrx_word' id='word_1_117' title='bbox 1412 1088 1512 1129; x_wconf 91' lang='lat' dir='ltr'>pen-</span> 
     </span>
     <span class='ocr_line' id='line_1_16' title="bbox 28 1132 1400 1176; baseline -0.001 -1"><span class='ocrx_word' id='word_1_118' title='bbox 28 1132 157 1176; x_wconf 90' lang='lat' dir='ltr'>deret.</span> <span class='ocrx_word' id='word_1_119' title='bbox 211 1132 366 1175; x_wconf 84' lang='lat' dir='ltr'>Versus</span> <span class='ocrx_word' id='word_1_120' title='bbox 395 1132 576 1175; x_wconf 89' lang='lat' dir='ltr'>Ausonii</span> <span class='ocrx_word' id='word_1_121' title='bbox 599 1132 660 1175; x_wconf 91' lang='lat' dir='ltr'>sic</span> <span class='ocrx_word' id='word_1_122' title='bbox 689 1132 857 1175; x_wconf 89' lang='lat' dir='ltr'>habent.</span> <span class='ocrx_word' id='word_1_123' title='bbox 1396 1143 1400 1146; x_wconf 80' lang='grc'><strong>’</strong></span> 
     </span>
    </p>

    <p class='ocr_par' dir='ltr' id='par_1_3' title="bbox 165 1188 1263 1243">
     <span class='ocr_line' id='line_1_17' title="bbox 165 1188 1263 1243; baseline -0.001 -10"><span class='ocrx_word' id='word_1_124' title='bbox 165 1188 369 1234; x_wconf 79' lang='lat' dir='ltr'>Conditor</span> <span class='ocrx_word' id='word_1_125' title='bbox 393 1188 463 1232; x_wconf 77' lang='lat' dir='ltr'>hic</span> <span class='ocrx_word' id='word_1_126' title='bbox 486 1189 642 1243; x_wconf 83' lang='lat' dir='ltr'>forsan</span> <span class='ocrx_word' id='word_1_127' title='bbox 662 1189 796 1243; x_wconf 78' lang='lat' dir='ltr'>fuerit</span> <span class='ocrx_word' id='word_1_128' title='bbox 824 1188 1112 1232; x_wconf 79' lang='lat' dir='ltr'>Ptolemaidos</span> <span class='ocrx_word' id='word_1_129' title='bbox 1138 1188 1263 1232; x_wconf 78' lang='lat' dir='ltr'>aulae</span> 
     </span>
    </p>

    <p class='ocr_par' dir='ltr' id='par_1_4' title="bbox 159 1245 1146 1301">
     <span class='ocr_line' id='line_1_18' title="bbox 159 1245 1146 1301; baseline -0.001 -11"><span class='ocrx_word' id='word_1_130' title='bbox 159 1245 444 1301; x_wconf 73' lang='lat' dir='ltr'>Dinochares,</span> <span class='ocrx_word' id='word_1_131' title='bbox 473 1246 640 1300; x_wconf 77' lang='lat' dir='ltr'>quadro</span> <span class='ocrx_word' id='word_1_132' title='bbox 669 1247 738 1289; x_wconf 79' lang='lat' dir='ltr'>cui</span> <span class='ocrx_word' id='word_1_133' title='bbox 765 1246 814 1288; x_wconf 81' lang='lat' dir='ltr'>in</span> <span class='ocrx_word' id='word_1_134' title='bbox 836 1246 1019 1301; x_wconf 74' lang='lat' dir='ltr'>fastiyia</span> <span class='ocrx_word' id='word_1_135' title='bbox 1044 1259 1146 1289; x_wconf 85' lang='lat' dir='ltr'>cono</span> 
     </span>
    </p>

    <p class='ocr_par' dir='ltr' id='par_1_5' title="bbox 161 1302 1312 1358">
     <span class='ocr_line' id='line_1_19' title="bbox 161 1302 1312 1358; baseline -0.001 -12"><span class='ocrx_word' id='word_1_136' title='bbox 161 1302 322 1358; x_wconf 58' lang='lat' dir='ltr'>Surgit,</span> <span class='ocrx_word' id='word_1_137' title='bbox 352 1306 392 1346; x_wconf 82' lang='lat' dir='ltr'>et</span> <span class='ocrx_word' id='word_1_138' title='bbox 418 1304 517 1357; x_wconf 78' lang='lat' dir='ltr'>ipsa</span> <span class='ocrx_word' id='word_1_139' title='bbox 538 1316 641 1347; x_wconf 82' lang='lat' dir='ltr'>suas</span> <span class='ocrx_word' id='word_1_140' title='bbox 665 1303 872 1346; x_wconf 78' lang='lat' dir='ltr'>consumit</span> <span class='ocrx_word' id='word_1_141' title='bbox 898 1302 1102 1358; x_wconf 76' lang='lat' dir='ltr'>Pyramis</span> <span class='ocrx_word' id='word_1_142' title='bbox 1128 1302 1312 1354; x_wconf 81' lang='lat' dir='ltr'>umbras,</span> 
     </span>
    </p>

    <p class='ocr_par' dir='ltr' id='par_1_6' title="bbox 161 1359 1279 1414">
     <span class='ocr_line' id='line_1_20' title="bbox 161 1359 1279 1414; baseline 0.001 -12"><span class='ocrx_word' id='word_1_143' title='bbox 161 1359 310 1403; x_wconf 73' lang='lat' dir='ltr'>Iussus</span> <span class='ocrx_word' id='word_1_144' title='bbox 333 1359 383 1403; x_wconf 82' lang='lat' dir='ltr'>ob</span> <span class='ocrx_word' id='word_1_145' title='bbox 413 1360 564 1403; x_wconf 70' lang='lat' dir='ltr'>incesti</span> <span class='ocrx_word' id='word_1_146' title='bbox 590 1359 663 1414; x_wconf 77' lang='lat' dir='ltr'>qui</span> <span class='ocrx_word' id='word_1_147' title='bbox 690 1360 903 1414; x_wconf 77' lang='lat' dir='ltr'>quondam</span> <span class='ocrx_word' id='word_1_148' title='bbox 928 1360 1081 1413; x_wconf 81' lang='lat' dir='ltr'>foedus</span> <span class='ocrx_word' id='word_1_149' title='bbox 1107 1359 1279 1411; x_wconf 75' lang='lat' dir='ltr'>amoris,</span> 
     </span>
    </p>

    <p class='ocr_par' dir='ltr' id='par_1_7' title="bbox 160 1416 1219 1471">
     <span class='ocr_line' id='line_1_21' title="bbox 160 1416 1219 1471; baseline -0.001 -11"><span class='ocrx_word' id='word_1_150' title='bbox 160 1417 375 1460; x_wconf 78' lang='lat' dir='ltr'>Arsinoen</span> <span class='ocrx_word' id='word_1_151' title='bbox 402 1416 566 1460; x_wconf 75' lang='lat' dir='ltr'>Pharii</span> <span class='ocrx_word' id='word_1_152' title='bbox 592 1417 813 1471; x_wconf 50' lang='lat' dir='ltr'>suspendit</span> <span class='ocrx_word' id='word_1_153' title='bbox 840 1418 889 1459; x_wconf 81' lang='lat' dir='ltr'>in</span> <span class='ocrx_word' id='word_1_154' title='bbox 916 1430 1014 1459; x_wconf 84' lang='lat' dir='ltr'>aere</span> <span class='ocrx_word' id='word_1_155' title='bbox 1046 1416 1219 1470; x_wconf 80' lang='lat' dir='ltr'>Templi.</span> 
     </span>
    </p>

    <p class='ocr_par' dir='ltr' id='par_1_8' title="bbox 161 1473 1218 1527">
     <span class='ocr_line' id='line_1_22' title="bbox 161 1473 1218 1527; baseline -0.002 -10"><span class='ocrx_word' id='word_1_156' title='bbox 161 1473 314 1527; x_wconf 80' lang='lat' dir='ltr'>Spirat</span> <span class='ocrx_word' id='word_1_157' title='bbox 343 1474 454 1516; x_wconf 83' lang='lat' dir='ltr'>enim</span> <span class='ocrx_word' id='word_1_158' title='bbox 482 1475 580 1517; x_wconf 82' lang='lat' dir='ltr'>tecti</span> <span class='ocrx_word' id='word_1_159' title='bbox 607 1474 815 1517; x_wconf 78' lang='lat' dir='ltr'>testudine</span> <span class='ocrx_word' id='word_1_160' title='bbox 846 1473 979 1518; x_wconf 75' lang='lat' dir='ltr'>Corus</span> <span class='ocrx_word' id='word_1_161' title='bbox 1006 1473 1191 1516; x_wconf 75' lang='lat' dir='ltr'>Achates</span> <span class='ocrx_word' id='word_1_162' title='bbox 1205 1489 1218 1515; x_wconf 94' lang='grc'>.·</span> 
     </span>
    </p>

    <p class='ocr_par' dir='ltr' id='par_1_9' title="bbox 26 1530 1510 2708">
     <span class='ocr_line' id='line_1_23' title="bbox 158 1530 1163 1585; baseline -0.002 -11"><span class='ocrx_word' id='word_1_163' title='bbox 158 1530 445 1585; x_wconf 78' lang='lat' dir='ltr'>Afflatamque</span> <span class='ocrx_word' id='word_1_164' title='bbox 472 1530 605 1574; x_wconf 74' lang='lat' dir='ltr'>trahit</span> <span class='ocrx_word' id='word_1_165' title='bbox 627 1531 792 1584; x_wconf 82' lang='lat' dir='ltr'>ferrato</span> <span class='ocrx_word' id='word_1_166' title='bbox 821 1531 938 1574; x_wconf 82' lang='lat' dir='ltr'>crine</span> <span class='ocrx_word' id='word_1_167' title='bbox 958 1530 1163 1584; x_wconf 79' lang='lat' dir='ltr'>puellam.</span> 
     </span>
     <span class='ocr_line' id='line_1_24' title="bbox 27 1586 1510 1642; baseline -0.001 -12"><span class='ocrx_word' id='word_1_168' title='bbox 27 1587 97 1631; x_wconf 90' lang='lat' dir='ltr'>Sic</span> <span class='ocrx_word' id='word_1_169' title='bbox 125 1587 171 1630; x_wconf 93' lang='lat' dir='ltr'>in</span> <span class='ocrx_word' id='word_1_170' title='bbox 199 1587 308 1642; x_wconf 89' lang='lat' dir='ltr'>pileo</span> <span class='ocrx_word' id='word_1_171' title='bbox 337 1587 545 1642; x_wconf 67' lang='lat' dir='ltr'>Daepotae</span> <span class='ocrx_word' id='word_1_172' title='bbox 574 1587 741 1631; x_wconf 91' lang='lat' dir='ltr'>Sciadio</span> <span class='ocrx_word' id='word_1_173' title='bbox 771 1587 906 1630; x_wconf 88' lang='lat' dir='ltr'>dicto:</span> <span class='ocrx_word' id='word_1_174' title='bbox 937 1587 989 1630; x_wconf 90' lang='lat' dir='ltr'>de</span> <span class='ocrx_word' id='word_1_175' title='bbox 1019 1600 1101 1642; x_wconf 88' lang='lat' dir='ltr'>quo</span> <span class='ocrx_word' id='word_1_176' title='bbox 1131 1586 1314 1630; x_wconf 88' lang='lat' dir='ltr'>Codinus</span> <span class='ocrx_word' id='word_1_177' title='bbox 1342 1599 1433 1641; x_wconf 86' lang='lat' dir='ltr'>cap.</span> <span class='ocrx_word' id='word_1_178' title='bbox 1453 1596 1510 1629; x_wconf 89' lang='lat'>111</span> 
     </span>
     <span class='ocr_line' id='line_1_25' title="bbox 27 1636 1510 1701; baseline -0.002 -14"><span class='ocrx_word' id='word_1_179' title='bbox 27 1658 142 1687; x_wconf 89' lang='lat' dir='ltr'>num.</span> <span class='ocrx_word' id='word_1_180' title='bbox 163 1655 195 1688; x_wconf 92' lang='lat'>1.</span> <span class='ocrx_word' id='word_1_181' title='bbox 224 1657 321 1700; x_wconf 85' lang='lat' dir='ltr'>pag.</span> <span class='ocrx_word' id='word_1_182' title='bbox 338 1645 407 1687; x_wconf 88' lang='lat'>45.</span> <span class='ocrx_word' id='word_1_183' title='bbox 451 1643 565 1687; x_wconf 86' lang='lat' dir='ltr'>Edit.</span> <span class='ocrx_word' id='word_1_184' title='bbox 595 1644 699 1700; x_wconf 86' lang='lat' dir='ltr'>Reg.</span> <span class='ocrx_word' id='word_1_185' title='bbox 741 1636 825 1701; x_wconf 72' lang='grc' dir='ltr'>ἀὴρ</span> <span class='ocrx_word' id='word_1_186' title='bbox 858 1644 1033 1687; x_wconf 85' lang='lat' dir='ltr'>vocatur</span> <span class='ocrx_word' id='word_1_187' title='bbox 1067 1643 1198 1687; x_wconf 90' lang='lat' dir='ltr'>nodus</span> <span class='ocrx_word' id='word_1_188' title='bbox 1234 1643 1394 1698; x_wconf 88' lang='lat' dir='ltr'>cinguli</span> <span class='ocrx_word' id='word_1_189' title='bbox 1422 1642 1510 1685; x_wconf 92' lang='lat' dir='ltr'>cla-</span> 
     </span>
     <span class='ocr_line' id='line_1_26' title="bbox 26 1699 1510 1757; baseline -0.002 -13"><span class='ocrx_word' id='word_1_190' title='bbox 26 1701 204 1744; x_wconf 84' lang='lat' dir='ltr'>rissimis</span> <span class='ocrx_word' id='word_1_191' title='bbox 232 1714 255 1744; x_wconf 95' lang='lat' dir='ltr'>e</span> <span class='ocrx_word' id='word_1_192' title='bbox 282 1701 462 1757; x_wconf 87' lang='lat' dir='ltr'>gemmis</span> <span class='ocrx_word' id='word_1_193' title='bbox 489 1701 790 1756; x_wconf 85' lang='lat' dir='ltr'>pretiosissimo</span> <span class='ocrx_word' id='word_1_194' title='bbox 819 1701 937 1744; x_wconf 83' lang='lat' dir='ltr'>textu</span> <span class='ocrx_word' id='word_1_195' title='bbox 966 1713 1116 1743; x_wconf 91' lang='lat' dir='ltr'>nomen</span> <span class='ocrx_word' id='word_1_196' title='bbox 1144 1701 1351 1754; x_wconf 70' lang='lat' dir='ltr'>Daepotae</span> <span class='ocrx_word' id='word_1_197' title='bbox 1379 1699 1510 1754; x_wconf 89' lang='lat' dir='ltr'>ipsius</span> 
     </span>
     <span class='ocr_line' id='line_1_27' title="bbox 27 1756 1510 1812; baseline -0.001 -12"><span class='ocrx_word' id='word_1_198' title='bbox 27 1757 276 1812; x_wconf 88' lang='lat' dir='ltr'>inscriptum</span> <span class='ocrx_word' id='word_1_199' title='bbox 309 1758 525 1800; x_wconf 88' lang='lat' dir='ltr'>ostentans</span> <span class='ocrx_word' id='word_1_200' title='bbox 551 1758 813 1800; x_wconf 90' lang='lat' dir='ltr'>intuentibus</span> <span class='ocrx_word' id='word_1_201' title='bbox 842 1759 1001 1800; x_wconf 89' lang='lat' dir='ltr'>contra.</span> <span class='ocrx_word' id='word_1_202' title='bbox 1062 1757 1165 1799; x_wconf 87' lang='lat' dir='ltr'>Erat</span> <span class='ocrx_word' id='word_1_203' title='bbox 1195 1757 1306 1799; x_wconf 88' lang='lat' dir='ltr'>enim</span> <span class='ocrx_word' id='word_1_204' title='bbox 1334 1756 1406 1798; x_wconf 93' lang='lat' dir='ltr'>ille</span> <span class='ocrx_word' id='word_1_205' title='bbox 1434 1768 1510 1798; x_wconf 88' lang='lat' dir='ltr'>no·</span> 
     </span>
     <span class='ocr_line' id='line_1_28' title="bbox 27 1812 1510 1870; baseline -0.002 -13"><span class='ocrx_word' id='word_1_206' title='bbox 27 1814 106 1857; x_wconf 87' lang='lat' dir='ltr'>dus</span> <span class='ocrx_word' id='word_1_207' title='bbox 133 1813 373 1870; x_wconf 87' lang='lat' dir='ltr'>(Gretserus</span> <span class='ocrx_word' id='word_1_208' title='bbox 401 1815 543 1858; x_wconf 85' lang='lat' dir='ltr'>noster</span> <span class='ocrx_word' id='word_1_209' title='bbox 570 1827 653 1857; x_wconf 91' lang='lat' dir='ltr'>non</span> <span class='ocrx_word' id='word_1_210' title='bbox 681 1814 791 1858; x_wconf 90' lang='lat' dir='ltr'>male</span> <span class='ocrx_word' id='word_1_211' title='bbox 829 1815 1052 1857; x_wconf 90' lang='lat' dir='ltr'>umbonem</span> <span class='ocrx_word' id='word_1_212' title='bbox 1095 1814 1236 1864; x_wconf 88' lang='lat' dir='ltr'>vertit,</span> <span class='ocrx_word' id='word_1_213' title='bbox 1281 1812 1334 1855; x_wconf 93' lang='lat' dir='ltr'>ob</span> <span class='ocrx_word' id='word_1_214' title='bbox 1375 1825 1510 1867; x_wconf 89' lang='lat' dir='ltr'>quan-</span> 
     </span>
     <span class='ocr_line' id='line_1_29' title="bbox 27 1868 1508 1927; baseline -0.003 -13"><span class='ocrx_word' id='word_1_215' title='bbox 27 1871 126 1914; x_wconf 90' lang='lat' dir='ltr'>dam</span> <span class='ocrx_word' id='word_1_216' title='bbox 155 1871 476 1914; x_wconf 87' lang='lat' dir='ltr'>similitudinem</span> <span class='ocrx_word' id='word_1_217' title='bbox 505 1871 695 1914; x_wconf 88' lang='lat' dir='ltr'>umbilici</span> <span class='ocrx_word' id='word_1_218' title='bbox 724 1871 981 1927; x_wconf 82' lang='lat' dir='ltr'>clypeorum)</span> <span class='ocrx_word' id='word_1_219' title='bbox 1010 1870 1114 1913; x_wconf 86' lang='lat' dir='ltr'>Erat</span> <span class='ocrx_word' id='word_1_220' title='bbox 1144 1870 1317 1924; x_wconf 90' lang='lat' dir='ltr'>inquam</span> <span class='ocrx_word' id='word_1_221' title='bbox 1338 1868 1508 1923; x_wconf 89' lang='lat' dir='ltr'>pretiosi</span> 
     </span>
     <span class='ocr_line' id='line_1_30' title="bbox 27 1925 1507 1983; baseline -0.003 -12"><span class='ocrx_word' id='word_1_222' title='bbox 27 1929 70 1971; x_wconf 89' lang='lat' dir='ltr'>et</span> <span class='ocrx_word' id='word_1_223' title='bbox 94 1940 197 1971; x_wconf 88' lang='lat' dir='ltr'>auro</span> <span class='ocrx_word' id='word_1_224' title='bbox 227 1928 385 1972; x_wconf 84' lang='lat' dir='ltr'>clavati</span> <span class='ocrx_word' id='word_1_225' title='bbox 415 1927 680 1980; x_wconf 87' lang='lat' dir='ltr'>diadematis,</span> <span class='ocrx_word' id='word_1_226' title='bbox 705 1941 787 1983; x_wconf 92' lang='lat' dir='ltr'>quo</span> <span class='ocrx_word' id='word_1_227' title='bbox 808 1927 1106 1971; x_wconf 84' lang='lat' dir='ltr'>redimiebatur</span> <span class='ocrx_word' id='word_1_228' title='bbox 1134 1926 1267 1981; x_wconf 87' lang='lat' dir='ltr'>pileus</span> <span class='ocrx_word' id='word_1_229' title='bbox 1286 1925 1507 1979; x_wconf 67' lang='lat' dir='ltr'>Daepotae,</span> 
     </span>
     <span class='ocr_line' id='line_1_31' title="bbox 29 1981 1509 2040; baseline -0.003 -12"><span class='ocrx_word' id='word_1_230' title='bbox 29 1985 150 2039; x_wconf 89' lang='lat' dir='ltr'>quasi</span> <span class='ocrx_word' id='word_1_231' title='bbox 177 1984 308 2028; x_wconf 81' lang='lat' dir='ltr'>fibula</span> <span class='ocrx_word' id='word_1_232' title='bbox 336 1985 432 2037; x_wconf 85' lang='lat' dir='ltr'>ista,</span> <span class='ocrx_word' id='word_1_233' title='bbox 463 1986 505 2028; x_wconf 91' lang='lat' dir='ltr'>et</span> <span class='ocrx_word' id='word_1_234' title='bbox 544 1985 750 2028; x_wconf 88' lang='lat' dir='ltr'>emblema</span> <span class='ocrx_word' id='word_1_235' title='bbox 793 1984 1162 2040; x_wconf 83' lang='lat' dir='ltr'>fulgentissimum,</span> <span class='ocrx_word' id='word_1_236' title='bbox 1211 1996 1257 2026; x_wconf 86' lang='lat' dir='ltr'>ex</span> <span class='ocrx_word' id='word_1_237' title='bbox 1301 1981 1509 2037; x_wconf 71' lang='lat' dir='ltr'>congaetis</span> 
     </span>
     <span class='ocr_line' id='line_1_32' title="bbox 28 2037 1510 2097; baseline -0.003 -13"><span class='ocrx_word' id='word_1_238' title='bbox 28 2041 284 2097; x_wconf 86' lang='lat' dir='ltr'>margaritis,</span> <span class='ocrx_word' id='word_1_239' title='bbox 314 2042 359 2084; x_wconf 92' lang='lat' dir='ltr'>in</span> <span class='ocrx_word' id='word_1_240' title='bbox 387 2043 552 2096; x_wconf 88' lang='lat' dir='ltr'>partem</span> <span class='ocrx_word' id='word_1_241' title='bbox 581 2042 833 2085; x_wconf 88' lang='lat' dir='ltr'>anteriorem</span> <span class='ocrx_word' id='word_1_242' title='bbox 863 2041 1084 2084; x_wconf 85' lang='lat' dir='ltr'>obversum</span> <span class='ocrx_word' id='word_1_243' title='bbox 1109 2040 1236 2094; x_wconf 90' lang='lat' dir='ltr'>atque</span> <span class='ocrx_word' id='word_1_244' title='bbox 1274 2038 1376 2082; x_wconf 86' lang='lat' dir='ltr'>adeo</span> <span class='ocrx_word' id='word_1_245' title='bbox 1406 2037 1510 2080; x_wconf 92' lang='lat' dir='ltr'>emi-</span> 
     </span>
     <span class='ocr_line' id='line_1_33' title="bbox 28 2094 1508 2142; baseline -0.003 -1"><span class='ocrx_word' id='word_1_246' title='bbox 28 2111 128 2141; x_wconf 89' lang='lat' dir='ltr'>cans</span> <span class='ocrx_word' id='word_1_247' title='bbox 171 2111 194 2142; x_wconf 90' lang='lat' dir='ltr'>e</span> <span class='ocrx_word' id='word_1_248' title='bbox 240 2098 380 2142; x_wconf 78' lang='lat' dir='ltr'>fronte</span> <span class='ocrx_word' id='word_1_249' title='bbox 422 2111 599 2142; x_wconf 90' lang='lat' dir='ltr'>summa.</span> <span class='ocrx_word' id='word_1_250' title='bbox 677 2098 773 2142; x_wconf 89' lang='lat' dir='ltr'>Non</span> <span class='ocrx_word' id='word_1_251' title='bbox 815 2098 920 2141; x_wconf 88' lang='lat' dir='ltr'>facit</span> <span class='ocrx_word' id='word_1_252' title='bbox 948 2098 1029 2140; x_wconf 89' lang='lat' dir='ltr'>huc</span> <span class='ocrx_word' id='word_1_253' title='bbox 1070 2096 1185 2139; x_wconf 92' lang='lat' dir='ltr'>notio</span> <span class='ocrx_word' id='word_1_254' title='bbox 1212 2095 1297 2139; x_wconf 87' lang='lat' dir='ltr'>alia</span> <span class='ocrx_word' id='word_1_255' title='bbox 1328 2094 1508 2137; x_wconf 92' lang='lat' dir='ltr'>nominis</span> 
     </span>
     <span class='ocr_line' id='line_1_34' title="bbox 27 2149 1510 2267; baseline -0.005 -12"><span class='ocrx_word' id='word_1_256' title='bbox 27 2149 435 2267; x_wconf 53' lang='lat' dir='ltr'>{Zinlmfflffi</span> <span class='ocrx_word' id='word_1_257' title='bbox 466 2153 1253 2255; x_wconf 48' lang='lat' dir='ltr'>{2ffi0‘ffl’312503ss3113p05lffnss33019</span> <span class='ocrx_word' id='word_1_258' title='bbox 1274 2151 1409 2250; x_wconf 58' lang='grc' dir='ltr'>ἒὲἓῖἒ</span> <span class='ocrx_word' id='word_1_259' title='bbox 1440 2163 1510 2248; x_wconf 66' lang='grc' dir='ltr'>ῗξῖ</span> 
     </span>
     <span class='ocr_line' id='line_1_35' title="bbox 27 2262 1509 2320; baseline -0.004 -10"><span class='ocrx_word' id='word_1_260' title='bbox 27 2268 212 2312; x_wconf 89' lang='lat' dir='ltr'>dicatam</span> <span class='ocrx_word' id='word_1_261' title='bbox 245 2268 323 2312; x_wconf 90' lang='lat' dir='ltr'>hoc</span> <span class='ocrx_word' id='word_1_262' title='bbox 350 2269 476 2312; x_wconf 79' lang='lat' dir='ltr'>verbo</span> <span class='ocrx_word' id='word_1_263' title='bbox 506 2269 572 2312; x_wconf 84' lang='lat' dir='ltr'>vel</span> <span class='ocrx_word' id='word_1_264' title='bbox 602 2269 883 2312; x_wconf 87' lang='lat' dir='ltr'>subtilitatem</span> <span class='ocrx_word' id='word_1_265' title='bbox 911 2267 1051 2310; x_wconf 86' lang='lat' dir='ltr'>tenuis</span> <span class='ocrx_word' id='word_1_266' title='bbox 1087 2279 1137 2309; x_wconf 88' lang='lat' dir='ltr'>ac</span> <span class='ocrx_word' id='word_1_267' title='bbox 1177 2262 1346 2320; x_wconf 91' lang='lat' dir='ltr'>pretiosi</span> <span class='ocrx_word' id='word_1_268' title='bbox 1381 2262 1509 2317; x_wconf 88' lang='lat' dir='ltr'>panni</span> 
     </span>
     <span class='ocr_line' id='line_1_36' title="bbox 29 2319 1509 2380; baseline -0.005 -12"><span class='ocrx_word' id='word_1_269' title='bbox 29 2338 112 2380; x_wconf 93' lang='lat' dir='ltr'>quo</span> <span class='ocrx_word' id='word_1_270' title='bbox 142 2325 236 2368; x_wconf 83' lang='lat' dir='ltr'>vela</span> <span class='ocrx_word' id='word_1_271' title='bbox 265 2325 372 2369; x_wconf 85' lang='lat' dir='ltr'>talia</span> <span class='ocrx_word' id='word_1_272' title='bbox 404 2326 678 2376; x_wconf 87' lang='lat' dir='ltr'>constabant;</span> <span class='ocrx_word' id='word_1_273' title='bbox 706 2338 788 2380; x_wconf 91' lang='lat' dir='ltr'>quo</span> <span class='ocrx_word' id='word_1_274' title='bbox 809 2337 923 2367; x_wconf 91' lang='lat' dir='ltr'>more</span> <span class='ocrx_word' id='word_1_275' title='bbox 939 2323 1145 2379; x_wconf 88' lang='lat' dir='ltr'>ingeniosi</span> <span class='ocrx_word' id='word_1_276' title='bbox 1163 2321 1383 2376; x_wconf 70' lang='lat' dir='ltr'>scriptorae</span> <span class='ocrx_word' id='word_1_277' title='bbox 1402 2319 1509 2362; x_wconf 89' lang='lat' dir='ltr'>telas</span> 
     </span>
     <span class='ocr_line' id='line_1_37' title="bbox 28 2379 1510 2434; baseline -0.005 -10"><span class='ocrx_word' id='word_1_278' title='bbox 28 2381 324 2427; x_wconf 86' lang='lat' dir='ltr'>subtilissimas</span> <span class='ocrx_word' id='word_1_279' title='bbox 354 2384 499 2426; x_wconf 86' lang='lat' dir='ltr'>ventos</span> <span class='ocrx_word' id='word_1_280' title='bbox 529 2382 707 2434; x_wconf 57' lang='lat' dir='ltr'>textiles</span> <span class='ocrx_word' id='word_1_281' title='bbox 737 2383 813 2425; x_wconf 90' lang='lat' dir='ltr'>aut</span> <span class='ocrx_word' id='word_1_282' title='bbox 850 2380 1021 2423; x_wconf 89' lang='lat' dir='ltr'>nebulas</span> <span class='ocrx_word' id='word_1_283' title='bbox 1058 2379 1321 2422; x_wconf 84' lang='lat' dir='ltr'>cohaerentes</span> <span class='ocrx_word' id='word_1_284' title='bbox 1357 2388 1510 2419; x_wconf 85' lang='lat' dir='ltr'>vocare</span> 
     </span>
     <span class='ocr_line' id='line_1_38' title="bbox 28 2430 1508 2498; baseline -0.005 -17"><span class='ocrx_word' id='word_1_285' title='bbox 28 2438 185 2481; x_wconf 86' lang='lat' dir='ltr'>solent:</span> <span class='ocrx_word' id='word_1_286' title='bbox 221 2438 288 2481; x_wconf 84' lang='lat' dir='ltr'>vel</span> <span class='ocrx_word' id='word_1_287' title='bbox 317 2438 553 2483; x_wconf 85' lang='lat' dir='ltr'>adhibitum</span> <span class='ocrx_word' id='word_1_288' title='bbox 595 2440 678 2482; x_wconf 91' lang='lat' dir='ltr'>huc</span> <span class='ocrx_word' id='word_1_289' title='bbox 717 2451 867 2481; x_wconf 90' lang='lat' dir='ltr'>nomen</span> <span class='ocrx_word' id='word_1_290' title='bbox 905 2430 1000 2492; x_wconf 76' lang='grc' dir='ltr'>ἀὴρ,</span> <span class='ocrx_word' id='word_1_291' title='bbox 1044 2436 1269 2498; x_wconf 45' lang='lat' dir='ltr'>quatenus·</span> <span class='ocrx_word' id='word_1_292' title='bbox 1285 2433 1508 2487; x_wconf 89' lang='lat' dir='ltr'>caliginem</span> 
     </span>
     <span class='ocr_line' id='line_1_39' title="bbox 28 2489 1509 2550; baseline -0.005 -13"><span class='ocrx_word' id='word_1_293' title='bbox 28 2496 71 2537; x_wconf 89' lang='lat' dir='ltr'>et</span> <span class='ocrx_word' id='word_1_294' title='bbox 96 2495 288 2538; x_wconf 85' lang='lat' dir='ltr'>tenebras</span> <span class='ocrx_word' id='word_1_295' title='bbox 325 2497 459 2548; x_wconf 86' lang='lat' dir='ltr'>sonat,</span> <span class='ocrx_word' id='word_1_296' title='bbox 490 2496 544 2539; x_wconf 89' lang='lat' dir='ltr'>ad</span> <span class='ocrx_word' id='word_1_297' title='bbox 573 2495 878 2550; x_wconf 77' lang='lat' dir='ltr'>designandum</span> <span class='ocrx_word' id='word_1_298' title='bbox 914 2492 1230 2536; x_wconf 86' lang='lat' dir='ltr'>obumbratione</span> <span class='ocrx_word' id='word_1_299' title='bbox 1258 2492 1340 2533; x_wconf 79' lang='lat' dir='ltr'>ista</span> <span class='ocrx_word' id='word_1_300' title='bbox 1368 2489 1509 2531; x_wconf 89' lang='lat' dir='ltr'>conte-</span> 
     </span>
     <span class='ocr_line' id='line_1_40' title="bbox 28 2546 1508 2608; baseline -0.005 -14"><span class='ocrx_word' id='word_1_301' title='bbox 28 2551 168 2607; x_wconf 88' lang='lat' dir='ltr'>gentis</span> <span class='ocrx_word' id='word_1_302' title='bbox 196 2551 280 2595; x_wconf 84' lang='lat' dir='ltr'>veli</span> <span class='ocrx_word' id='word_1_303' title='bbox 307 2554 534 2608; x_wconf 87' lang='lat' dir='ltr'>augustam</span> <span class='ocrx_word' id='word_1_304' title='bbox 553 2553 670 2595; x_wconf 88' lang='lat' dir='ltr'>velut</span> <span class='ocrx_word' id='word_1_305' title='bbox 698 2550 909 2607; x_wconf 86' lang='lat' dir='ltr'>quandam</span> <span class='ocrx_word' id='word_1_306' title='bbox 930 2549 1152 2603; x_wconf 84' lang='lat' dir='ltr'>caliginem</span> <span class='ocrx_word' id='word_1_307' title='bbox 1174 2546 1331 2590; x_wconf 86' lang='lat' dir='ltr'>offundi</span> <span class='ocrx_word' id='word_1_308' title='bbox 1352 2546 1508 2600; x_wconf 86' lang='lat' dir='ltr'>myste-</span> 
     </span>
     <span class='ocr_line' id='line_1_41' title="bbox 28 2603 1509 2707; baseline -0.009 -50"><span class='ocrx_word' id='word_1_309' title='bbox 28 2607 191 2707; x_wconf 70' lang='lat' dir='ltr'>1‘iis‚det</span> <span class='ocrx_word' id='word_1_310' title='bbox 232 2621 374 2652; x_wconf 83' lang='lat' dir='ltr'>sacras</span> <span class='ocrx_word' id='word_1_311' title='bbox 410 2610 603 2653; x_wconf 87' lang='lat' dir='ltr'>tenebras</span> <span class='ocrx_word' id='word_1_312' title='bbox 636 2610 788 2664; x_wconf 88' lang='lat' dir='ltr'>quibus</span> <span class='ocrx_word' id='word_1_313' title='bbox 822 2607 877 2650; x_wconf 86' lang='lat' dir='ltr'>ad</span> <span class='ocrx_word' id='word_1_314' title='bbox 905 2605 1210 2648; x_wconf 85' lang='lat' dir='ltr'>venerationem</span> <span class='ocrx_word' id='word_1_315' title='bbox 1242 2603 1367 2658; x_wconf 84' lang='lat' dir='ltr'>vulgo</span> <span class='ocrx_word' id='word_1_316' title='bbox 1395 2613 1509 2644; x_wconf 91' lang='lat' dir='ltr'>com-</span> 
     </span>
     <span class='ocr_line' id='line_1_42' title="bbox 27 2666 287 2708; baseline 0.004 -1"><span class='ocrx_word' id='word_1_317' title='bbox 27 2677 122 2708; x_wconf 90' lang='lat' dir='ltr'>men</span> <span class='ocrx_word' id='word_1_318' title='bbox 152 2666 287 2708; x_wconf 83' lang='lat' dir='ltr'>entur.</span> 
     </span>
    </p>

    <p class='ocr_par' dir='ltr' id='par_1_10' title="bbox 27 2714 1511 2893">
     <span class='ocr_line' id='line_1_43' title="bbox 162 2714 1510 2766; baseline -0.005 -3"><span class='ocrx_word' id='word_1_319' title='bbox 162 2724 552 2766; x_wconf 80' lang='grc' dir='ltr'><em>ΛΜΦΙΡΥΚΟΣ.</em></span> <span class='ocrx_word' id='word_1_320' title='bbox 626 2722 715 2765; x_wconf 91' lang='lat' dir='ltr'>Lib.</span> <span class='ocrx_word' id='word_1_321' title='bbox 752 2730 854 2763; x_wconf 85' lang='lat' dir='ltr'>vm.</span> <span class='ocrx_word' id='word_1_322' title='bbox 898 2720 940 2762; x_wconf 92' lang='lat' dir='ltr'>et</span> <span class='ocrx_word' id='word_1_323' title='bbox 978 2718 1050 2761; x_wconf 91' lang='lat' dir='ltr'>lib.</span> <span class='ocrx_word' id='word_1_324' title='bbox 1081 2727 1179 2760; x_wconf 80' lang='lat' dir='ltr'><strong>xlv.</strong></span> <span class='ocrx_word' id='word_1_325' title='bbox 1239 2714 1378 2759; x_wconf 83' lang='lat' dir='ltr'>Genus</span> <span class='ocrx_word' id='word_1_326' title='bbox 1421 2714 1510 2757; x_wconf 90' lang='lat' dir='ltr'>sine</span> 
     </span>
     <span class='ocr_line' id='line_1_44' title="bbox 27 2767 1511 2835; baseline -0.005 -15"><span class='ocrx_word' id='word_1_327' title='bbox 27 2777 156 2821; x_wconf 89' lang='lat' dir='ltr'>dubio</span> <span class='ocrx_word' id='word_1_328' title='bbox 184 2779 318 2822; x_wconf 80' lang='lat' dir='ltr'>navis.</span> <span class='ocrx_word' id='word_1_329' title='bbox 378 2779 522 2823; x_wconf 86' lang='lat' dir='ltr'>Videri</span> <span class='ocrx_word' id='word_1_330' title='bbox 555 2780 692 2835; x_wconf 88' lang='lat' dir='ltr'>posset</span> <span class='ocrx_word' id='word_1_331' title='bbox 720 2776 1011 2832; x_wconf 83' lang='lat' dir='ltr'>corrigendum</span> <span class='ocrx_word' id='word_1_332' title='bbox 1049 2767 1298 2830; x_wconf 76' lang='grc' dir='ltr'><strong><em>ἅμφηρικός</em></strong></span> <span class='ocrx_word' id='word_1_333' title='bbox 1333 2771 1511 2835; x_wconf 59' lang='lat' dir='ltr'>avnbire5</span> 
     </span>
     <span class='ocr_line' id='line_1_45' title="bbox 28 2828 1509 2893; baseline -0.003 -16"><span class='ocrx_word' id='word_1_334' title='bbox 28 2837 131 2878; x_wconf 82' lang='lat' dir='ltr'>mis:</span> <span class='ocrx_word' id='word_1_335' title='bbox 168 2848 251 2893; x_wconf 84' lang='lat' dir='ltr'>quo</span> <span class='ocrx_word' id='word_1_336' title='bbox 281 2836 407 2881; x_wconf 84' lang='lat' dir='ltr'>verbo</span> <span class='ocrx_word' id='word_1_337' title='bbox 434 2835 696 2893; x_wconf 59' lang='lat' dir='ltr'>Thucydides</span> <span class='ocrx_word' id='word_1_338' title='bbox 724 2835 787 2879; x_wconf 88' lang='lat' dir='ltr'>est</span> <span class='ocrx_word' id='word_1_339' title='bbox 818 2846 942 2877; x_wconf 85' lang='lat' dir='ltr'>usus:</span> <span class='ocrx_word' id='word_1_340' title='bbox 980 2831 1060 2876; x_wconf 92' lang='lat' dir='ltr'>nisi</span> <span class='ocrx_word' id='word_1_341' title='bbox 1089 2831 1194 2876; x_wconf 81' lang='lat' dir='ltr'>satis</span> <span class='ocrx_word' id='word_1_342' title='bbox 1225 2829 1416 2887; x_wconf 84' lang='lat' dir='ltr'>expertus</span> <span class='ocrx_word' id='word_1_343' title='bbox 1444 2828 1509 2873; x_wconf 73' lang='lat' dir='ltr'>uti</span> 
     </span>
    </p>
   </div>
  </div>
 </body>
</html>
