1734 3120
470 239 736 279 mame
763 241 857 280 LIB.
890 241 993 280 xm.
1028 237 1091 281 12.
1438 237 1520 284 243

33 354 83 404 τό
114 356 420 416 πολισμάτιον.
484 362 622 403 ταῦτα
662 360 743 415 μὲν
785 356 840 402 τὰ
885 359 961 403 ἐπὶ
1000 361 1104 404 τάδε
1135 362 1296 417 Συρίας
1324 363 1522 419 κείμενα·

32 426 89 472 τὰ
118 429 167 472 δὲ
195 423 288 472 άπὸ
316 430 396 488 τῆς
419 427 556 485 μέσης
584 430 675 471 τῶν
703 430 921 484 ποταμῶν
950 428 1138 484 θέματα,
1172 428 1229 473 τὰ
1262 425 1399 487 ἀγχοῦ
1430 449 1521 476 που

32 496 211 553 κείμενα
236 498 316 556 τῆς
349 492 528 548 πόλεως
555 489 741 553 Ἐδέσης,
784 493 836 540 τό
873 512 921 539 τε
952 497 1075 552 θέμα
1103 499 1193 540 τῶν
1217 499 1424 554 Λιμνίων
1452 501 1524 544 καὶ

30 562 84 608 τι)
116 565 240 621 θέμα
268 565 349 608 τοῦ
376 559 537 607 Lino&
564 561 676 619 μετὰ
695 560 843 621 πάσης
866 566 945 623 τῆς
962 561 1148 609 ἑκάστου
1169 562 1340 610 τούτων
1368 577 1564 623 mezo-c

0 642 19 676 5
30 635 120 687 χῗς.
169 631 282 690 μηδὲ
306 633 446 676 ταῦτα
471 627 779 690 ἀμνημόνευτα
810 632 984 676 κείσθω
1025 631 1082 675 τὰ
1108 634 1215 690 περὶ
1242 637 1323 691 τῆς
1351 629 1525 693 Ἐδὲσης

30 700 142 758 μηδὲ
167 698 224 744 τὰ
242 698 367 758 παρά
387 703 469 745 τοῦ
488 697 835 759 θεοφρουρήτου
866 698 1054 757 κράτους
1083 699 1207 757 ὑμῶν
1234 704 1524 760 τετυπωμένα
1534 709 1580 748 V.
1605 710 1676 746 328

30 786 107 825 μοι
138 765 290 827 ἐτήσια
317 766 522 822 τάλαντα,
554 769 667 826 λέγω
697 766 751 829 δὴ
777 766 857 821 τὰς
886 769 1114 822 διακοσίας
1149 770 1299 826 λίτρας
1325 773 1404 830 τῆς
1432 775 1525 816 Μι-

31 834 249 896 χαηλάτου
279 840 480 897 χαραγῆς.
543 834 911 895 προσδεδώρηται
954 835 1039 895 γάρ
1069 855 1147 894 μοι
1186 836 1259 882 διὰ
1288 842 1369 884 τοῦ
1401 834 1525 884 εὗσε-

30 909 145 961 βοῦς
173 902 501 963 χρυσοβοὺλλου
530 902 664 963 λόγου
693 907 774 964 τῆς
806 905 1035 961 βασιλείας
1066 903 1194 962 ὑμῶν
1222 908 1295 950 καὶ
1323 905 1375 952 τὸ
1422 909 1525 952 δου-

0 971 165 1019 ῠκάτον
191 993 219 1018 s
249 974 300 1030 ἐξ
326 970 572 1032 ὁλοκλήρου
601 971 714 1030 μετὰ
730 976 822 1018 τῶν
852 971 928 1017 ὑπ’
961 968 1070 1018 αὐτὸ
1090 971 1271 1018 πάντων
1296 977 1525 1034 φρουρίων

29 1059 78 1086 τε
108 1043 182 1087 καὶ
209 1043 369 1099 χωρῶν
397 1037 477 1086 οὐκ
512 1040 577 1094 εἷς
607 1040 718 1098 ἐμὸν
751 1039 1005 1099 πρόσωπον
1022 1039 1160 1098 μόνον
1183 1045 1524 1102 περιϊσταμὲνης

29 1114 108 1164 τῗς
137 1112 343 1169 δουκικῆς
380 1108 542 1168 ταύτης
576 1105 736 1169 α’ρχῆς·
776 1106 888 1154 ἀλλὰ
925 1108 1005 1168 γὰρ
1048 1111 1223 1170 ἐφεῖταί
1260 1129 1339 1168 μοι
1377 1129 1524 1168 παρα-

29 1180 227 1236 πέμπειν
252 1175 388 1237 αὖτὴν
416 1176 490 1224 διὰ
517 1182 599 1224 τοῦ
621 1174 833 1235 εὖσεβοῦς
860 1177 1190 1236 χρυσοβούλλου
1220 1177 1353 1237 λόγου
1388 1178 1453 1233 εἷς
1471 1176 1523 1225 ὃν

28 1245 84 1292 ἂν
110 1243 248 1301 αὗτὸς
265 1247 483 1304 ἐθέλοιμι,
512 1248 752 1304 μέλλοντος
771 1244 975 1306 δηλονότι
1009 1243 1211 1292 κάκείνου
1245 1246 1520 1293 ὗποκὺπτειν

0 1320 126 1370 ὄτοῖς
153 1319 232 1377 τῆς
261 1317 487 1372 βασιλείας
517 1314 641 1373 ὑμῶν
686 1313 994 1373 προστάγμασι
1023 1317 1096 1361 καὶ
1125 1314 1348 1376 θελήμασι
1377 1322 1564 1364 καθα-1)

27 1386 159 1442 περεὶ
186 1380 437 1442 ἀνθρώπου
466 1385 606 1441 λιζίου
637 1382 926 1442 τυγχάνοντος
954 1387 1035 1428 τοῦ
1064 1380 1202 1429 αυτοῦ
1230 1383 1418 1441 πράτοις
1447 1387 1520 1430 καὶ

27 1456 109 1510 τῆς
129 1447 269 1534 αυτῆς
288 1452 514 1508 βασιλείας
535 1452 610 1497 καὶ
630 1453 686 1497 τά
709 1453 820 1497 αὐτοὶ
841 1453 1114 1534 βουλομένου
1135 1454 1208 1497 καὶ
1230 1456 1520 1513 συμφωνοῦν·-

26 1538 116 1574 τος,
148 1518 266 1576 ἅπερ
296 1515 415 1578 κάγώ
443 1518 561 1577 πρὸς
591 1518 714 1577 υμᾶς.
758 1517 868 1565 αλλὰ
896 1522 970 1565 καὶ
991 1519 1046 1566 τὸ
1077 1516 1170 1566 απὸ
1191 1523 1336 1575 τουόε,
1363 1519 1517 1579 επειδὴ

28 1586 247 1645 καθάπαξ
273 1586 482 1647 ἐγενόμην
512 1586 727 1646 ὑμέτερος
756 1583 1006 1646 ανθρωπος
1032 1590 1104 1633 καὶ
1141 1592 1221 1634 τοῦ
1250 1587 1410 1634 κύκλου
1438 1592 1519 1633 τοῦ

0 1654 214 1714 )κράτους
242 1653 378 1713 ὑμῶν,
402 1653 572 1717 ὀφείλω
598 1654 834 1713 λαμβάνειν
859 1660 954 1702 κατ’
978 1657 1155 1716 ἐτησίαν
1174 1655 1299 1702 δόσιν
1315 1653 1409 1702 ἀπὸ
1429 1659 1520 1701 τῶν

23 1725 265 1781 βασιλικῶν
301 1726 546 1783 θησαυρῶν
583 1722 773 1769 τάλαντα
810 1724 1012 1771 διακόσια
1050 1729 1130 1770 τοῦ
1169 1726 1518 1783 προβεβασιλευ-

24 1792 158 1847 κότος
185 1793 339 1850 κυρίου
371 1792 553 1852 ΙΠιχαὴλ
580 1791 803 1853 ποιότητά
830 1812 880 1839 τε
906 1796 979 1839 καὶ
1008 1792 1199 1855 χαραγὴν
1228 1789 1519 1853 αποφέροντα

161 1865 192 1898 1.
214 1875 256 1911 τι·
282 1863 460 1910 Συρίᾳῦ.
558 1865 592 1899 2.
620 1867 770 1911 &fuam
794 1865 948 1912 scripsi.
976 1867 1141 1912 θέματος
1156 1864 1196 1900 Ρ.
1271 1864 1305 1899 3.
1332 1862 1517 1908 ἔδέσηςΕ,

160 1912 334 1955 Εδέσσης
356 1910 397 1948 P.
495 1915 528 1948 5.
551 1913 615 1956 τῆς
639 1913 772 1957 ἔδέσης
795 1913 838 1954 F,
868 1914 1042 1969 Εδέσσης
1065 1913 1105 1948 Ρ.
1204 1914 1238 1948 7.
1264 1911 1516 1957 διακοσιᾙιιςΡ

160 1959 372 1999 διακοσίους
398 1959 440 1996 P.
592 1962 647 1998 10.
671 1961 844 1998 lacunam
873 1962 1038 2009 signavi.
1069 1964 1227 2020 apparet
1252 1960 1342 1997 olim
1367 1958 1409 1995 τὸ
1436 1960 1516 1994 δου-

159 2005 273 2044 miror
294 2008 358 2053 τῆς
377 2005 529 2053 Ἐδέσης
553 2009 613 2046 vel
637 2009 757 2046 simile
782 2010 873 2056 quid
899 2011 1023 2046 fuisse.
1141 2008 1254 2045 αὐτὸν
1275 2009 1318 2044 F.
1461 2007 1515 2043 12.

158 2053 249 2091 αλλὰ
274 2068 347 2093 om.
372 2056 411 2093 C.
522 2059 670 2106 ἐφεῖται
692 2056 765 2105 γὰρ
790 2058 829 2094 C.
1007 2059 1063 2094 13.
1091 2070 1136 2093 ον
1163 2054 1211 2094 ἂν
1235 2057 1277 2102 F,
1303 2069 1351 2093 (ιν
1375 2068 1448 2092 om.
1473 2056 1513 2092 P.

165 2107 217 2141 15.
242 2103 350 2153 ὑμῶν
373 2117 445 2141 om.
466 2105 507 2141 F.
643 2109 702 2141 22.
728 2110 854 2153 κυρίου
879 2107 923 2146 F
950 2108 1060 2153 κυροῦ
1084 2106 1124 2142 P.

23 2173 232 2216 sequuntur
255 2182 279 2206 a
301 2170 594 2217 Mesopotamiae
617 2176 726 2218 parte
750 2173 928 2216 themata,
946 2183 1042 2219 quae
1058 2183 1177 2218 prope
1190 2171 1366 2207 Edessam
1381 2170 1515 2206 urbem

23 2219 95 2254 sita
123 2222 223 2264 sunt,
246 2219 376 2255 thema
399 2219 636 2256 Limniorum
661 2225 700 2256 et
726 2221 814 2257 Aeti
839 2221 966 2256 thema
991 2233 1076 2257 cum
1102 2220 1275 2256 omnibus
1299 2219 1375 2254 suis
1399 2219 1513 2265 agris.

22 2279 142 2314 neque
165 2279 254 2303 vero
280 2267 374 2304 haec
397 2268 628 2315 neglegenda
646 2273 746 2314 sunt,
772 2281 868 2315 quae
890 2269 937 2304 ad
960 2269 1137 2305 Edessam
1163 2268 1367 2314 pertinent
1393 2278 1514 2311 neque

22 2327 118 2361 quae
140 2316 234 2351 mihi
259 2327 282 2351 a
304 2316 487 2352 (livinitus
510 2317 700 2354 custodita
725 2321 912 2363 potestate
936 2321 1063 2353 vent-ra
1089 2317 1276 2362 assignata
1287 2319 1375 2351 sunt
1386 2326 1511 2350 annua

22 2364 176 2404 talenta,
196 2364 374 2400 ducentas
386 2365 471 2401 ἀίω
484 2366 602 2402 libras
620 2378 859 2402 nummorum
872 2366 1195 2402 Michaelatorum.
1220 2376 1305 2400 nam
1322 2375 1390 2410 per
1406 2364 1509 2409 piam

23 2413 229 2448 maiestatis
240 2417 385 2449 vestrae
410 2413 550 2449 bullam
574 2426 724 2450 auream
743 2415 858 2450 etiam
873 2414 1030 2450 ducatus
1046 2413 1236 2459 (Edessae)
1254 2413 1399 2457 integer
1418 2411 1511 2446 mihi

21 2461 183 2496 donatus
196 2465 253 2497 cst
273 2473 359 2498 cum
382 2463 556 2498 omnibus
588 2463 637 2498 ad
673 2475 759 2498 eum
798 2463 1076 2509 pertinentibus
1102 2465 1139 2497 et
1164 2461 1312 2496 arcibus
1335 2463 1374 2495 et
1397 2462 1512 2495 terris

22 2509 78 2544 ita
99 2512 144 2544 ut
159 2521 236 2545 non
262 2521 366 2546 meae
389 2514 538 2546 tant-um
563 2523 743 2557 personae
767 2511 955 2547 destinata
986 2511 1036 2546 sit
1060 2510 1134 2545 ista
1157 2508 1299 2545 ducalis
1319 2508 1511 2554 dignitas3

22 2557 87 2593 sed
110 2569 191 2592 eam
216 2570 426 2605 propagare
450 2559 544 2595 mihi
559 2559 650 2595 licet
663 2571 732 2606 per
746 2560 848 2605 piam
869 2559 1010 2594 bullam
1026 2569 1176 2594 auream
1197 2559 1237 2592 in
1255 2567 1513 2602 quemcunque

22 2606 117 2641 mihi
140 2617 389 2642 successorem
411 2607 600 2654 elegerim,
638 2620 683 2643 ea
706 2612 831 2643 tamen
869 2606 1098 2648 condicione,
1138 2609 1182 2641 ut
1220 2616 1409 2641 successor
1446 2604 1510 2639 ine

21 2654 196 2690 omnibus
237 2657 481 2702 praescriptis
504 2656 837 2701 voluntatibusque
876 2667 948 2690 max
940 2655 1079 2690 estatis
1115 2658 1261 2689 vestrae
1296 2664 1375 2688 sese
1411 2653 1511 2688 subi-

22 2703 99 2738 ciat
121 2706 315 2749 tamquam
337 2704 503 2740 eiusdem
527 2706 726 2760 potestatis
763 2716 806 2739 ac
843 2703 1049 2738 maiestatis
1091 2702 1203 2737 homo
1238 2701 1346 2736 lizius
1381 2701 1511 2736 eadem

21 2763 117 2797 quse
140 2763 209 2797 ego
233 2763 399 2788 concessi
424 2756 464 2788 et
487 2753 614 2799 pepigi
639 2752 843 2788 concedens
867 2754 907 2787 et
931 2751 1128 2797 paciscens.
1178 2750 1251 2784 iam
1268 2750 1316 2784 ab
1337 2749 1408 2784 hoc
1423 2749 1511 2786 inde

23 2802 204 2845 tempore,
228 2811 303 2846 quo
328 2800 441 2836 homo
465 2805 587 2837 vester
610 2801 731 2837 factus
757 2812 838 2835 sum
863 2803 902 2835 et
925 2799 973 2834 ad
996 2799 1110 2834 vestri
1128 2798 1362 2844 principatus
1377 2797 1508 2832 orbem

22 2849 207 2893 pertineo,
243 2848 343 2884 dono
375 2860 500 2884 annuo
524 2861 545 2885 e
580 2850 696 2895 regiis
735 2848 921 2883 thesauris
958 2847 1121 2883 ducenta
1158 2846 1303 2881 talenta
1338 2848 1509 2880 monetae

21 2896 245 2942 qualitatem
268 2896 502 2944 formamque
530 2897 703 2933 habentis
725 2896 869 2932 domini
897 2895 1101 2940 Michaelis,
1145 2895 1211 2940 qui
1248 2896 1359 2929 antea
1392 2894 1507 2938 impe·
