1768 3152
378 297 396 299 *
486 286 491 287 ⁷
542 267 809 323 Annxmms
840 285 934 323 Lm.
964 290 1010 323 x.
1045 286 1081 324 4.
1509 280 1561 320 19

60 405 135 452 διὰ
163 407 215 453 σὲ
240 404 465 466 ὖβρίσθην
494 408 567 452 καὶ
600 405 889 467 σιδηρόδετος
910 407 1076 466 γέγονα,
1109 405 1178 452 διδ
1213 408 1263 454 σὲ
1282 410 1562 468 καθείρχθην

63 476 139 520 ἐπὶ
170 477 362 529 πολλαῖς
396 470 480 535 ἤδη
514 474 710 535 ἡμέραις,
751 476 801 532 ἐξ
841 474 947 521 ὅτου
990 479 1081 520 τῶν
1125 474 1382 534 Ῥωμαϊκῶν
1427 476 1564 535 ὁρίων

0 603 2 606 y
62 545 237 602 ἐπέβης,
268 538 403 598 αὐτὸς
433 542 642 598 ῧπῖοπτος
670 543 744 589 διὰ
773 543 853 606 τὴν
888 548 970 589 τοῦ
1008 545 1117 602 ἕμοΐ
1155 544 1327 602 πατρὸς
1358 545 1476 603 πρὸς
1514 547 1564 591 σὲ

2 635 5 637 ·
61 613 213 671 φιλίαν
240 610 374 670 δόξας
401 617 466 672 τῷ
511 608 817 670 αὖτοκράτορι.
894 614 1052 659 λαθών
1096 606 1174 658 οὖν
1219 609 1354 668 αὗτὸς
1393 616 1467 660 σοὶ
1499 619 1564 674 τῷ

4 695 9 718 s
26 681 154 740 5ἕμῷ
183 679 382 742 δεσπότῃ
412 682 739 742 προσπέφευγα
779 681 970 740 ἐμαυτόν
1014 700 1061 727 τε
1103 686 1195 727 τῶν
1233 684 1410 740 δεσμῶν
1444 683 1566 727 ἕλευ-

60 747 272 806 θερώσας
300 751 374 794 καὶ
402 751 477 794 σοὶ
505 748 562 793 τὰ
591 751 853 796 συνοίσοντα
894 748 1220 808 ὖποθέμενος.”
1289 749 1313 794 ὁ
1344 751 1393 796 δὲ
1421 753 1565 804 καλῶς

3 871 6 873 Α
59 821 228 862 τοῦτον
252 813 587 875 ἀποδεξάμενος
617 817 912 871 ἐπυνθάνετο,
944 817 972 864 ὅ
994 837 1038 864 τι
1063 821 1134 864 δεῖ
1161 823 1324 879 ποιεῖν,
1353 821 1422 879 ἐφ’
1453 811 1490 879 ᾦ
1510 819 1566 864 τὰ

0 941 2 943 ¹
59 887 170 932 κατὰ
199 887 374 933 σκοπὸν
403 891 652 948 πληρῶσαι.
710 890 783 934 καὶ
812 887 863 943 ὃς
906 887 1046 946 (ιὸρᾶς
1080 890 1206 933 τουτὶ
1241 887 1293 933 τὸ
1335 890 1565 944 πολίχνιον

60 957 133 1001 καὶ
162 955 243 1018 τὴν
273 952 449 1014 εὗρεῖαν
478 955 639 1017 ταύτην
658 956 849 1003 πεδιάδα
872 954 1145 1014 α’ποχρῶσαν
1172 956 1289 1014 πρὸς
1310 956 1447 1014 νομὰς
1475 961 1611 1002 τῶνΙ)

0 1027 48 1068 ³10
59 1026 221 1070 ἵππων
249 1026 320 1085 ἐφ’
350 1024 547 1085 ἡμέραις,
580 1027 651 1087 ἐφ’
684 1025 809 1081 ὅσαις
827 1025 979 1083 βούλει
1013 1028 1310 1072 διαναπαῦσαι
1331 1023 1494 1072 σαυτόν
1515 1044 1564 1071 τε

60 1095 133 1138 καὶ
163 1094 215 1139 τὸ
244 1093 326 1140 σὸν
355 1093 632 1152 captivatam,-
677 1094 763 1155 χρή
805 1088 883 1140 οὖν
920 1094 980 1156 μὴ
1021 1096 1269 1154 περαιτέρω
1306 1097 1418 1148 τέως
1450 1093 1566 1154 ἡμᾶς

61 1165 333 1220 προβαίνειν,
364 1159 456 1208 ἄλλ’
488 1164 684 1209 ἐνταῦθα
706 1167 1097 1223 προσκαρτερῆσαι
1124 1163 1295 1222 μικρὸν,
1325 1164 1395 1223 ἐφ’
1429 1155 1465 1223 ᾦ
1493 1165 1566 1208 καὶ

61 1232 112 1277 σὲ
142 1228 479 1292 ἀνακτήσασθαι
518 1231 571 1277 τὸ
610 1233 842 1288 πολίχνιον
877 1237 1017 1278 τοῦτο
1046 1230 1320 1288 κατασχόντα
1358 1233 1431 1277 καὶ
1461 1230 1567 1285 τοὺς

63 1299 303 1358 Κομάνους
333 1299 602 1357 ἐξελθόντας
631 1299 687 1346 τὰ
716 1303 833 1359 πρὸς
861 1303 1012 1360 χρείαν
1042 1303 1318 1359 κομίσασθαι
1341 1302 1415 1346 καὶ
1446 1299 1565 1347 οὕτω

0 1371 48 1412 15
59 1373 139 1429 τῆς
167 1368 284 1426 πρὸς
311 1368 392 1429 τὴν
418 1369 740 1426 βασιλεύουσαν
769 1369 1001 1428 ἅψασθαι.
1051 1372 1125 1415 καὶ
1155 1370 1194 1416 εἰ
1225 1366 1414 1428 ἀρεστὸν
1443 1373 1567 1415 δοκεῖ

61 1454 148 1493 σοι,
179 1436 260 1482 τδν
287 1441 371 1482 τοῦ
402 1439 637 1494 πολιχνίου
667 1436 843 1498 φύλακα
872 1437 1012 1484 πάλαι
1040 1437 1146 1483 ὅλον
1178 1438 1285 1496 ἐμὸν
1318 1433 1424 1483 ὅντα
1454 1436 1564 1484 θεά-

61 1506 200 1562 σομαί
231 1523 280 1550 τε
310 1506 384 1550 καὶ
413 1501 602 1565 ἀμαχητὶ
632 1505 960 1564 παρασκεῑ·άσω
982 1507 1261 1565 παραδοῦναί
1279 1523 1353 1552 σοι
1379 1509 1563 1551 το’ῦτο”.

60 1567 219 1634 ἤρεσεν
245 1571 269 1618 ὁ
298 1572 472 1628 σκοπὰς
502 1573 659 1621 οὑτοσὶ
691 1579 755 1635 τῷ
789 1577 1001 1634 Διογένει.
1075 1573 1148 1620 διὰ
1192 1579 1274 1634 τῆς
1316 1574 1472 1629 νυκτὸς
1517 1577 1565 1620 δὲ

0 1691 1 1694 ¹
60 1641 141 1702 τὴν
174 1640 405 1702 βασιλικὴν
447 1641 677 1701 δεσμήσας
722 1642 895 1704 γραφὴν
926 1642 950 1689 ὁ
980 1639 1257 1697 Ἄλακασεὺς
1286 1645 1458 1701 πέμπει
1492 1644 1565 1688 διὰ

0 1706 50 1756 ³20
60 1711 217 1767 βέλους
245 1708 369 1764 ἐντὸς
397 1714 477 1755 τοῦ
511 1708 728 1769 κάστρου·
768 1708 821 1772 ἣν
860 1710 1140 1770 ὑπαναγνοίς
1170 1710 1194 1757 ὁ
1227 1715 1361 1757 τοῦτο
1393 1709 1564 1772 φυλάσ-

62 1795 155 1823 σων
181 1777 531 1839 παρεσκευάσθη
562 1780 679 1837 πρὸς
708 1779 761 1826 τὸ
792 1783 946 1826 δοῦναι
975 1782 1027 1826 τὸ
1060 1780 1290 1839 εἰρημένον
1317 1782 1560 1836 πολίχνιον.

63 1846 239 1904 πρωΐας
281 1848 330 1892 δὲ
361 1849 386 1892 o‘
412 1849 494 1905 μὲν
534 1844 806 1903 Ἄλακασεὺς
850 1854 1036 1908 πρῶτος
1077 1855 1176 1904 ταῖς
1220 1847 1381 1903 πύλαις
1422 1867 1561 1907 προσ·
1575 1862 1617 1896 P.
1643 1861 1715 1896 279

199 1987 234 2022 3.
257 1983 402 2032 ἀπέβης
427 1986 469 2023 G.
603 1991 638 2023 4.
665 1987 795 2024 λαθὼν
818 1990 864 2035 Α,
895 1988 1022 2034 λαβὼν
1044 1989 1085 2025 Ρ.
1225 1989 1259 2024 7.
1285 1983 1567 2035 ἀποδεξάμενος

200 2035 281 2075 FA.
307 2033 584 2084 ὑποδεξάμενος
598 2036 639 2072 P.
741 2039 798 2073 10.
820 2038 884 2086 ἐφ’
911 2038 954 2083 F,
980 2050 1052 2074 om.
1069 2038 1110 2074 P.
1209 2039 1267 2073 22.
1295 2034 1497 2076 ἀλεκασεὺς
1517 2039 1563 2072 A.

63 2174 176 2199 causa
218 2164 464 2200 contumelias
504 2168 543 2200 et
590 2166 741 2202 vincula
781 2167 865 2212 tuli,
912 2170 980 2202 tua
1023 2179 1135 2204 causa
1179 2178 1248 2212 per
1287 2165 1428 2202 multos
1474 2165 1566 2209 dies,

63 2215 264 2258 postquam
281 2212 539 2249 Romanorum
566 2213 661 2250 fines
689 2216 879 2262 ingressus
903 2227 952 2258 es,
976 2228 1125 2252 carcere
1145 2215 1315 2260 tenebar,
1343 2214 1567 2260 imperatori

64 2264 258 2306 suspectus
282 2262 332 2297 ob
358 2263 477 2308 patris
502 2264 576 2298 mei
601 2275 692 2310 erga
715 2267 754 2300 te
780 2265 997 2301 amicitiam.
1046 2265 1143 2300 clam
1179 2264 1300 2311 igitur
1341 2263 1386 2299 ad
1415 2267 1466 2307 te,
1501 2263 1567 2298 do-

64 2310 209 2344 minum
237 2322 371 2354 meum,
396 2310 553 2357 confugi
590 2312 749 2348 vinculis
787 2325 871 2349 mea
895 2314 1015 2360 ipsius
1053 2325 1169 2360 opera
1193 2313 1387 2357 liberatus,
1418 2315 1462 2347 ut
1493 2311 1566 2346 tibi

64 2358 245 2393 salutaria
277 2359 433 2396 consilia
467 2360 785 2406 suppeditarem⁷’.
847 2365 961 2409 atque
1002 2362 1064 2398 hic
1101 2362 1252 2409 quidem
1293 2361 1566 2397 benevolentis-

65 2407 157 2442 sime
189 2419 275 2442 eum
309 2408 498 2454 excipiens
532 2411 729 2456 quaesivit,
770 2411 958 2456 quomodo
994 2422 1089 2457 quae
1121 2411 1193 2446 sibi
1227 2410 1485 2456 proposuisset
1511 2420 1566 2444 as—

66 2455 253 2502 sequenda
277 2460 443 2502 putaret.
493 2462 575 2496 tum
599 2458 663 2494 ille
689 2459 850 2495 “Vides''
892 2461 947 2495 ait
974 2461 1121 2496 “arcem
1144 2459 1241 2496 hanc
1267 2463 1304 2495 et
1327 2459 1443 2493 latam
1471 2457 1566 2493 hanc

65 2504 264 2550 planitiem
288 2506 535 2551 praebentem
562 2506 705 2542 affatim
733 2508 863 2554 pabuli
889 2508 1006 2554 equis,
1032 2511 1222 2555 quotquot
1246 2507 1327 2543 dies
1350 2506 1410 2542 vel
1439 2509 1478 2541 te
1501 2506 1561 2541 vel

66 2553 273 2589 exercitum
299 2557 409 2589 tuum
435 2555 556 2600 quieti
581 2555 740 2591 daturus
766 2568 815 2592 es.
866 2568 935 2592 nec
967 2557 1068 2592 ultra
1100 2557 1208 2592 nobis
1245 2555 1566 2602 progrediendum

65 2603 134 2642 est,
174 2601 238 2637 sed
277 2602 551 2650 aliquantisper
584 2605 639 2639 ibi
675 2605 998 2649 commorandum,
1033 2610 1077 2641 ut
1110 2610 1148 2641 et
1173 2616 1296 2640 arcem
1332 2604 1493 2649 recipias
1528 2606 1567 2638 et

66 2649 221 2686 Comani
247 2651 385 2698 egressi
410 2663 505 2697 quae
533 2652 580 2687 ad
605 2654 747 2689 victum
786 2655 994 2690 necessaria
1017 2658 1105 2689 sunt
1131 2656 1357 2700 apportent3
1403 2657 1485 2687 tum
1510 2663 1568 2686 re-

65 2698 126 2744 gia
154 2699 244 2734 urbs
269 2699 432 2745 petenda
462 2703 530 2736 est.
568 2702 702 2747 quodsi
727 2702 839 2748 voles,
866 2703 962 2739 arcis
987 2702 1181 2738 custodem
1220 2701 1330 2747 plane
1356 2701 1451 2736 mihi
1476 2700 1567 2735 olim

66 2746 262 2783 addictum
286 2749 404 2783 visam
431 2752 545 2795 atque
570 2749 743 2795 efficiam,
772 2755 815 2786 ut
840 2752 920 2787 sine
946 2763 1074 2797 pugna
1096 2762 1177 2786 eam
1203 2750 1277 2786 tibi
1294 2749 1457 2786 tradat.”
1489 2748 1567 2794 pla-

66 2795 146 2831 cuit
170 2795 369 2832 consilium
394 2797 568 2844 Diogeni.
633 2811 750 2845 quare
775 2799 973 2835 Alacaseus
1003 2800 1245 2845 imperatoris
1278 2798 1477 2844 epistulam
1513 2808 1567 2831 sa-

66 2844 188 2889 gittae
226 2844 409 2891 illigatam
449 2850 560 2882 nocte
584 2848 623 2882 in
652 2859 777 2884 arcem
803 2849 945 2894 mittit3
989 2860 1063 2894 qua
1102 2847 1199 2883 lecta
1238 2847 1318 2882 eius
1355 2845 1567 2892 praefectus

67 2892 116 2927 ad
141 2892 353 2928 dedendum
387 2898 552 2930 castrum
594 2900 749 2941 paratus
774 2901 869 2933 erat.
932 2901 1084 2942 postero
1119 2907 1228 2931 mane
1261 2896 1460 2931 Alacaseus
1490 2893 1569 2939 pri-

67 2952 170 2976 mum
199 2942 247 2977 ad
272 2946 402 2988 portas
427 2944 573 2980 accedit
596 2956 709 2991 seque
733 2957 819 2981 cum
844 2945 1025 2991 praesidii
1050 2944 1243 2991 praefecto
1266 2944 1430 2990 colloqui
1456 2943 1567 2977 simu-
