1812 3184
491 244 759 281 ALEXIADIS
789 241 884 279 LIB.
914 242 981 279 XI.
1013 238 1051 279 2.
1473 234 1525 276 77

23 358 235 418 τοῦμενοι
259 359 384 420 παρὰ
415 364 497 407 τοῦ
518 361 829 417 Βουτουμίτου
861 360 907 406 ἐν
934 355 1083 419 ταῦτῷ
1114 360 1189 404 καὶ
1203 361 1312 416 περὶ
1328 363 1419 403 τῶν
1447 364 1527 416 βα-

23 431 206 475 σιλικῶν
234 427 524 486 ὑποσχέσεων
553 429 671 486 πρὸς
697 424 861 483 αὖτοὺς
889 429 1338 485 διαπεμπομένουζές
1367 434 1527 474 τοσοῦ-

22 516 102 543 τον
144 496 458 558 συνηλάθησαν
499 496 541 543 οἶ
594 496 826 556 βάρβαροι,
879 496 941 551 ὡς
983 499 1096 556 μηδὲ
1140 501 1232 542 τῶν
1272 499 1527 556 κρηδέμνων

24 569 212 622 Νικαίας
239 571 477 627 προκῦψαι
504 572 718 625 θαρρεῖν·
748 566 844 624 ἅμα
873 567 922 612 δὲ
951 567 1025 611 καὶ
1052 564 1137 625 τήν
1162 570 1243 611 τοῦ
1280 565 1525 611 σουλτάνου

0 634 333 695 ἱᾶπεγνωκότες
377 636 551 683 ἔλευσιν
592 637 769 693 βέλτιον
825 636 1081 694 ἕλογίσαντο
1126 638 1190 695 τῷ
1235 631 1525 694 αὐτοκράτορι

23 707 300 763 παραδοῦναι
314 703 395 766 τὴν
408 703 543 751 πόλιν
571 706 645 750 καὶ
672 704 738 759 εἷς
769 702 945 761 ὁμιλίαν
974 706 1082 762 περὶ
1111 702 1273 749 τούτου
1303 704 1417 762 μετὰ
1445 709 1570 750 τοῖἸ)

20 774 334 832 Ἐουτουμίτου
364 774 530 820 ἐλθεῖν.
590 771 615 818 ὁ
646 774 696 818 δὲ
722 771 779 817 τὰ
805 771 956 818 εἶκότα
994 772 1333 834 προσομιλήσας
1372 769 1526 828 αἰτοῖς

22 839 309 888 ὑποδείκνυσι
329 841 411 888 τὸν
438 840 769 900 χρυσόβουλλον
788 839 933 900 λόγον,
965 840 1104 900 ὅνπερ
1126 840 1151 887 ὁ
1170 842 1379 899 βασιλεῦς
1405 839 1525 902 αὐτῷ

22 911 391 970 προενεχείρισεν.
445 907 774 968 ἀκροασάμενοι
803 911 952 956 τοίνυν
982 915 1062 956 τοῦ
1093 909 1437 969 χρυσοβοὺλλου,
1470 914 1527 957 δι’

0 971 76 1027 ιοῦ
102 979 360 1037 ὑπισχνεῖτο
392 978 418 1026 ὁ
446 978 661 1037 βασιλεῦς
681 997 733 1024 ου
762 977 901 1037 μόνον
931 976 1174 1034 απάθειαν,
1207 976 1319 1026 ἀλλὰ
1347 982 1421 1026 καὶ
1451 983 1528 1026 δα-

22 1051 136 1111 ψιλῆ
169 1048 297 1096 δόσιν
325 1047 564 1108 χρημάτων
591 1067 640 1094 τε
670 1050 743 1094 καὶ
784 1044 1051 1106 αξιωμάτων
1079 1053 1134 1112 τῇ
1164 1068 1211 1096 τε
1250 1046 1422 1112 αδελφῇ
1454 1052 1529 1095 καὶ

20 1121 76 1180 τῇ
104 1119 275 1177 γυναικὶ
312 1136 394 1164 του
423 1116 683 1171 σουλτάνου,
726 1116 824 1176 ἥτις
860 1117 1110 1177 θυγάτριον
1148 1111 1211 1178 ἦν,
1245 1138 1308 1173 ως
1339 1120 1525 1179 ἐλέγετο,

21 1191 102 1232 τοῦ
137 1190 300 1245 Τζαχᾶ,
329 1189 404 1233 καὶ
433 1191 573 1233 πᾶσιν
600 1186 763 1241 ἁπλῶς
791 1191 890 1241 τοῖς
920 1188 966 1232 ἐν
985 1189 1150 1249 Νικαίᾳ
1178 1187 1432 1246 βαρβάροις,
1455 1207 1530 1235 και

22 1260 122 1310 ταῖς
152 1255 424 1313 ὑποσχέσεσι
451 1260 534 1302 τοῦ
573 1251 904 1313 αυτοκρὰτορος
947 1255 1279 1315 τεθαρρηκότες
1308 1259 1531 1304 ἐνεδίδουν

0 1324 105 1385 ἱτὴν
133 1324 377 1371 εἶσέλευσιν
406 1329 472 1385 τῷ
501 1326 798 1385 Βουτουμίτῃ.
854 1323 879 1370 o‘
909 1326 959 1370 δὲ
990 1331 1260 1386 παραχρῆμα
1288 1326 1363 1372 διὰ
1395 1346 1527 1386 γραμ-

23 1392 178 1452 μάτων
207 1392 365 1454 ἐδήλου
394 1398 459 1454 τῷ
495 1395 688 1454 Τατικίῳ
720 1392 782 1448 ὥς
832 1393 947 1455 ((τὴν
988 1389 1125 1453 ἄγραν
1169 1396 1216 1441 έν
1256 1397 1407 1454 χερσὶν
1447 1391 1529 1454 ἤδη
1540 1400 1580 1436 P·
1608 1400 1681 1435 314

25 1461 209 1521 ἔχομεν·
252 1464 327 1509 καὶ
370 1461 454 1522 χρὴ
498 1462 618 1521 πρὸς
660 1464 944 1520 τειχομαχίαν
983 1462 1331 1522 ἑτοιμάσασθαι,
1392 1460 1528 1510 ταῦτό

22 1532 74 1576 δὲ
103 1534 238 1577 τοῦτο
269 1533 343 1577 καὶ
373 1536 472 1586 τοῖς
499 1533 694 1586 Κελτοῖς
734 1530 1072 1589 παρασκευάσαι
1110 1535 1184 1578 καὶ
1215 1534 1353 1592 μηδὲν
1390 1534 1531 1578 πλέον

22 1594 179 1654 αὖτοῖς
205 1600 531 1660 τεθαρρηκέναι
571 1598 600 1662 ἢ
637 1600 718 1662 τὴν
753 1602 996 1660 κυκλοτερῆ
1037 1603 1322 1659 τειχομαχίαν
1364 1603 1437 1647 καὶ
1467 1599 1530 1655 ὦς

0 1680 13 1715 )
21 1666 105 1730 χρὴ
135 1670 383 1726 περιζώσαι
411 1667 468 1714 τὰ
486 1670 607 1728 τείχη
634 1670 708 1714 καὶ
736 1672 820 1728 τῆς
837 1670 1103 1728 πολιορκίας
1122 1666 1381 1727 ἀνίσχοντος
1399 1669 1529 1730 ἡλίου

23 1736 410 1795 ἀποπειρᾶσθαι”.
462 1735 515 1783 τὸ
548 1738 597 1783 δὲ
641 1732 728 1795 ἷίρα
754 1736 925 1797 μηχανή
971 1756 1040 1792 τις
1073 1731 1138 1800 ἦν,
1182 1741 1256 1783 ἵνα
1295 1737 1402 1798 δόξῃ
1432 1743 1531 1792 τοῖς

28 1806 223 1859 Κελτοῖς
250 1806 437 1865 πολέμῳ
469 1808 649 1865 ταυτηνὶ
684 1805 766 1866 τὴν
793 1804 929 1852 πόλιν
958 1805 1121 1852 ἁλῶναι
1154 1806 1278 1865 παρὰ
1302 1811 1384 1853 τοῦ
1414 1812 1531 1852 Βου-

22 1873 239 1931 τουμίτου
267 1874 343 1919 καὶ
375 1871 498 1935 λάθῃ
537 1872 591 1920 τὸ
630 1876 880 1934 μελετηθέν
919 1874 1043 1933 παρὰ
1078 1879 1160 1920 τοῦ
1200 1872 1531 1933 αὐτοκράτορος

159 1977 195 2013 8.
215 1973 496 2033 χρυσόβουλλον
520 1979 565 2018 F,
585 1975 845 2034 χρυσόβουλον
870 1978 911 2015 P.
1095 1980 1131 2015 8.
1158 1990 1273 2025 ουπερ
1298 1978 1340 2035 Ρ,
1366 1980 1528 2016 correxi.

159 2026 194 2062 9.
215 2023 496 2082 χρυσοβούλλου
521 2027 564 2069 F,
588 2024 845 2084 χρυσοβοὺλου
869 2027 910 2063 Ρ.
1110 2029 1165 2064 11.
1188 2040 1396 2083 χρημαιων
1419 2028 1458 2064 τὲ
1483 2028 1528 2075 F,

159 2074 199 2110 τὲ
220 2087 430 2124 χρηματων
452 2075 494 2111 Ρ.
652 2077 709 2114 18.
733 2074 818 2116 τοὺς
843 2074 1003 2116 Κελτοὺς
1025 2081 1151 2112 ποιεῖν
1174 2065 1482 2124 παρασκευασωῖ

24 2175 234 2222 Butumite,
255 2177 324 2223 qui
348 2177 462 2213 simul
486 2177 641 2213 nuntios
666 2176 714 2213 ad
740 2188 803 2213 eos
828 2177 945 2220 misit,
969 2180 1013 2213 ut
1028 2178 1220 2224 regiarum
1237 2178 1531 2224 promissionum

24 2236 87 2261 eos
108 2225 455 2271 commonefaceret,
478 2227 534 2262 ita
560 2226 775 2273 perturbati
800 2230 900 2270 sunt,
914 2229 959 2262 ut
974 2238 1023 2262 ne
1039 2227 1204 2262 eminere
1229 2227 1382 2273 quidem
1405 2227 1453 2263 de
1464 2226 1530 2263 Ni-

23 2284 135 2310 caeae
159 2275 455 2321 propugnaculis
479 2275 663 2311 auderent
690 2275 1008 2321 desperantesque
1028 2275 1169 2312 sultani
1186 2276 1369 2312 auxilium
1395 2276 1531 2311 urbem

15 2322 247 2370 ⁴imperatori
263 2323 417 2360 tradere
441 2336 560 2371 eaque
580 2324 628 2360 de
649 2336 692 2359 re
715 2336 799 2360 cum
819 2324 1014 2360 Butumite
1039 2336 1150 2371 agere
1174 2325 1307 2360 melius
1336 2325 1530 2361 ducerent.

25 2370 90 2408 hie
119 2383 216 2418 quae
246 2376 497 2409 consentanea
528 2376 638 2410 erant
669 2373 799 2410 dicens
830 2373 978 2408 litterae
1009 2385 1125 2409 aurea
1155 2373 1259 2409 bulla
1291 2374 1458 2420 insignes
1481 2373 1531 2409 ab

25 2420 255 2466 imperatore
278 2425 368 2458 ante
393 2422 465 2458 sibi
491 2422 654 2458 traditas
677 2422 864 2467 ostendit3
885 2421 1023 2468 quibus
1047 2422 1199 2465 auditis,
1212 2422 1314 2468 quod
1326 2434 1402 2458 non
1418 2421 1531 2458 modo

25 2469 307 2527 impunitatem
330 2482 463 2507 verum
488 2471 604 2507 etiam
628 2471 772 2517 amplas
797 2471 1042 2517 pecuniarum
1075 2471 1335 2516 honorumque
1358 2471 1530 2517 largitio-

25 2529 93 2554 nes
115 2521 155 2554 et
180 2519 302 2554 sorori
326 2523 366 2555 et
392 2520 504 2556 uxori
529 2520 681 2562 sultani,
707 2531 821 2566 quam
847 2519 1017 2556 Tzachae
1040 2518 1157 2555 filiam
1196 2519 1385 2564 dicebant,
1410 2519 1530 2556 omni-

1 2603 3 2606 Α
25 2566 171 2613 busque
198 2566 357 2604 Nicaeae
381 2568 557 2604 barbaris
571 2569 837 2615 pollicebatur,
862 2568 920 2603 illi
944 2569 1185 2614 imperatoris
1215 2548 1529 2614 promissionibus

0 2641 2 2644 ψ
26 2615 144 2652 erecti
169 2615 310 2652 urbis·
299 2628 510 2663 ingressum
522 2617 712 2653 Buta-miti
738 2618 980 2664 permittunt,
1004 2617 1071 2663 qui
1088 2617 1233 2653 Taticio
1258 2617 1299 2653 id
1328 2617 1527 2653 confestim

0 2662 88 2705 (this
114 2663 256 2700 litteris
281 2664 442 2702 indicat:
468 2666 567 2702 “iam
591 2666 769 2712 praedam
796 2667 836 2702 in
861 2666 1035 2701 manibus
1060 2666 1260 2702 habemus.
1292 2666 1400 2702 vobis
1426 2677 1527 2701 nunc

26 2723 225 2749 murorum
249 2715 441 2769 aggressio
468 2715 638 2761 paranda
659 2718 730 2751 est.
778 2714 838 2751 fac
862 2718 905 2750 ut
924 2715 1039 2750 etiam
1052 2714 1152 2750 Galli
1173 2714 1245 2750 hoc
1266 2714 1409 2751 faciant
1433 2726 1526 2750 neve

0 2757 10 2816 ’ξ
15 2760 121 2808 quid
132 2760 261 2797 aliud
250 2762 299 2798 iis
320 2764 537 2799 committas
557 2764 631 2800 nisi
644 2767 689 2799 ut
712 2764 845 2800 urbem
858 2763 998 2809 ubique
1022 2762 1295 2810 aggrediantur
1315 2768 1356 2799 et
1378 2763 1527 2799 moenia

0 2801 303 2854 {circumdantes
319 2813 638 2859 expugnationem
650 2812 798 2849 oriente
819 2812 896 2848 sole
917 2813 1175 2858 experiantur.
1177 2812 1199 2830 ”
1235 2812 1389 2848 suberat
1400 2815 1527 2847 autem

0 2867 11 2900 ,·
0 2855 91 2895 hie
113 2857 233 2904 dolus,
246 2862 292 2894 ut
307 2859 407 2896 Galli
430 2861 565 2897 urbem
589 2873 612 2897 a
627 2860 824 2897 Butumite
846 2860 946 2896 bello
970 2863 1121 2906 captam
1139 2863 1319 2907 putarent
1342 2861 1527 2906 proditio-

0 2907 13 2950 ὲ,
16 2907 161 2954 timue
173 2908 284 2954 actio,
292 2920 405 2955 quam
417 2910 625 2957 imperator
640 2909 846 2947 meditatus
859 2910 974 2955 erat,'
963 2921 1005 2945 ιιι
1017 2909 1165 2946 occulto
1178 2914 1284 2946 esset.
1309 2909 1527 2946 decreverat

0 3099 18 3180 51³9(
0 3068 10 3095 *a*
0 3021 15 3062 vt}
0 3003 14 3016 „2
0 2984 7 2995 τ
