<?xml version="1.0" encoding="UTF-8"?>
<!DOCTYPE html PUBLIC "-//W3C//DTD XHTML 1.0 Transitional//EN"
    "http://www.w3.org/TR/xhtml1/DTD/xhtml1-transitional.dtd">
<html xmlns="http://www.w3.org/1999/xhtml" xml:lang="en" lang="en">
 <head>
  <title>
</title>
<meta http-equiv="Content-Type" content="text/html;charset=utf-8" />
  <meta name='ocr-system' content='tesseract 3.04.00' />
  <meta name='ocr-capabilities' content='ocr_page ocr_carea ocr_par ocr_line ocrx_word'/>
</head>
<body>
  <div class='ocr_page' id='page_1' title='image "./corpusscriptorum03niebuoft/corpusscriptorum03niebuoft_0038.png"; bbox 0 0 1768 3152; ppageno 0'>
   <div class='ocr_carea' id='block_1_1' title="bbox 240 251 1212 290">
    <p class='ocr_par' dir='ltr' id='par_1_1' title="bbox 240 251 1212 290">
     <span class='ocr_line' id='line_1_1' title="bbox 240 251 1212 290; baseline -0.001 0"><span class='ocrx_word' id='word_1_1' title='bbox 240 251 294 290; x_wconf 87' lang='lat'><em>20</em></span> <span class='ocrx_word' id='word_1_2' title='bbox 750 255 915 289; x_wconf 82' lang='lat' dir='ltr'>ANNAE</span> <span class='ocrx_word' id='word_1_3' title='bbox 944 256 1212 290; x_wconf 82' lang='lat' dir='ltr'>COMNENAE</span> 
     </span>
    </p>
   </div>
   <div class='ocr_carea' id='block_1_2' title="bbox 86 370 1768 1874">
    <p class='ocr_par' dir='ltr' id='par_1_2' title="bbox 86 370 1768 1874">
     <span class='ocr_line' id='line_1_2' title="bbox 240 370 1741 434; baseline -0.001 -18"><span class='ocrx_word' id='word_1_4' title='bbox 240 370 438 426; x_wconf 80' lang='grc' dir='ltr'><strong><em>πελάσας</em></strong></span> <span class='ocrx_word' id='word_1_5' title='bbox 469 370 639 430; x_wconf 77' lang='grc' dir='ltr'><em>ὁμιλεῖν</em></span> <span class='ocrx_word' id='word_1_6' title='bbox 671 370 939 430; x_wconf 73' lang='grc' dir='ltr'><em>ὑπεκρίνατο</em></span> <span class='ocrx_word' id='word_1_7' title='bbox 977 377 1047 433; x_wconf 13' lang='grc' dir='ltr'><em>τιιῦῖ</em></span> <span class='ocrx_word' id='word_1_8' title='bbox 1072 371 1248 434; x_wconf 73' lang='grc' dir='ltr'><em>φύλακι,</em></span> <span class='ocrx_word' id='word_1_9' title='bbox 1290 371 1514 431; x_wconf 84' lang='grc' dir='ltr'><em>πρότερον</em></span> <span class='ocrx_word' id='word_1_10' title='bbox 1555 375 1741 431; x_wconf 88' lang='grc' dir='ltr'><em>σημεῖον</em></span> 
     </span>
     <span class='ocr_line' id='line_1_3' title="bbox 241 436 1741 501; baseline -0.001 -16"><span class='ocrx_word' id='word_1_11' title='bbox 241 439 345 494; x_wconf 66' lang='grc' dir='ltr'><em>δοὺς</em></span> <span class='ocrx_word' id='word_1_12' title='bbox 373 445 437 500; x_wconf 70' lang='grc' dir='ltr'><em>τῷ</em></span> <span class='ocrx_word' id='word_1_13' title='bbox 468 443 676 500; x_wconf 77' lang='grc' dir='ltr'><em>Διογένει,</em></span> <span class='ocrx_word' id='word_1_14' title='bbox 722 444 790 495; x_wconf 83' lang='grc' dir='ltr'><em>ἵν’,</em></span> <span class='ocrx_word' id='word_1_15' title='bbox 839 441 1030 501; x_wconf 77' lang='grc' dir='ltr'><em>ὁπηνίκα</em></span> <span class='ocrx_word' id='word_1_16' title='bbox 1060 446 1199 487; x_wconf 83' lang='grc' dir='ltr'><em>τοῦτο</em></span> <span class='ocrx_word' id='word_1_17' title='bbox 1234 439 1464 496; x_wconf 84' lang='grc' dir='ltr'><em>θεάσοιτο,</em></span> <span class='ocrx_word' id='word_1_18' title='bbox 1501 436 1613 486; x_wconf 71' lang='grc' dir='ltr'><em>εἰθῦ</em></span> <span class='ocrx_word' id='word_1_19' title='bbox 1660 443 1741 484; x_wconf 75' lang='grc' dir='ltr'><em>τοῦ</em></span> 
     </span>
     <span class='ocr_line' id='line_1_4' title="bbox 239 508 1741 572; baseline -0.001 -18"><span class='ocrx_word' id='word_1_20' title='bbox 239 508 435 567; x_wconf 79' lang='grc' dir='ltr'><em>κάστρου</em></span> <span class='ocrx_word' id='word_1_21' title='bbox 487 508 740 572; x_wconf 77' lang='grc' dir='ltr'><em>χωρήσειεν.</em></span> <span class='ocrx_word' id='word_1_22' title='bbox 811 512 879 570; x_wconf 75' lang='grc' dir='ltr'><em>ἐφ’</em></span> <span class='ocrx_word' id='word_1_23' title='bbox 930 509 1079 556; x_wconf 74' lang='grc' dir='ltr'><em>ἱκανὸν</em></span> <span class='ocrx_word' id='word_1_24' title='bbox 1124 511 1172 556; x_wconf 80' lang='grc' dir='ltr'><em>δὲ</em></span> <span class='ocrx_word' id='word_1_25' title='bbox 1215 510 1612 567; x_wconf 78' lang='grc' dir='ltr'><em>προσποιουμένου</em></span> <span class='ocrx_word' id='word_1_26' title='bbox 1659 508 1741 567; x_wconf 70' lang='grc' dir='ltr'><em>τήν</em></span> 
     </span>
     <span class='ocr_line' id='line_1_5' title="bbox 239 575 1741 638; baseline -0.001 -16"><span class='ocrx_word' id='word_1_27' title='bbox 239 576 352 634; x_wconf 74' lang='grc' dir='ltr'><em>μετὰ</em></span> <span class='ocrx_word' id='word_1_28' title='bbox 383 582 462 623; x_wconf 81' lang='grc' dir='ltr'><em>τοῦ</em></span> <span class='ocrx_word' id='word_1_29' title='bbox 494 577 695 638; x_wconf 81' lang='grc' dir='ltr'><em>φύλακος</em></span> <span class='ocrx_word' id='word_1_30' title='bbox 740 577 914 636; x_wconf 73' lang='grc' dir='ltr'><em>ὁμιλίαν</em></span> <span class='ocrx_word' id='word_1_31' title='bbox 944 581 1017 624; x_wconf 81' lang='grc' dir='ltr'><em>καὶ</em></span> <span class='ocrx_word' id='word_1_32' title='bbox 1060 577 1175 636; x_wconf 78' lang='grc' dir='ltr'><em>ὅπερ</em></span> <span class='ocrx_word' id='word_1_33' title='bbox 1222 576 1408 638; x_wconf 79' lang='grc' dir='ltr'><em>φθάσας</em></span> <span class='ocrx_word' id='word_1_34' title='bbox 1451 575 1637 623; x_wconf 80' lang='grc' dir='ltr'><em>δεδώκει</em></span> <span class='ocrx_word' id='word_1_35' title='bbox 1677 580 1741 635; x_wconf 75' lang='grc' dir='ltr'><em>τῷ</em></span> 
     </span>
     <span class='ocr_line' id='line_1_6' title="bbox 240 645 1768 706; baseline 0 -16"><span class='ocrx_word' id='word_1_36' title='bbox 240 645 522 705; x_wconf 73' lang='grc' dir='ltr'><em>ψευδωνύμῳ</em></span> <span class='ocrx_word' id='word_1_37' title='bbox 563 645 834 705; x_wconf 79' lang='grc' dir='ltr'><em>ποιήσαντος</em></span> <span class='ocrx_word' id='word_1_38' title='bbox 872 653 1068 706; x_wconf 86' lang='grc' dir='ltr'><em>σημεῖον,</em></span> <span class='ocrx_word' id='word_1_39' title='bbox 1116 646 1272 701; x_wconf 77' lang='grc' dir='ltr'><em>καθώς</em></span> <span class='ocrx_word' id='word_1_40' title='bbox 1313 645 1336 692; x_wconf 88' lang='grc' dir='ltr'>ὁ</span> <span class='ocrx_word' id='word_1_41' title='bbox 1370 647 1578 706; x_wconf 79' lang='grc' dir='ltr'><em>Διογένης</em></span> <span class='ocrx_word' id='word_1_42' title='bbox 1621 646 1768 690; x_wconf 72' lang='grc' dir='ltr'><em>τοῦτ’ἕ</em></span> 
     </span>
     <span class='ocr_line' id='line_1_7' title="bbox 241 712 1737 774; baseline -0.001 -14"><span class='ocrx_word' id='word_1_43' title='bbox 241 714 476 769; x_wconf 67' lang='grc' dir='ltr'><em>ἐθεάσατο,</em></span> <span class='ocrx_word' id='word_1_44' title='bbox 510 715 631 770; x_wconf 79' lang='grc' dir='ltr'><em>τινὰς</em></span> <span class='ocrx_word' id='word_1_45' title='bbox 651 713 980 774; x_wconf 78' lang='grc' dir='ltr'><em>ἅναλαβόμενος</em></span> <span class='ocrx_word' id='word_1_46' title='bbox 1010 715 1284 774; x_wconf 79' lang='grc' dir='ltr'><em>στρατιώτας</em></span> <span class='ocrx_word' id='word_1_47' title='bbox 1315 712 1368 761; x_wconf 75' lang='grc' dir='ltr'><em>οὗ</em></span> <span class='ocrx_word' id='word_1_48' title='bbox 1395 713 1512 760; x_wconf 82' lang='grc' dir='ltr'><em>πάνυ</em></span> <span class='ocrx_word' id='word_1_49' title='bbox 1529 713 1737 767; x_wconf 66' lang='grc' dir='ltr'><em>πολλοὺς,</em></span> 
     </span>
     <span class='ocr_line' id='line_1_8' title="bbox 239 782 1741 843; baseline -0.001 -15"><span class='ocrx_word' id='word_1_50' title='bbox 239 785 506 840; x_wconf 72' lang='grc' dir='ltr'><em>θαρσαλέως</em></span> <span class='ocrx_word' id='word_1_51' title='bbox 536 782 706 831; x_wconf 78' lang='grc' dir='ltr'><em>εἴσεισι.</em></span> <span class='ocrx_word' id='word_1_52' title='bbox 756 790 1010 843; x_wconf 80' lang='grc' dir='ltr'><em>περιχαριῦς</em></span> <span class='ocrx_word' id='word_1_53' title='bbox 1039 787 1088 831; x_wconf 80' lang='grc' dir='ltr'><em>δὲ</em></span> <span class='ocrx_word' id='word_1_54' title='bbox 1118 789 1208 830; x_wconf 79' lang='grc' dir='ltr'><em>τῶν</em></span> <span class='ocrx_word' id='word_1_55' title='bbox 1239 782 1363 839; x_wconf 77' lang='grc' dir='ltr'><em>ἐντὸς</em></span> <span class='ocrx_word' id='word_1_56' title='bbox 1397 783 1741 840; x_wconf 73' lang='grc' dir='ltr'><em>ὑποδεξαμένων</em></span> 
     </span>
     <span class='ocr_line' id='line_1_9' title="bbox 240 848 1741 915; baseline -0.001 -19"><span class='ocrx_word' id='word_1_57' title='bbox 240 848 374 897; x_wconf 70' lang='grc' dir='ltr'><em>αὖτὸν</em></span> <span class='ocrx_word' id='word_1_58' title='bbox 403 855 475 897; x_wconf 79' lang='grc' dir='ltr'><em>καὶ</em></span> <span class='ocrx_word' id='word_1_59' title='bbox 505 858 586 898; x_wconf 77' lang='grc' dir='ltr'><em>τοῦ</em></span> <span class='ocrx_word' id='word_1_60' title='bbox 620 858 927 914; x_wconf 67' lang='grc' dir='ltr'><em>φρουροῦντος</em></span> <span class='ocrx_word' id='word_1_61' title='bbox 958 853 1038 915; x_wconf 79' lang='grc' dir='ltr'><em>τὴν</em></span> <span class='ocrx_word' id='word_1_62' title='bbox 1068 853 1275 911; x_wconf 77' lang='grc' dir='ltr'><em>Πούτζαν</em></span> <span class='ocrx_word' id='word_1_63' title='bbox 1312 854 1390 898; x_wconf 70' lang='grc' dir='ltr'><em>ἐπὶ</em></span> <span class='ocrx_word' id='word_1_64' title='bbox 1425 851 1477 898; x_wconf 74' lang='grc' dir='ltr'><em>τὸ</em></span> <span class='ocrx_word' id='word_1_65' title='bbox 1507 854 1741 909; x_wconf 83' lang='grc' dir='ltr'><em>βαλανεῖον</em></span> 
     </span>
     <span class='ocr_line' id='line_1_10' title="bbox 241 917 1742 981; baseline -0.001 -15"><span class='ocrx_word' id='word_1_66' title='bbox 241 917 376 966; x_wconf 72' lang='grc' dir='ltr'><em>αὔτόν</em></span> <span class='ocrx_word' id='word_1_67' title='bbox 431 925 795 980; x_wconf 69' lang='grc' dir='ltr'><em>προκαλουμένοτ·</em></span> <span class='ocrx_word' id='word_1_68' title='bbox 850 921 1198 981; x_wconf 75' lang='grc' dir='ltr'><em>συνωθούμενός</em></span> <span class='ocrx_word' id='word_1_69' title='bbox 1251 941 1300 968; x_wconf 84' lang='grc' dir='ltr'><em>τε</em></span> <span class='ocrx_word' id='word_1_70' title='bbox 1353 923 1430 968; x_wconf 74' lang='grc' dir='ltr'><em>ἐπὶ</em></span> <span class='ocrx_word' id='word_1_71' title='bbox 1480 925 1614 967; x_wconf 77' lang='grc' dir='ltr'><em>τοῦτο</em></span> <span class='ocrx_word' id='word_1_72' title='bbox 1668 921 1742 964; x_wconf 80' lang='grc' dir='ltr'><em>καὶ</em></span> 
     </span>
     <span class='ocr_line' id='line_1_11' title="bbox 198 985 1768 1048; baseline -0.001 -14"><span class='ocrx_word' id='word_1_73' title='bbox 198 989 364 1048; x_wconf 84' lang='grc' dir='ltr'><em>Βπαρά</em></span> <span class='ocrx_word' id='word_1_74' title='bbox 394 995 478 1036; x_wconf 90' lang='grc' dir='ltr'><em>τοῦ</em></span> <span class='ocrx_word' id='word_1_75' title='bbox 516 987 798 1046; x_wconf 74' lang='grc' dir='ltr'><em>Ἀλακασέως</em></span> <span class='ocrx_word' id='word_1_76' title='bbox 838 994 1052 1037; x_wconf 74' lang='grc' dir='ltr'><em>πείθεται</em></span> <span class='ocrx_word' id='word_1_77' title='bbox 1092 989 1270 1045; x_wconf 68' lang='grc' dir='ltr'><em>τούτοις</em></span> <span class='ocrx_word' id='word_1_78' title='bbox 1310 986 1462 1044; x_wconf 75' lang='grc' dir='ltr'><em>εὗθύς.</em></span> <span class='ocrx_word' id='word_1_79' title='bbox 1532 985 1629 1034; x_wconf 83' lang='grc' dir='ltr'><em>εἶτα</em></span> <span class='ocrx_word' id='word_1_80' title='bbox 1668 990 1768 1034; x_wconf 90' lang='grc' dir='ltr'><em>δα-]</em></span> 
     </span>
     <span class='ocr_line' id='line_1_12' title="bbox 86 1055 1742 1120; baseline -0.001 -16"><span class='ocrx_word' id='word_1_81' title='bbox 86 1069 130 1105; x_wconf 87' lang='lat' dir='ltr'><em>V.</em></span> <span class='ocrx_word' id='word_1_82' title='bbox 157 1061 353 1119; x_wconf 77' lang='grc' dir='ltr'><em>221ψιλῆ</em></span> <span class='ocrx_word' id='word_1_83' title='bbox 403 1058 625 1117; x_wconf 83' lang='grc' dir='ltr'><em>τράπεζαν</em></span> <span class='ocrx_word' id='word_1_84' title='bbox 673 1055 792 1120; x_wconf 68' lang='grc' dir='ltr'><em>αὗτῴ</em></span> <span class='ocrx_word' id='word_1_85' title='bbox 843 1079 891 1106; x_wconf 88' lang='grc' dir='ltr'><em>τε</em></span> <span class='ocrx_word' id='word_1_86' title='bbox 941 1062 1014 1105; x_wconf 83' lang='grc' dir='ltr'><em>καὶ</em></span> <span class='ocrx_word' id='word_1_87' title='bbox 1057 1065 1154 1114; x_wconf 81' lang='grc' dir='ltr'><em>τοῖς</em></span> <span class='ocrx_word' id='word_1_88' title='bbox 1197 1062 1292 1117; x_wconf 86' lang='grc' dir='ltr'><em>μετ’</em></span> <span class='ocrx_word' id='word_1_89' title='bbox 1338 1055 1475 1105; x_wconf 68' lang='grc' dir='ltr'><em>αὐτοῦ</em></span> <span class='ocrx_word' id='word_1_90' title='bbox 1515 1056 1742 1116; x_wconf 81' lang='grc' dir='ltr'><em>Κομάνοις</em></span> 
     </span>
     <span class='ocr_line' id='line_1_13' title="bbox 241 1124 1741 1187; baseline -0.001 -15"><span class='ocrx_word' id='word_1_91' title='bbox 241 1130 510 1184; x_wconf 87' lang='grc' dir='ltr'><em>παρέθεντο.</em></span> <span class='ocrx_word' id='word_1_92' title='bbox 572 1127 614 1174; x_wconf 71' lang='grc' dir='ltr'><em>οἱ</em></span> <span class='ocrx_word' id='word_1_93' title='bbox 646 1131 694 1174; x_wconf 75' lang='grc' dir='ltr'><em>δὲ</em></span> <span class='ocrx_word' id='word_1_94' title='bbox 727 1128 890 1183; x_wconf 78' lang='grc' dir='ltr'><em>πάντες</em></span> <span class='ocrx_word' id='word_1_95' title='bbox 921 1128 1036 1187; x_wconf 78' lang='grc' dir='ltr'><em>ὁμοῦ</em></span> <span class='ocrx_word' id='word_1_96' title='bbox 1073 1127 1232 1183; x_wconf 70' lang='grc' dir='ltr'><em>ἱκανῶς</em></span> <span class='ocrx_word' id='word_1_97' title='bbox 1270 1124 1574 1187; x_wconf 65' lang='grc' dir='ltr'><em>εὐωχηθέντες</em></span> <span class='ocrx_word' id='word_1_98' title='bbox 1604 1128 1741 1186; x_wconf 85' lang='grc' dir='ltr'><em>πλησ-</em></span> 
     </span>
     <span class='ocr_line' id='line_1_14' title="bbox 241 1192 1740 1256; baseline -0.002 -14"><span class='ocrx_word' id='word_1_99' title='bbox 241 1199 399 1251; x_wconf 84' lang='grc' dir='ltr'><em>θέντες</em></span> <span class='ocrx_word' id='word_1_100' title='bbox 448 1216 496 1242; x_wconf 87' lang='grc' dir='ltr'><em>τε</em></span> <span class='ocrx_word' id='word_1_101' title='bbox 546 1195 680 1252; x_wconf 74' lang='grc' dir='ltr'><em>οἴνου,</em></span> <span class='ocrx_word' id='word_1_102' title='bbox 730 1193 780 1243; x_wconf 72' lang='grc' dir='ltr'><em>ὃν</em></span> <span class='ocrx_word' id='word_1_103' title='bbox 825 1199 875 1254; x_wconf 72' lang='grc' dir='ltr'><em>ἐξ</em></span> <span class='ocrx_word' id='word_1_104' title='bbox 918 1199 1301 1256; x_wconf 75' lang='grc' dir='ltr'><em>ἐμπεπλησμένων</em></span> <span class='ocrx_word' id='word_1_105' title='bbox 1352 1193 1500 1243; x_wconf 78' lang='grc' dir='ltr'><em>ἅσκιῦν</em></span> <span class='ocrx_word' id='word_1_106' title='bbox 1549 1192 1740 1253; x_wconf 72' lang='grc' dir='ltr'><em>ἀπερρό-</em></span> 
     </span>
     <span class='ocr_line' id='line_1_15' title="bbox 241 1261 1739 1326; baseline -0.003 -15"><span class='ocrx_word' id='word_1_107' title='bbox 241 1283 399 1326; x_wconf 75' lang='grc' dir='ltr'><em>φησαν,</em></span> <span class='ocrx_word' id='word_1_108' title='bbox 435 1266 603 1311; x_wconf 77' lang='grc' dir='ltr'><em>ἔκειντο</em></span> <span class='ocrx_word' id='word_1_109' title='bbox 633 1268 869 1324; x_wconf 78' lang='grc' dir='ltr'><em>ῥέγχοντες.</em></span> <span class='ocrx_word' id='word_1_110' title='bbox 922 1264 1247 1324; x_wconf 79' lang='grc' dir='ltr'><em>περιελθόντες</em></span> <span class='ocrx_word' id='word_1_111' title='bbox 1276 1268 1324 1312; x_wconf 74' lang='grc' dir='ltr'><em>δὲ</em></span> <span class='ocrx_word' id='word_1_112' title='bbox 1359 1262 1499 1318; x_wconf 62' lang='grc' dir='ltr'><em>εὖθ’ὐς</em></span> <span class='ocrx_word' id='word_1_113' title='bbox 1529 1261 1663 1318; x_wconf 67' lang='grc' dir='ltr'><em>αὐτός</em></span> <span class='ocrx_word' id='word_1_114' title='bbox 1692 1281 1739 1308; x_wconf 89' lang='grc' dir='ltr'><em>τε</em></span> 
     </span>
     <span class='ocr_line' id='line_1_16' title="bbox 241 1331 1768 1396; baseline -0.002 -17"><span class='ocrx_word' id='word_1_115' title='bbox 241 1333 265 1379; x_wconf 79' lang='grc' dir='ltr'>ὁ</span> <span class='ocrx_word' id='word_1_116' title='bbox 296 1331 566 1388; x_wconf 69' lang='grc' dir='ltr'><em>Ἀλακασεῦς</em></span> <span class='ocrx_word' id='word_1_117' title='bbox 586 1337 658 1380; x_wconf 81' lang='grc' dir='ltr'><em>καὶ</em></span> <span class='ocrx_word' id='word_1_118' title='bbox 683 1334 705 1379; x_wconf 78' lang='grc' dir='ltr'>ὁ</span> <span class='ocrx_word' id='word_1_119' title='bbox 729 1334 881 1396; x_wconf 82' lang='grc' dir='ltr'><em>φύλαξ</em></span> <span class='ocrx_word' id='word_1_120' title='bbox 898 1333 1010 1392; x_wconf 83' lang='grc' dir='ltr'><em>μετά</em></span> <span class='ocrx_word' id='word_1_121' title='bbox 1030 1354 1162 1381; x_wconf 87' lang='grc' dir='ltr'><em>τινων</em></span> <span class='ocrx_word' id='word_1_122' title='bbox 1191 1334 1354 1392; x_wconf 68' lang='grc' dir='ltr'><em>ἑτέρων</em></span> <span class='ocrx_word' id='word_1_123' title='bbox 1374 1332 1479 1388; x_wconf 73' lang='grc' dir='ltr'><em>τούς</em></span> <span class='ocrx_word' id='word_1_124' title='bbox 1499 1351 1546 1378; x_wconf 88' lang='grc' dir='ltr'><em>τε</em></span> <span class='ocrx_word' id='word_1_125' title='bbox 1568 1335 1768 1386; x_wconf 72' lang='grc' dir='ltr'><em>ἵππους]</em></span> 
     </span>
     <span class='ocr_line' id='line_1_17' title="bbox 239 1401 1740 1463; baseline -0.001 -15"><span class='ocrx_word' id='word_1_126' title='bbox 239 1401 509 1463; x_wconf 71' lang='grc' dir='ltr'><em>ἀφελόμενοι</em></span> <span class='ocrx_word' id='word_1_127' title='bbox 553 1406 626 1449; x_wconf 81' lang='grc' dir='ltr'><em>καὶ</em></span> <span class='ocrx_word' id='word_1_128' title='bbox 670 1403 724 1449; x_wconf 79' lang='grc' dir='ltr'><em>τὰ</em></span> <span class='ocrx_word' id='word_1_129' title='bbox 773 1403 894 1450; x_wconf 76' lang='grc' dir='ltr'><em>ὅπλα</em></span> <span class='ocrx_word' id='word_1_130' title='bbox 934 1401 1068 1450; x_wconf 58' lang='grc' dir='ltr'><em>α’ὖτὸν</em></span> <span class='ocrx_word' id='word_1_131' title='bbox 1113 1405 1193 1462; x_wconf 75' lang='grc' dir='ltr'><em>μὲν</em></span> <span class='ocrx_word' id='word_1_132' title='bbox 1232 1401 1368 1450; x_wconf 68' lang='grc' dir='ltr'><em>αὐτοῦ</em></span> <span class='ocrx_word' id='word_1_133' title='bbox 1409 1422 1500 1449; x_wconf 79' lang='grc' dir='ltr'><em>που</em></span> <span class='ocrx_word' id='word_1_134' title='bbox 1533 1404 1740 1459; x_wconf 84' lang='grc' dir='ltr'><em>καταλιμ-</em></span> 
     </span>
     <span class='ocr_line' id='line_1_18' title="bbox 239 1468 1742 1534; baseline -0.001 -18"><span class='ocrx_word' id='word_1_135' title='bbox 239 1470 430 1518; x_wconf 85' lang='grc' dir='ltr'><em>πάνουσι</em></span> <span class='ocrx_word' id='word_1_136' title='bbox 465 1473 682 1533; x_wconf 83' lang='grc' dir='ltr'><em>ῥέγχοντα,</em></span> <span class='ocrx_word' id='word_1_137' title='bbox 713 1472 822 1526; x_wconf 75' lang='grc' dir='ltr'><em>τούς</em></span> <span class='ocrx_word' id='word_1_138' title='bbox 852 1474 890 1518; x_wconf 86' lang='grc' dir='ltr'><em>δ’</em></span> <span class='ocrx_word' id='word_1_139' title='bbox 922 1472 998 1518; x_wconf 69' lang='grc' dir='ltr'><em>ὑπ’</em></span> <span class='ocrx_word' id='word_1_140' title='bbox 1043 1469 1178 1518; x_wconf 70' lang='grc' dir='ltr'><em>αὔτόν</em></span> <span class='ocrx_word' id='word_1_141' title='bbox 1218 1469 1532 1534; x_wconf 77' lang='grc' dir='ltr'><em>ἅναιρήσαντες</em></span> <span class='ocrx_word' id='word_1_142' title='bbox 1562 1472 1607 1517; x_wconf 74' lang='grc' dir='ltr'><em>ἐν</em></span> <span class='ocrx_word' id='word_1_143' title='bbox 1637 1468 1742 1516; x_wconf 83' lang='grc' dir='ltr'><em>διώ-</em></span> 
     </span>
     <span class='ocr_line' id='line_1_19' title="bbox 242 1536 1742 1601; baseline -0.002 -15"><span class='ocrx_word' id='word_1_144' title='bbox 242 1543 338 1600; x_wconf 81' lang='grc' dir='ltr'><em>ρυξί</em></span> <span class='ocrx_word' id='word_1_145' title='bbox 367 1558 479 1586; x_wconf 89' lang='grc' dir='ltr'><em>τισιν</em></span> <span class='ocrx_word' id='word_1_146' title='bbox 510 1537 684 1595; x_wconf 69' lang='grc' dir='ltr'><em>εὐθέως</em></span> <span class='ocrx_word' id='word_1_147' title='bbox 713 1538 970 1600; x_wconf 68' lang='grc' dir='ltr'><em>ἀπέρριψαν</em></span> <span class='ocrx_word' id='word_1_148' title='bbox 1002 1540 1156 1598; x_wconf 76' lang='grc' dir='ltr'><em>ὥσπερ</em></span> <span class='ocrx_word' id='word_1_149' title='bbox 1190 1539 1254 1596; x_wconf 73' lang='grc' dir='ltr'><em>εἷς</em></span> <span class='ocrx_word' id='word_1_150' title='bbox 1283 1559 1403 1595; x_wconf 87' lang='grc' dir='ltr'><em>τινας</em></span> <span class='ocrx_word' id='word_1_151' title='bbox 1421 1539 1593 1601; x_wconf 69' lang='grc' dir='ltr'><em>τάφους</em></span> <span class='ocrx_word' id='word_1_152' title='bbox 1610 1536 1742 1584; x_wconf 79' lang='grc' dir='ltr'><em>αὖτο-</em></span> 
     </span>
     <span class='ocr_line' id='line_1_20' title="bbox 241 1608 1741 1670; baseline -0.002 -15"><span class='ocrx_word' id='word_1_153' title='bbox 241 1614 382 1670; x_wconf 80' lang='grc' dir='ltr'><em>φυεῖς.</em></span> <span class='ocrx_word' id='word_1_154' title='bbox 448 1608 471 1654; x_wconf 76' lang='grc' dir='ltr'><em>ὃ</em></span> <span class='ocrx_word' id='word_1_155' title='bbox 504 1611 551 1655; x_wconf 79' lang='grc' dir='ltr'><em>δὲ</em></span> <span class='ocrx_word' id='word_1_156' title='bbox 583 1608 859 1654; x_wconf 77' lang='grc' dir='ltr'><em>Κατακαλών</em></span> <span class='ocrx_word' id='word_1_157' title='bbox 889 1608 1207 1669; x_wconf 84' lang='grc' dir='ltr'><em>παρεπόμενος</em></span> <span class='ocrx_word' id='word_1_158' title='bbox 1237 1614 1300 1669; x_wconf 78' lang='grc' dir='ltr'><em>τῷ</em></span> <span class='ocrx_word' id='word_1_159' title='bbox 1330 1613 1573 1668; x_wconf 78' lang='grc' dir='ltr'><em>Κομανικῴ</em></span> <span class='ocrx_word' id='word_1_160' title='bbox 1608 1625 1741 1665; x_wconf 84' lang='grc' dir='ltr'><em>στρα-</em></span> 
     </span>
     <span class='ocr_line' id='line_1_21' title="bbox 241 1677 1768 1738; baseline -0.001 -16"><span class='ocrx_word' id='word_1_161' title='bbox 241 1678 424 1736; x_wconf 79' lang='grc' dir='ltr'><em>τεύματι</em></span> <span class='ocrx_word' id='word_1_162' title='bbox 457 1677 567 1723; x_wconf 79' lang='grc' dir='ltr'><em>κατὰ</em></span> <span class='ocrx_word' id='word_1_163' title='bbox 594 1677 673 1732; x_wconf 81' lang='grc' dir='ltr'><em>τὰς</em></span> <span class='ocrx_word' id='word_1_164' title='bbox 700 1682 779 1724; x_wconf 75' lang='grc' dir='ltr'><em>τοῦ</em></span> <span class='ocrx_word' id='word_1_165' title='bbox 808 1681 1026 1735; x_wconf 86' lang='grc' dir='ltr'><em>βασιλέως</em></span> <span class='ocrx_word' id='word_1_166' title='bbox 1046 1678 1410 1738; x_wconf 71' lang='grc' dir='ltr'><em>ὑποθημοσύνας,</em></span> <span class='ocrx_word' id='word_1_167' title='bbox 1445 1679 1545 1724; x_wconf 76' lang='grc' dir='ltr'><em>ἐπεὶ</em></span> <span class='ocrx_word' id='word_1_168' title='bbox 1573 1678 1768 1723; x_wconf 68' lang='grc' dir='ltr'><em>ἒκεῖνονὲ</em></span> 
     </span>
     <span class='ocr_line' id='line_1_22' title="bbox 202 1744 1740 1805; baseline 0 -17"><span class='ocrx_word' id='word_1_169' title='bbox 202 1747 321 1803; x_wconf 79' lang='grc' dir='ltr'><em>Ομὲν</em></span> <span class='ocrx_word' id='word_1_170' title='bbox 351 1745 473 1800; x_wconf 75' lang='grc' dir='ltr'><em>ἐντὸς</em></span> <span class='ocrx_word' id='word_1_171' title='bbox 511 1744 777 1792; x_wconf 68' lang='grc' dir='ltr'><em>εἰσελθόντα</em></span> <span class='ocrx_word' id='word_1_172' title='bbox 818 1751 898 1792; x_wconf 82' lang='grc' dir='ltr'><em>τοῦ</em></span> <span class='ocrx_word' id='word_1_173' title='bbox 936 1745 1127 1805; x_wconf 78' lang='grc' dir='ltr'><em>κάστρου</em></span> <span class='ocrx_word' id='word_1_174' title='bbox 1169 1745 1406 1801; x_wconf 74' lang='grc' dir='ltr'><em>ἐθεάσατο,</em></span> <span class='ocrx_word' id='word_1_175' title='bbox 1454 1745 1558 1800; x_wconf 75' lang='grc' dir='ltr'><em>τούς</em></span> <span class='ocrx_word' id='word_1_176' title='bbox 1602 1746 1650 1790; x_wconf 82' lang='grc' dir='ltr'><em>δέ</em></span> <span class='ocrx_word' id='word_1_177' title='bbox 1694 1761 1740 1802; x_wconf 78' lang='grc' dir='ltr'><em>γε</em></span> 
     </span>
     <span class='ocr_line' id='line_1_23' title="bbox 246 1811 1742 1874; baseline -0.002 -15"><span class='ocrx_word' id='word_1_178' title='bbox 246 1813 479 1872; x_wconf 84' lang='grc' dir='ltr'><em>Κομάνους</em></span> <span class='ocrx_word' id='word_1_179' title='bbox 526 1815 590 1868; x_wconf 86' lang='grc' dir='ltr'><em>εἰς</em></span> <span class='ocrx_word' id='word_1_180' title='bbox 640 1815 872 1874; x_wconf 76' lang='grc' dir='ltr'><em>προνομὴν</em></span> <span class='ocrx_word' id='word_1_181' title='bbox 925 1818 1341 1871; x_wconf 84' lang='grc' dir='ltr'><em>διασκεδασθέντας,</em></span> <span class='ocrx_word' id='word_1_182' title='bbox 1393 1811 1615 1860; x_wconf 75' lang='grc' dir='ltr'><em>ἀπελθών</em></span> <span class='ocrx_word' id='word_1_183' title='bbox 1664 1812 1742 1859; x_wconf 82' lang='grc' dir='ltr'><em>τὸν</em></span> 
     </span>
    </p>
   </div>
   <div class='ocr_carea' id='block_1_3' title="bbox 378 1917 1742 2155">
    <p class='ocr_par' dir='ltr' id='par_1_3' title="bbox 378 1917 1742 2155">
     <span class='ocr_line' id='line_1_24' title="bbox 381 1917 1742 1969; baseline 0 -13"><span class='ocrx_word' id='word_1_184' title='bbox 381 1923 410 1957; x_wconf 89' lang='lat'><em>1.</em></span> <span class='ocrx_word' id='word_1_185' title='bbox 437 1919 659 1968; x_wconf 83' lang='grc' dir='ltr'><em>ὑπεκρίνατο</em></span> <span class='ocrx_word' id='word_1_186' title='bbox 673 1922 717 1966; x_wconf 79' lang='lat' dir='ltr'><em>F,</em></span> <span class='ocrx_word' id='word_1_187' title='bbox 745 1921 960 1969; x_wconf 78' lang='grc' dir='ltr'><em>ὑπεκρίνετο</em></span> <span class='ocrx_word' id='word_1_188' title='bbox 973 1924 1048 1960; x_wconf 89' lang='lat' dir='ltr'><em>PA.</em></span> <span class='ocrx_word' id='word_1_189' title='bbox 1171 1925 1204 1960; x_wconf 89' lang='lat'><em>4.</em></span> <span class='ocrx_word' id='word_1_190' title='bbox 1233 1919 1407 1959; x_wconf 78' lang='grc' dir='ltr'><em>ἐδεδώκει</em></span> <span class='ocrx_word' id='word_1_191' title='bbox 1422 1923 1466 1958; x_wconf 93' lang='grc' dir='ltr'><em>Α.</em></span> <span class='ocrx_word' id='word_1_192' title='bbox 1582 1922 1615 1957; x_wconf 88' lang='lat'><em>5.</em></span> <span class='ocrx_word' id='word_1_193' title='bbox 1639 1917 1742 1965; x_wconf 86' lang='grc' dir='ltr'><em>ποιή-</em></span> 
     </span>
     <span class='ocr_line' id='line_1_25' title="bbox 378 1970 1742 2029; baseline 0 -25"><span class='ocrx_word' id='word_1_194' title='bbox 378 1980 513 2009; x_wconf 83' lang='grc' dir='ltr'><em>σαντας</em></span> <span class='ocrx_word' id='word_1_195' title='bbox 528 1971 571 2006; x_wconf 88' lang='lat' dir='ltr'><em>G.</em></span> <span class='ocrx_word' id='word_1_196' title='bbox 687 1975 719 2007; x_wconf 88' lang='lat'><em>7.</em></span> <span class='ocrx_word' id='word_1_197' title='bbox 747 1973 1002 2029; x_wconf 57' lang='grc' dir='ltr'><em>περιχαρῆςΑ.</em></span> <span class='ocrx_word' id='word_1_198' title='bbox 1119 1974 1154 2008; x_wconf 89' lang='grc'><em>9.</em></span> <span class='ocrx_word' id='word_1_199' title='bbox 1183 1974 1490 2020; x_wconf 82' lang='grc' dir='ltr'><em>προκαλουμένου</em></span> <span class='ocrx_word' id='word_1_200' title='bbox 1505 1970 1548 2013; x_wconf 90' lang='lat' dir='ltr'><em>F,</em></span> <span class='ocrx_word' id='word_1_201' title='bbox 1576 1980 1742 2017; x_wconf 85' lang='grc' dir='ltr'><em>προσκα-</em></span> 
     </span>
     <span class='ocr_line' id='line_1_26' title="bbox 378 2017 1739 2068; baseline 0 -15"><span class='ocrx_word' id='word_1_202' title='bbox 378 2021 560 2065; x_wconf 77' lang='grc' dir='ltr'><em>λουμένου</em></span> <span class='ocrx_word' id='word_1_203' title='bbox 571 2019 616 2057; x_wconf 88' lang='lat' dir='ltr'><em>A.</em></span> <span class='ocrx_word' id='word_1_204' title='bbox 643 2022 1001 2068; x_wconf 81' lang='grc' dir='ltr'><em>προκαλουμενονΡ.</em></span> <span class='ocrx_word' id='word_1_205' title='bbox 1073 2019 1187 2068; x_wconf 80' lang='grc' dir='ltr'><em>τούτῳ</em></span> <span class='ocrx_word' id='word_1_206' title='bbox 1201 2023 1247 2058; x_wconf 91' lang='grc' dir='ltr'><em>Α.</em></span> <span class='ocrx_word' id='word_1_207' title='bbox 1358 2022 1413 2056; x_wconf 94' lang='grc'><em>10.</em></span> <span class='ocrx_word' id='word_1_208' title='bbox 1444 2017 1679 2057; x_wconf 75' lang='grc' dir='ltr'><em>τἰλεκασσέως</em></span> <span class='ocrx_word' id='word_1_209' title='bbox 1692 2019 1739 2054; x_wconf 86' lang='grc' dir='ltr'><em>Α.</em></span> 
     </span>
     <span class='ocr_line' id='line_1_27' title="bbox 382 2065 1739 2116; baseline 0.001 -14"><span class='ocrx_word' id='word_1_210' title='bbox 382 2070 435 2103; x_wconf 85' lang='grc'><em>12.</em></span> <span class='ocrx_word' id='word_1_211' title='bbox 461 2071 671 2115; x_wconf 81' lang='grc' dir='ltr'><em>παρέθεντο</em></span> <span class='ocrx_word' id='word_1_212' title='bbox 685 2069 764 2115; x_wconf 81' lang='lat' dir='ltr'><em>FA,</em></span> <span class='ocrx_word' id='word_1_213' title='bbox 794 2073 982 2116; x_wconf 79' lang='grc' dir='ltr'><em>παρέθετο</em></span> <span class='ocrx_word' id='word_1_214' title='bbox 993 2070 1032 2106; x_wconf 90' lang='grc' dir='ltr'><em>Ρ.</em></span> <span class='ocrx_word' id='word_1_215' title='bbox 1103 2071 1158 2106; x_wconf 86' lang='grc'><em>14.</em></span> <span class='ocrx_word' id='word_1_216' title='bbox 1185 2067 1274 2106; x_wconf 79' lang='grc' dir='ltr'><em>αὐτὸ</em></span> <span class='ocrx_word' id='word_1_217' title='bbox 1288 2070 1331 2107; x_wconf 79' lang='lat' dir='ltr'><em>G.</em></span> <span class='ocrx_word' id='word_1_218' title='bbox 1399 2069 1454 2104; x_wconf 86' lang='lat'><em>15.</em></span> <span class='ocrx_word' id='word_1_219' title='bbox 1481 2065 1681 2106; x_wconf 81' lang='grc' dir='ltr'><em>ἀλεκασεὺς</em></span> <span class='ocrx_word' id='word_1_220' title='bbox 1695 2068 1739 2103; x_wconf 94' lang='lat' dir='ltr'><em>A.</em></span> 
     </span>
     <span class='ocr_line' id='line_1_28' title="bbox 379 2117 1080 2155; baseline 0.006 -4"><span class='ocrx_word' id='word_1_221' title='bbox 379 2118 435 2152; x_wconf 89' lang='lat'><em>16.</em></span> <span class='ocrx_word' id='word_1_222' title='bbox 465 2130 538 2152; x_wconf 84' lang='grc' dir='ltr'><em>που</em></span> <span class='ocrx_word' id='word_1_223' title='bbox 562 2129 632 2153; x_wconf 88' lang='lat' dir='ltr'><em>om.</em></span> <span class='ocrx_word' id='word_1_224' title='bbox 662 2117 735 2155; x_wconf 86' lang='lat' dir='ltr'><em>CG.</em></span> <span class='ocrx_word' id='word_1_225' title='bbox 887 2121 941 2155; x_wconf 90' lang='lat'><em>17.</em></span> <span class='ocrx_word' id='word_1_226' title='bbox 970 2119 1013 2154; x_wconf 80' lang='grc' dir='ltr'><em>δὲ</em></span> <span class='ocrx_word' id='word_1_227' title='bbox 1039 2119 1080 2155; x_wconf 84' lang='lat' dir='ltr'><em>G.</em></span> 
     </span>
    </p>
   </div>
   <div class='ocr_carea' id='block_1_4' title="bbox 241 2226 1742 2960">
    <p class='ocr_par' dir='ltr' id='par_1_4' title="bbox 241 2226 1742 2960">
     <span class='ocr_line' id='line_1_29' title="bbox 242 2226 1741 2277; baseline 0.001 -16"><span class='ocrx_word' id='word_1_228' title='bbox 242 2226 296 2261; x_wconf 86' lang='lat' dir='ltr'><em>lat</em></span> <span class='ocrx_word' id='word_1_229' title='bbox 322 2227 428 2272; x_wconf 89' lang='lat' dir='ltr'>signo</span> <span class='ocrx_word' id='word_1_230' title='bbox 466 2227 556 2263; x_wconf 87' lang='lat' dir='ltr'>dato</span> <span class='ocrx_word' id='word_1_231' title='bbox 594 2228 766 2275; x_wconf 83' lang='lat' dir='ltr'>Diogeni,</span> <span class='ocrx_word' id='word_1_232' title='bbox 805 2233 858 2275; x_wconf 84' lang='lat' dir='ltr'><em>ut,</em></span> <span class='ocrx_word' id='word_1_233' title='bbox 898 2230 1123 2277; x_wconf 74' lang='lat' dir='ltr'><strong>simulatque</strong></span> <span class='ocrx_word' id='word_1_234' title='bbox 1162 2231 1202 2267; x_wconf 86' lang='lat' dir='ltr'>id</span> <span class='ocrx_word' id='word_1_235' title='bbox 1239 2230 1504 2277; x_wconf 78' lang='lat' dir='ltr'>conspexisset,</span> <span class='ocrx_word' id='word_1_236' title='bbox 1544 2228 1741 2264; x_wconf 80' lang='lat' dir='ltr'>confestim</span> 
     </span>
     <span class='ocr_line' id='line_1_30' title="bbox 243 2275 1741 2324; baseline 0.002 -15"><span class='ocrx_word' id='word_1_237' title='bbox 243 2278 408 2310; x_wconf 85' lang='lat' dir='ltr'>castrum</span> <span class='ocrx_word' id='word_1_238' title='bbox 432 2275 605 2312; x_wconf 80' lang='lat' dir='ltr'>intraret.</span> <span class='ocrx_word' id='word_1_239' title='bbox 655 2277 783 2324; x_wconf 86' lang='lat' dir='ltr'>itaque</span> <span class='ocrx_word' id='word_1_240' title='bbox 809 2290 894 2315; x_wconf 81' lang='lat' dir='ltr'><em>cum</em></span> <span class='ocrx_word' id='word_1_241' title='bbox 930 2279 1122 2324; x_wconf 83' lang='lat' dir='ltr'>praefecto</span> <span class='ocrx_word' id='word_1_242' title='bbox 1160 2291 1330 2316; x_wconf 81' lang='lat' dir='ltr'><strong>sermone</strong></span> <span class='ocrx_word' id='word_1_243' title='bbox 1369 2278 1508 2315; x_wconf 74' lang='lat' dir='ltr'>ficticio</span> <span class='ocrx_word' id='word_1_244' title='bbox 1549 2277 1615 2313; x_wconf 85' lang='lat' dir='ltr'>diu</span> <span class='ocrx_word' id='word_1_245' title='bbox 1655 2289 1741 2324; x_wconf 88' lang='lat' dir='ltr'>pro-</span> 
     </span>
     <span class='ocr_line' id='line_1_31' title="bbox 243 2323 1740 2374; baseline 0.002 -16"><span class='ocrx_word' id='word_1_246' title='bbox 243 2323 356 2359; x_wconf 85' lang='lat' dir='ltr'>ducto</span> <span class='ocrx_word' id='word_1_247' title='bbox 371 2324 534 2370; x_wconf 84' lang='lat' dir='ltr'>datoque</span> <span class='ocrx_word' id='word_1_248' title='bbox 549 2325 702 2361; x_wconf 86' lang='lat' dir='ltr'>tandem</span> <span class='ocrx_word' id='word_1_249' title='bbox 715 2327 969 2374; x_wconf 84' lang='lat' dir='ltr'>pseudonymo</span> <span class='ocrx_word' id='word_1_250' title='bbox 986 2331 1093 2374; x_wconf 86' lang='lat' dir='ltr'>signo</span> <span class='ocrx_word' id='word_1_251' title='bbox 1116 2329 1217 2374; x_wconf 83' lang='lat' dir='ltr'>quod</span> <span class='ocrx_word' id='word_1_252' title='bbox 1231 2328 1342 2364; x_wconf 86' lang='lat' dir='ltr'>modo</span> <span class='ocrx_word' id='word_1_253' title='bbox 1359 2327 1594 2363; x_wconf 84' lang='lat' dir='ltr'>iudicaverat</span> <span class='ocrx_word' id='word_1_254' title='bbox 1606 2326 1740 2372; x_wconf 86' lang='lat' dir='ltr'>Dioge-</span> 
     </span>
     <span class='ocr_line' id='line_1_32' title="bbox 243 2372 1740 2423; baseline 0.001 -16"><span class='ocrx_word' id='word_1_255' title='bbox 243 2383 318 2414; x_wconf 85' lang='lat' dir='ltr'><strong>nes,</strong></span> <span class='ocrx_word' id='word_1_256' title='bbox 345 2372 384 2408; x_wconf 87' lang='lat' dir='ltr'>id</span> <span class='ocrx_word' id='word_1_257' title='bbox 410 2373 476 2409; x_wconf 88' lang='lat' dir='ltr'>ubi</span> <span class='ocrx_word' id='word_1_258' title='bbox 500 2373 608 2414; x_wconf 75' lang='lat' dir='ltr'>vidit,</span> <span class='ocrx_word' id='word_1_259' title='bbox 636 2386 720 2410; x_wconf 87' lang='lat' dir='ltr'><em>cum</em></span> <span class='ocrx_word' id='word_1_260' title='bbox 746 2376 874 2421; x_wconf 85' lang='lat' dir='ltr'>paucis</span> <span class='ocrx_word' id='word_1_261' title='bbox 901 2377 1084 2412; x_wconf 81' lang='lat' dir='ltr'>militibus</span> <span class='ocrx_word' id='word_1_262' title='bbox 1112 2377 1289 2413; x_wconf 77' lang='lat' dir='ltr'>audacter</span> <span class='ocrx_word' id='word_1_263' title='bbox 1313 2377 1503 2423; x_wconf 87' lang='lat' dir='ltr'>ingressus</span> <span class='ocrx_word' id='word_1_264' title='bbox 1529 2375 1575 2410; x_wconf 90' lang='lat' dir='ltr'><em>ab</em></span> <span class='ocrx_word' id='word_1_265' title='bbox 1603 2375 1650 2410; x_wconf 83' lang='lat' dir='ltr'>iis</span> <span class='ocrx_word' id='word_1_266' title='bbox 1675 2375 1740 2421; x_wconf 85' lang='lat' dir='ltr'>qui</span> 
     </span>
     <span class='ocr_line' id='line_1_33' title="bbox 242 2421 1741 2472; baseline 0.002 -17"><span class='ocrx_word' id='word_1_267' title='bbox 242 2421 345 2456; x_wconf 87' lang='lat' dir='ltr'>intus</span> <span class='ocrx_word' id='word_1_268' title='bbox 362 2425 469 2457; x_wconf 84' lang='lat' dir='ltr'>erant</span> <span class='ocrx_word' id='word_1_269' title='bbox 487 2422 625 2458; x_wconf 84' lang='lat' dir='ltr'>blande</span> <span class='ocrx_word' id='word_1_270' title='bbox 652 2423 839 2470; x_wconf 76' lang='lat' dir='ltr'>excipitur</span> <span class='ocrx_word' id='word_1_271' title='bbox 857 2427 896 2460; x_wconf 81' lang='lat' dir='ltr'>et</span> <span class='ocrx_word' id='word_1_272' title='bbox 915 2437 936 2460; x_wconf 83' lang='lat' dir='ltr'>a</span> <span class='ocrx_word' id='word_1_273' title='bbox 954 2426 1208 2472; x_wconf 80' lang='lat' dir='ltr'>gubernatore</span> <span class='ocrx_word' id='word_1_274' title='bbox 1224 2425 1364 2461; x_wconf 89' lang='lat' dir='ltr'>Putzae</span> <span class='ocrx_word' id='word_1_275' title='bbox 1388 2425 1574 2460; x_wconf 74' lang='lat' dir='ltr'>invitatur</span> <span class='ocrx_word' id='word_1_276' title='bbox 1599 2423 1646 2460; x_wconf 85' lang='lat' dir='ltr'><em>ad</em></span> <span class='ocrx_word' id='word_1_277' title='bbox 1664 2423 1741 2459; x_wconf 88' lang='lat' dir='ltr'>bal-</span> 
     </span>
     <span class='ocr_line' id='line_1_34' title="bbox 242 2470 1739 2521; baseline 0.002 -17"><span class='ocrx_word' id='word_1_278' title='bbox 242 2481 375 2515; x_wconf 86' lang='lat' dir='ltr'>neum3</span> <span class='ocrx_word' id='word_1_279' title='bbox 403 2470 450 2505; x_wconf 83' lang='lat' dir='ltr'><em>ad</em></span> <span class='ocrx_word' id='word_1_280' title='bbox 476 2471 577 2517; x_wconf 87' lang='lat' dir='ltr'>quod</span> <span class='ocrx_word' id='word_1_281' title='bbox 606 2471 651 2507; x_wconf 85' lang='lat' dir='ltr'><em>ab</em></span> <span class='ocrx_word' id='word_1_282' title='bbox 680 2472 854 2509; x_wconf 82' lang='lat' dir='ltr'>Alacaseo</span> <span class='ocrx_word' id='word_1_283' title='bbox 887 2485 1036 2520; x_wconf 88' lang='lat' dir='ltr'>quoque</span> <span class='ocrx_word' id='word_1_284' title='bbox 1074 2475 1256 2521; x_wconf 86' lang='lat' dir='ltr'>impulsus</span> <span class='ocrx_word' id='word_1_285' title='bbox 1290 2475 1420 2510; x_wconf 84' lang='lat' dir='ltr'>statim</span> <span class='ocrx_word' id='word_1_286' title='bbox 1453 2484 1595 2508; x_wconf 85' lang='lat' dir='ltr'>morem</span> <span class='ocrx_word' id='word_1_287' title='bbox 1628 2472 1739 2519; x_wconf 84' lang='lat' dir='ltr'>gerit.</span> 
     </span>
     <span class='ocr_line' id='line_1_35' title="bbox 241 2519 1741 2570; baseline 0.002 -17"><span class='ocrx_word' id='word_1_288' title='bbox 241 2519 411 2564; x_wconf 82' lang='lat' dir='ltr'>copiosae</span> <span class='ocrx_word' id='word_1_289' title='bbox 438 2519 525 2555; x_wconf 87' lang='lat' dir='ltr'>dein</span> <span class='ocrx_word' id='word_1_290' title='bbox 553 2520 686 2565; x_wconf 86' lang='lat' dir='ltr'>epulae</span> <span class='ocrx_word' id='word_1_291' title='bbox 716 2524 753 2556; x_wconf 79' lang='lat' dir='ltr'>et</span> <span class='ocrx_word' id='word_1_292' title='bbox 778 2522 851 2567; x_wconf 88' lang='lat' dir='ltr'>ipsi</span> <span class='ocrx_word' id='word_1_293' title='bbox 877 2526 914 2558; x_wconf 84' lang='lat' dir='ltr'>et</span> <span class='ocrx_word' id='word_1_294' title='bbox 932 2522 1104 2558; x_wconf 83' lang='lat' dir='ltr'>Comanis</span> <span class='ocrx_word' id='word_1_295' title='bbox 1130 2527 1393 2570; x_wconf 80' lang='lat' dir='ltr'>apponuntur3</span> <span class='ocrx_word' id='word_1_296' title='bbox 1420 2521 1486 2569; x_wconf 87' lang='lat' dir='ltr'><em>qui</em></span> <span class='ocrx_word' id='word_1_297' title='bbox 1504 2533 1591 2557; x_wconf 87' lang='lat' dir='ltr'><em>mox</em></span> <span class='ocrx_word' id='word_1_298' title='bbox 1613 2532 1741 2557; x_wconf 86' lang='lat' dir='ltr'>omnes</span> 
     </span>
     <span class='ocr_line' id='line_1_36' title="bbox 241 2568 1740 2618; baseline 0.002 -17"><span class='ocrx_word' id='word_1_299' title='bbox 241 2570 299 2602; x_wconf 74' lang='lat' dir='ltr'><em>sat</em></span> <span class='ocrx_word' id='word_1_300' title='bbox 325 2568 466 2613; x_wconf 86' lang='lat' dir='ltr'>epulati</span> <span class='ocrx_word' id='word_1_301' title='bbox 499 2568 722 2615; x_wconf 87' lang='lat' dir='ltr'>impletique</span> <span class='ocrx_word' id='word_1_302' title='bbox 754 2571 852 2615; x_wconf 88' lang='lat' dir='ltr'>vino,</span> <span class='ocrx_word' id='word_1_303' title='bbox 886 2571 986 2616; x_wconf 89' lang='lat' dir='ltr'>quod</span> <span class='ocrx_word' id='word_1_304' title='bbox 1013 2583 1033 2607; x_wconf 89' lang='lat' dir='ltr'>e</span> <span class='ocrx_word' id='word_1_305' title='bbox 1058 2572 1179 2618; x_wconf 85' lang='lat' dir='ltr'>plenis</span> <span class='ocrx_word' id='word_1_306' title='bbox 1213 2573 1363 2608; x_wconf 80' lang='lat' dir='ltr'>utribus</span> <span class='ocrx_word' id='word_1_307' title='bbox 1399 2572 1613 2614; x_wconf 81' lang='lat' dir='ltr'>hauserant,</span> <span class='ocrx_word' id='word_1_308' title='bbox 1647 2572 1740 2605; x_wconf 79' lang='lat' dir='ltr'>ster-</span> 
     </span>
     <span class='ocr_line' id='line_1_37' title="bbox 241 2617 1741 2667; baseline 0.002 -17"><span class='ocrx_word' id='word_1_309' title='bbox 241 2617 362 2651; x_wconf 85' lang='lat' dir='ltr'>tentes</span> <span class='ocrx_word' id='word_1_310' title='bbox 400 2617 581 2653; x_wconf 81' lang='lat' dir='ltr'>iacebant.</span> <span class='ocrx_word' id='word_1_311' title='bbox 638 2620 909 2664; x_wconf 85' lang='lat' dir='ltr'>superveniunt</span> <span class='ocrx_word' id='word_1_312' title='bbox 948 2623 1071 2656; x_wconf 85' lang='lat' dir='ltr'>autem</span> <span class='ocrx_word' id='word_1_313' title='bbox 1114 2622 1243 2657; x_wconf 83' lang='lat' dir='ltr'>statim</span> <span class='ocrx_word' id='word_1_314' title='bbox 1286 2624 1324 2657; x_wconf 89' lang='lat' dir='ltr'>et</span> <span class='ocrx_word' id='word_1_315' title='bbox 1361 2622 1442 2667; x_wconf 84' lang='lat' dir='ltr'>ipse</span> <span class='ocrx_word' id='word_1_316' title='bbox 1469 2619 1669 2655; x_wconf 78' lang='lat' dir='ltr'>Alacaseus</span> <span class='ocrx_word' id='word_1_317' title='bbox 1703 2621 1741 2654; x_wconf 88' lang='lat' dir='ltr'>et</span> 
     </span>
     <span class='ocr_line' id='line_1_38' title="bbox 242 2664 1740 2716; baseline 0.001 -17"><span class='ocrx_word' id='word_1_318' title='bbox 242 2664 453 2709; x_wconf 84' lang='lat' dir='ltr'>praefectus</span> <span class='ocrx_word' id='word_1_319' title='bbox 478 2678 563 2701; x_wconf 91' lang='lat' dir='ltr'><em>cum</em></span> <span class='ocrx_word' id='word_1_320' title='bbox 591 2667 783 2703; x_wconf 86' lang='lat' dir='ltr'>nonnullis</span> <span class='ocrx_word' id='word_1_321' title='bbox 809 2668 891 2703; x_wconf 87' lang='lat' dir='ltr'>aliis</span> <span class='ocrx_word' id='word_1_322' title='bbox 917 2669 1159 2716; x_wconf 88' lang='lat' dir='ltr'>omniumque</span> <span class='ocrx_word' id='word_1_323' title='bbox 1192 2671 1307 2706; x_wconf 84' lang='lat' dir='ltr'>armis</span> <span class='ocrx_word' id='word_1_324' title='bbox 1340 2673 1378 2713; x_wconf 81' lang='lat' dir='ltr'>et</span> <span class='ocrx_word' id='word_1_325' title='bbox 1405 2669 1511 2715; x_wconf 90' lang='lat' dir='ltr'>equis</span> <span class='ocrx_word' id='word_1_326' title='bbox 1546 2667 1740 2703; x_wconf 85' lang='lat' dir='ltr'>subductis</span> 
     </span>
     <span class='ocr_line' id='line_1_39' title="bbox 241 2713 1740 2764; baseline 0.002 -17"><span class='ocrx_word' id='word_1_327' title='bbox 241 2713 365 2758; x_wconf 85' lang='lat' dir='ltr'>ipsum</span> <span class='ocrx_word' id='word_1_328' title='bbox 391 2716 610 2751; x_wconf 84' lang='lat' dir='ltr'>stertentem</span> <span class='ocrx_word' id='word_1_329' title='bbox 639 2716 692 2751; x_wconf 86' lang='lat' dir='ltr'><em>ibi</em></span> <span class='ocrx_word' id='word_1_330' title='bbox 718 2716 956 2763; x_wconf 82' lang='lat' dir='ltr'>relinquunt3</span> <span class='ocrx_word' id='word_1_331' title='bbox 996 2721 1035 2754; x_wconf 81' lang='lat' dir='ltr'><em>at</em></span> <span class='ocrx_word' id='word_1_332' title='bbox 1060 2722 1214 2764; x_wconf 77' lang='lat' dir='ltr'>ceteros,</span> <span class='ocrx_word' id='word_1_333' title='bbox 1249 2730 1409 2764; x_wconf 88' lang='lat' dir='ltr'>quorum</span> <span class='ocrx_word' id='word_1_334' title='bbox 1442 2717 1518 2753; x_wconf 86' lang='lat' dir='ltr'><em>dux</em></span> <span class='ocrx_word' id='word_1_335' title='bbox 1551 2719 1644 2758; x_wconf 87' lang='lat' dir='ltr'>erat,</span> <span class='ocrx_word' id='word_1_336' title='bbox 1680 2727 1740 2750; x_wconf 89' lang='lat' dir='ltr'><em>ne—</em></span> 
     </span>
     <span class='ocr_line' id='line_1_40' title="bbox 242 2764 1742 2814; baseline 0.003 -19"><span class='ocrx_word' id='word_1_337' title='bbox 242 2764 329 2796; x_wconf 84' lang='lat' dir='ltr'>cant</span> <span class='ocrx_word' id='word_1_338' title='bbox 365 2765 478 2808; x_wconf 85' lang='lat' dir='ltr'>atque</span> <span class='ocrx_word' id='word_1_339' title='bbox 513 2764 553 2798; x_wconf 90' lang='lat' dir='ltr'><em>in</em></span> <span class='ocrx_word' id='word_1_340' title='bbox 587 2765 784 2811; x_wconf 79' lang='lat' dir='ltr'>voragines</span> <span class='ocrx_word' id='word_1_341' title='bbox 817 2766 997 2812; x_wconf 86' lang='lat' dir='ltr'>quasdam</span> <span class='ocrx_word' id='word_1_342' title='bbox 1024 2767 1127 2803; x_wconf 85' lang='lat' dir='ltr'>velut</span> <span class='ocrx_word' id='word_1_343' title='bbox 1165 2768 1205 2802; x_wconf 92' lang='lat' dir='ltr'><em>in</em></span> <span class='ocrx_word' id='word_1_344' title='bbox 1237 2767 1408 2814; x_wconf 85' lang='lat' dir='ltr'>sepulcra</span> <span class='ocrx_word' id='word_1_345' title='bbox 1437 2768 1575 2802; x_wconf 79' lang='lat' dir='ltr'>natura</span> <span class='ocrx_word' id='word_1_346' title='bbox 1608 2767 1742 2810; x_wconf 77' lang='lat' dir='ltr'>parata</span> 
     </span>
     <span class='ocr_line' id='line_1_41' title="bbox 243 2810 1742 2862; baseline 0.002 -18"><span class='ocrx_word' id='word_1_347' title='bbox 243 2810 372 2845; x_wconf 85' lang='lat' dir='ltr'>statim</span> <span class='ocrx_word' id='word_1_348' title='bbox 404 2813 606 2848; x_wconf 84' lang='lat' dir='ltr'>coniciunt.</span> <span class='ocrx_word' id='word_1_349' title='bbox 669 2814 822 2849; x_wconf 87' lang='lat' dir='ltr'>interim</span> <span class='ocrx_word' id='word_1_350' title='bbox 855 2814 1026 2851; x_wconf 84' lang='lat' dir='ltr'>Catacalo</span> <span class='ocrx_word' id='word_1_351' title='bbox 1060 2828 1106 2851; x_wconf 85' lang='lat' dir='ltr'>ex</span> <span class='ocrx_word' id='word_1_352' title='bbox 1137 2817 1379 2862; x_wconf 83' lang='lat' dir='ltr'>imperatoris</span> <span class='ocrx_word' id='word_1_353' title='bbox 1411 2813 1587 2850; x_wconf 80' lang='lat' dir='ltr'>mandato</span> <span class='ocrx_word' id='word_1_354' title='bbox 1614 2815 1742 2848; x_wconf 76' lang='lat' dir='ltr'>Coma-</span> 
     </span>
     <span class='ocr_line' id='line_1_42' title="bbox 243 2861 1740 2911; baseline 0.002 -18"><span class='ocrx_word' id='word_1_355' title='bbox 243 2870 379 2894; x_wconf 85' lang='lat' dir='ltr'>norum</span> <span class='ocrx_word' id='word_1_356' title='bbox 407 2862 614 2896; x_wconf 84' lang='lat' dir='ltr'>exercitum</span> <span class='ocrx_word' id='word_1_357' title='bbox 640 2862 876 2909; x_wconf 85' lang='lat' dir='ltr'>subsequens,</span> <span class='ocrx_word' id='word_1_358' title='bbox 905 2875 991 2899; x_wconf 90' lang='lat' dir='ltr'><em>cum</em></span> <span class='ocrx_word' id='word_1_359' title='bbox 1018 2865 1058 2900; x_wconf 90' lang='lat' dir='ltr'><em>in</em></span> <span class='ocrx_word' id='word_1_360' title='bbox 1084 2877 1207 2901; x_wconf 88' lang='lat' dir='ltr'>arcem</span> <span class='ocrx_word' id='word_1_361' title='bbox 1233 2865 1341 2901; x_wconf 88' lang='lat' dir='ltr'>illum</span> <span class='ocrx_word' id='word_1_362' title='bbox 1366 2865 1576 2911; x_wconf 82' lang='lat' dir='ltr'>ingressum</span> <span class='ocrx_word' id='word_1_363' title='bbox 1592 2861 1740 2897; x_wconf 83' lang='lat' dir='ltr'>videret</span> 
     </span>
     <span class='ocr_line' id='line_1_43' title="bbox 244 2906 1740 2960; baseline 0.002 -18"><span class='ocrx_word' id='word_1_364' title='bbox 244 2906 498 2954; x_wconf 83' lang='lat' dir='ltr'>Comanosque</span> <span class='ocrx_word' id='word_1_365' title='bbox 524 2910 746 2955; x_wconf 85' lang='lat' dir='ltr'>pabulatum</span> <span class='ocrx_word' id='word_1_366' title='bbox 774 2913 1079 2959; x_wconf 82' lang='lat' dir='ltr'>circumsparsos‚</span> <span class='ocrx_word' id='word_1_367' title='bbox 1104 2926 1223 2960; x_wconf 86' lang='lat' dir='ltr'>prope</span> <span class='ocrx_word' id='word_1_368' title='bbox 1249 2914 1381 2950; x_wconf 86' lang='lat' dir='ltr'>urbem</span> <span class='ocrx_word' id='word_1_369' title='bbox 1406 2923 1520 2960; x_wconf 82' lang='lat' dir='ltr'>quam</span> <span class='ocrx_word' id='word_1_370' title='bbox 1545 2910 1657 2947; x_wconf 86' lang='lat' dir='ltr'>modo</span> <span class='ocrx_word' id='word_1_371' title='bbox 1685 2909 1740 2945; x_wconf 89' lang='lat' dir='ltr'>di-</span> 
     </span>
    </p>
   </div>
  </div>
 </body>
</html>
