<?xml version="1.0" encoding="UTF-8"?>
<!DOCTYPE html PUBLIC "-//W3C//DTD XHTML 1.0 Transitional//EN"
    "http://www.w3.org/TR/xhtml1/DTD/xhtml1-transitional.dtd">
<html xmlns="http://www.w3.org/1999/xhtml" xml:lang="en" lang="en">
 <head>
  <title>
</title>
<meta http-equiv="Content-Type" content="text/html;charset=utf-8" />
  <meta name='ocr-system' content='tesseract 3.04.00' />
  <meta name='ocr-capabilities' content='ocr_page ocr_carea ocr_par ocr_line ocrx_word'/>
</head>
<body>
  <div class='ocr_page' id='page_1' title='image "./corpusscriptorum03niebuoft_0615.png"; bbox 0 0 1806 3132; ppageno 0'>
   <div class='ocr_carea' id='block_1_1' title="bbox 510 238 1528 282">
    <p class='ocr_par' dir='ltr' id='par_1_1' title="bbox 510 238 1528 282">
     <span class='ocr_line' id='line_1_1' title="bbox 510 238 1528 282; baseline 0.009 -9"><span class='ocrx_word' id='word_1_1' title='bbox 510 238 566 274; x_wconf 78' lang='lat' dir='ltr'><strong>m</strong></span> <span class='ocrx_word' id='word_1_2' title='bbox 591 238 879 274; x_wconf 69' lang='lat' dir='ltr'><strong>mmmm</strong></span> <span class='ocrx_word' id='word_1_3' title='bbox 907 241 1069 276; x_wconf 75' lang='lat' dir='ltr'><strong>NOTAE</strong></span> <span class='ocrx_word' id='word_1_4' title='bbox 1446 239 1528 282; x_wconf 88' lang='grc'><strong>597</strong></span> 
     </span>
    </p>
   </div>
   <div class='ocr_carea' id='block_1_2' title="bbox 0 351 1757 2897">
    <p class='ocr_par' dir='ltr' id='par_1_2' title="bbox 50 351 1530 736">
     <span class='ocr_line' id='line_1_2' title="bbox 52 351 1529 415; baseline 0.007 -20"><span class='ocrx_word' id='word_1_5' title='bbox 52 366 81 396; x_wconf 84' lang='grc' dir='ltr'><em>α</em></span> <span class='ocrx_word' id='word_1_6' title='bbox 106 366 152 396; x_wconf 84' lang='lat' dir='ltr'><strong>sc</strong></span> <span class='ocrx_word' id='word_1_7' title='bbox 177 351 244 396; x_wconf 80' lang='lat' dir='ltr'><strong>vel</strong></span> <span class='ocrx_word' id='word_1_8' title='bbox 269 366 299 396; x_wconf 85' lang='lat' dir='ltr'><strong>a</strong></span> <span class='ocrx_word' id='word_1_9' title='bbox 315 351 407 396; x_wconf 76' lang='lat' dir='ltr'><strong>suis</strong></span> <span class='ocrx_word' id='word_1_10' title='bbox 434 353 740 397; x_wconf 75' lang='lat' dir='ltr'><strong>successoribus</strong></span> <span class='ocrx_word' id='word_1_11' title='bbox 759 354 907 406; x_wconf 59' lang='lat' dir='ltr'><strong>tribus,</strong></span> <span class='ocrx_word' id='word_1_12' title='bbox 937 369 1039 411; x_wconf 78' lang='lat' dir='ltr'><strong>quos</strong></span> <span class='ocrx_word' id='word_1_13' title='bbox 1070 358 1161 411; x_wconf 77' lang='lat' dir='ltr'><strong>ipse</strong></span> <span class='ocrx_word' id='word_1_14' title='bbox 1180 361 1529 415; x_wconf 61' lang='lat' dir='ltr'><strong>praescmpserat,</strong></span> 
     </span>
     <span class='ocr_line' id='line_1_3' title="bbox 53 409 1530 467; baseline 0.007 -16"><span class='ocrx_word' id='word_1_15' title='bbox 53 422 139 452; x_wconf 78' lang='lat' dir='ltr'><strong>non</strong></span> <span class='ocrx_word' id='word_1_16' title='bbox 167 409 453 460; x_wconf 74' lang='lat' dir='ltr'><strong><em>redimeretur,</em></strong></span> <span class='ocrx_word' id='word_1_17' title='bbox 479 409 674 464; x_wconf 75' lang='lat' dir='ltr'><strong>deinceps</strong></span> <span class='ocrx_word' id='word_1_18' title='bbox 694 412 917 465; x_wconf 77' lang='lat' dir='ltr'><em>possessio,</em></span> <span class='ocrx_word' id='word_1_19' title='bbox 938 413 1047 456; x_wconf 77' lang='lat' dir='ltr'><strong>sicut</strong></span> <span class='ocrx_word' id='word_1_20' title='bbox 1069 415 1300 467; x_wconf 74' lang='lat' dir='ltr'><strong><em>dimiserat,</em></strong></span> <span class='ocrx_word' id='word_1_21' title='bbox 1322 430 1414 460; x_wconf 79' lang='lat' dir='ltr'><strong>cum</strong></span> <span class='ocrx_word' id='word_1_22' title='bbox 1430 417 1530 461; x_wconf 86' lang='lat' dir='ltr'><strong>Cas·</strong></span> 
     </span>
     <span class='ocr_line' id='line_1_4' title="bbox 50 466 1526 527; baseline 0.006 -19"><span class='ocrx_word' id='word_1_23' title='bbox 50 466 147 509; x_wconf 82' lang='lat' dir='ltr'><strong>tello</strong></span> <span class='ocrx_word' id='word_1_24' title='bbox 191 466 240 509; x_wconf 79' lang='lat' dir='ltr'><strong>in</strong></span> <span class='ocrx_word' id='word_1_25' title='bbox 276 470 407 510; x_wconf 78' lang='lat' dir='ltr'><strong>totum</strong></span> <span class='ocrx_word' id='word_1_26' title='bbox 436 469 598 521; x_wconf 78' lang='lat' dir='ltr'><strong>tempus</strong></span> <span class='ocrx_word' id='word_1_27' title='bbox 626 466 841 511; x_wconf 75' lang='lat' dir='ltr'><strong><em>Ecclesiae</em></strong></span> <span class='ocrx_word' id='word_1_28' title='bbox 868 470 1175 524; x_wconf 74' lang='lat' dir='ltr'><strong>assiynaretur.</strong></span> <span class='ocrx_word' id='word_1_29' title='bbox 1251 472 1347 515; x_wconf 87' lang='lat' dir='ltr'><strong>Mox</strong></span> <span class='ocrx_word' id='word_1_30' title='bbox 1390 474 1526 527; x_wconf 84' lang='lat' dir='ltr'><strong>refert,</strong></span> 
     </span>
     <span class='ocr_line' id='line_1_5' title="bbox 51 522 1528 623; baseline 0.006 -58"><span class='ocrx_word' id='word_1_31' title='bbox 51 523 100 565; x_wconf 90' lang='lat' dir='ltr'><strong>ut</strong></span> <span class='ocrx_word' id='word_1_32' title='bbox 114 522 341 623; x_wconf 57' lang='lat' dir='ltr'><strong>Epist-‚ogas</strong></span> <span class='ocrx_word' id='word_1_33' title='bbox 371 523 563 566; x_wconf 87' lang='lat' dir='ltr'><strong>conflatis</strong></span> <span class='ocrx_word' id='word_1_34' title='bbox 579 533 707 567; x_wconf 76' lang='lat' dir='ltr'><strong>Mccc</strong></span> <span class='ocrx_word' id='word_1_35' title='bbox 734 525 886 567; x_wconf 87' lang='lat' dir='ltr'><strong>marcis</strong></span> <span class='ocrx_word' id='word_1_36' title='bbox 925 527 1090 581; x_wconf 83' lang='lat' dir='ltr'>argenti</span> <span class='ocrx_word' id='word_1_37' title='bbox 1119 528 1212 582; x_wconf 90' lang='lat' dir='ltr'><strong>puri</strong></span> <span class='ocrx_word' id='word_1_38' title='bbox 1242 529 1528 585; x_wconf 82' lang='lat' dir='ltr'>undecumque</span> 
     </span>
     <span class='ocr_line' id='line_1_6' title="bbox 51 579 1525 630; baseline 0.005 -9"><span class='ocrx_word' id='word_1_39' title='bbox 51 579 228 622; x_wconf 85' lang='lat' dir='ltr'><strong>corrasis</strong></span> <span class='ocrx_word' id='word_1_40' title='bbox 288 580 450 623; x_wconf 86' lang='lat' dir='ltr'><strong>astrum</strong></span> <span class='ocrx_word' id='word_1_41' title='bbox 470 592 496 623; x_wconf 88' lang='lat' dir='ltr'><strong>a</strong></span> <span class='ocrx_word' id='word_1_42' title='bbox 526 580 641 623; x_wconf 90' lang='lat' dir='ltr'><strong>Duce</strong></span> <span class='ocrx_word' id='word_1_43' title='bbox 660 581 820 623; x_wconf 79' lang='lat' dir='ltr'><strong>emerit.</strong></span> <span class='ocrx_word' id='word_1_44' title='bbox 850 581 969 625; x_wconf 87' lang='lat' dir='ltr'><strong>Adde</strong></span> <span class='ocrx_word' id='word_1_45' title='bbox 988 582 1230 626; x_wconf 87' lang='lat' dir='ltr'><strong>Albericum</strong></span> <span class='ocrx_word' id='word_1_46' title='bbox 1260 586 1340 627; x_wconf 91' lang='lat' dir='ltr'><strong>An.</strong></span> <span class='ocrx_word' id='word_1_47' title='bbox 1359 596 1525 630; x_wconf 78' lang='lat' dir='ltr'><strong>MXCVI.</strong></span> 
     </span>
     <span class='ocr_line' id='line_1_7' title="bbox 50 635 1526 736; baseline 0.005 -58"><span class='ocrx_word' id='word_1_48' title='bbox 50 636 107 734; x_wconf 49' lang='lat' dir='ltr'><strong>etl</strong></span> <span class='ocrx_word' id='word_1_49' title='bbox 122 635 585 736; x_wconf 65' lang='lat' dir='ltr'><strong>AutoremGOASppendic.</strong></span> <span class='ocrx_word' id='word_1_50' title='bbox 626 637 681 680; x_wconf 91' lang='lat' dir='ltr'><strong>ad</strong></span> <span class='ocrx_word' id='word_1_51' title='bbox 716 636 949 681; x_wconf 90' lang='lat' dir='ltr'><strong>Chronicon</strong></span> <span class='ocrx_word' id='word_1_52' title='bbox 988 639 1187 683; x_wconf 88' lang='lat' dir='ltr'><strong>Lobiense</strong></span> <span class='ocrx_word' id='word_1_53' title='bbox 1218 641 1335 684; x_wconf 90' lang='lat' dir='ltr'><strong>Tom.</strong></span> <span class='ocrx_word' id='word_1_54' title='bbox 1354 643 1393 684; x_wconf 91' lang='lat'><strong>6.</strong></span> <span class='ocrx_word' id='word_1_55' title='bbox 1431 641 1526 697; x_wconf 92' lang='lat' dir='ltr'><strong>Spi-</strong></span> 
     </span>
     <span class='ocr_line' id='line_1_8' title="bbox 51 705 416 736; baseline 0.003 -1"><span class='ocrx_word' id='word_1_56' title='bbox 51 705 74 735; x_wconf 91' lang='lat' dir='ltr'><strong>c</strong></span> <span class='ocrx_word' id='word_1_57' title='bbox 162 725 172 735; x_wconf 97' lang='lat'><strong>.</strong></span> <span class='ocrx_word' id='word_1_58' title='bbox 288 726 298 735; x_wconf 94' lang='lat'><strong>.</strong></span> <span class='ocrx_word' id='word_1_59' title='bbox 406 726 416 736; x_wconf 93' lang='lat'><strong>.</strong></span> 
     </span>
    </p>

    <p class='ocr_par' dir='ltr' id='par_1_3' title="bbox 50 704 1568 862">
     <span class='ocr_line' id='line_1_9' title="bbox 107 704 1568 808; baseline 0.005 -18"><span class='ocrx_word' id='word_1_60' title='bbox 107 704 159 747; x_wconf 57' lang='lat' dir='ltr'><strong>eg</strong></span> <span class='ocrx_word' id='word_1_61' title='bbox 182 705 538 806; x_wconf 53' lang='lat' dir='ltr'><strong>Joffaeyassaqelag]</strong></span> <span class='ocrx_word' id='word_1_62' title='bbox 565 749 663 793; x_wconf 86' lang='lat' dir='ltr'><strong>Non</strong></span> <span class='ocrx_word' id='word_1_63' title='bbox 693 750 911 793; x_wconf 79' lang='lat' dir='ltr'><strong>Adriatico</strong></span> <span class='ocrx_word' id='word_1_64' title='bbox 942 752 1050 794; x_wconf 89' lang='lat' dir='ltr'><strong>mari</strong></span> <span class='ocrx_word' id='word_1_65' title='bbox 1076 752 1263 805; x_wconf 89' lang='lat' dir='ltr'><strong>traiecto,</strong></span> <span class='ocrx_word' id='word_1_66' title='bbox 1294 754 1404 808; x_wconf 88' lang='lat' dir='ltr'><strong>quod</strong></span> <span class='ocrx_word' id='word_1_67' title='bbox 1433 754 1568 797; x_wconf 82' lang='lat' dir='ltr'><strong>vultD</strong></span> 
     </span>
     <span class='ocr_line' id='line_1_10' title="bbox 50 805 1525 862; baseline 0.003 -14"><span class='ocrx_word' id='word_1_68' title='bbox 50 806 188 857; x_wconf 86' lang='lat' dir='ltr'><strong>Anna,</strong></span> <span class='ocrx_word' id='word_1_69' title='bbox 217 805 594 862; x_wconf 85' lang='lat' dir='ltr'><strong>sedLotharingia,</strong></span> <span class='ocrx_word' id='word_1_70' title='bbox 623 807 871 859; x_wconf 88' lang='lat' dir='ltr'><strong>Franconia,</strong></span> <span class='ocrx_word' id='word_1_71' title='bbox 909 807 1093 851; x_wconf 85' lang='lat' dir='ltr'><strong>Bavaria</strong></span> <span class='ocrx_word' id='word_1_72' title='bbox 1123 810 1164 851; x_wconf 92' lang='lat' dir='ltr'><strong>et</strong></span> <span class='ocrx_word' id='word_1_73' title='bbox 1184 810 1359 853; x_wconf 90' lang='lat' dir='ltr'><strong>Austria</strong></span> <span class='ocrx_word' id='word_1_74' title='bbox 1386 811 1525 853; x_wconf 89' lang='lat' dir='ltr'><strong>trans-</strong></span> 
     </span>
    </p>

    <p class='ocr_par' dir='ltr' id='par_1_4' title="bbox 0 860 1524 963">
     <span class='ocr_line' id='line_1_11' title="bbox 0 860 1524 963; baseline 0.003 -58"><span class='ocrx_word' id='word_1_75' title='bbox 0 860 2 865; x_wconf 80' lang='grc'>’</span> <span class='ocrx_word' id='word_1_76' title='bbox 49 862 182 962; x_wconf 47' lang='lat' dir='ltr'><strong>ismara?</strong></span> <span class='ocrx_word' id='word_1_77' title='bbox 208 862 253 905; x_wconf 92' lang='lat' dir='ltr'><strong>in</strong></span> <span class='ocrx_word' id='word_1_78' title='bbox 282 862 562 963; x_wconf 56' lang='lat' dir='ltr'><strong>Hluengatiffi·</strong></span> <span class='ocrx_word' id='word_1_79' title='bbox 589 864 632 907; x_wconf 88' lang='lat' dir='ltr'><strong>et</strong></span> <span class='ocrx_word' id='word_1_80' title='bbox 661 863 885 907; x_wconf 83' lang='lat' dir='ltr'><strong>Thraciam</strong></span> <span class='ocrx_word' id='word_1_81' title='bbox 920 865 1109 918; x_wconf 88' lang='lat' dir='ltr'><strong>pervenit</strong></span> <span class='ocrx_word' id='word_1_82' title='bbox 1136 865 1298 909; x_wconf 89' lang='lat' dir='ltr'><strong>Petrus.</strong></span> <span class='ocrx_word' id='word_1_83' title='bbox 1328 866 1396 909; x_wconf 89' lang='lat' dir='ltr'><strong>W.</strong></span> <span class='ocrx_word' id='word_1_84' title='bbox 1427 866 1524 922; x_wconf 79' lang='lat' dir='ltr'><strong>Tyr.</strong></span> 
     </span>
    </p>

    <p class='ocr_par' dir='ltr' id='par_1_5' title="bbox 112 931 577 964">
     <span class='ocr_line' id='line_1_12' title="bbox 112 931 577 964; baseline 0.004 -3"><span class='ocrx_word' id='word_1_85' title='bbox 112 952 122 961; x_wconf 93' lang='lat'><strong>.</strong></span> <span class='ocrx_word' id='word_1_86' title='bbox 172 951 182 960; x_wconf 92' lang='lat'><strong>.</strong></span> <span class='ocrx_word' id='word_1_87' title='bbox 213 931 262 962; x_wconf 88' lang='lat' dir='ltr'><strong>ca</strong></span> <span class='ocrx_word' id='word_1_88' title='bbox 291 954 301 962; x_wconf 92' lang='lat'><strong>.</strong></span> <span class='ocrx_word' id='word_1_89' title='bbox 380 953 391 962; x_wconf 90' lang='lat'><strong>.</strong></span> <span class='ocrx_word' id='word_1_90' title='bbox 420 932 442 962; x_wconf 92' lang='lat' dir='ltr'><strong>e</strong></span> <span class='ocrx_word' id='word_1_91' title='bbox 549 934 577 964; x_wconf 94' lang='lat'><strong>1.</strong></span> 
     </span>
    </p>

    <p class='ocr_par' dir='ltr' id='par_1_6' title="bbox 48 931 1757 1247">
     <span class='ocr_line' id='line_1_13' title="bbox 181 931 1757 1035; baseline 0.003 -17"><span class='ocrx_word' id='word_1_92' title='bbox 181 931 409 1018; x_wconf 52' lang='lat' dir='ltr'><strong>Xdpddw</strong></span> <span class='ocrx_word' id='word_1_93' title='bbox 438 969 733 1035; x_wconf 78' lang='grc' dir='ltr'><strong><em>ὀγδοήκοντα]</em></strong></span> <span class='ocrx_word' id='word_1_94' title='bbox 762 975 977 1019; x_wconf 76' lang='lat' dir='ltr'>Exercitus</span> <span class='ocrx_word' id='word_1_95' title='bbox 1006 977 1123 1020; x_wconf 89' lang='lat' dir='ltr'><strong>Petri</strong></span> <span class='ocrx_word' id='word_1_96' title='bbox 1150 979 1342 1033; x_wconf 79' lang='lat' dir='ltr'><strong>copiosus</strong></span> <span class='ocrx_word' id='word_1_97' title='bbox 1367 979 1453 1032; x_wconf 77' lang='lat' dir='ltr'><strong>fuit</strong></span> <span class='ocrx_word' id='word_1_98' title='bbox 1480 973 1757 1034; x_wconf 58' lang='lat' dir='ltr'><strong>ateagesex</strong></span> 
     </span>
     <span class='ocr_line' id='line_1_14' title="bbox 52 1032 1524 1090; baseline 0.003 -15"><span class='ocrx_word' id='word_1_99' title='bbox 52 1045 186 1076; x_wconf 68' lang='lat' dir='ltr'><strong>arena</strong></span> <span class='ocrx_word' id='word_1_100' title='bbox 225 1033 361 1076; x_wconf 74' lang='lat' dir='ltr'><strong>man&#39;s</strong></span> <span class='ocrx_word' id='word_1_101' title='bbox 391 1032 728 1087; x_wconf 78' lang='lat' dir='ltr'><strong>innumerabilis,</strong></span> <span class='ocrx_word' id='word_1_102' title='bbox 772 1033 844 1086; x_wconf 77' lang='lat' dir='ltr'><strong>qui</strong></span> <span class='ocrx_word' id='word_1_103' title='bbox 885 1047 914 1076; x_wconf 84' lang='lat' dir='ltr'><strong>a</strong></span> <span class='ocrx_word' id='word_1_104' title='bbox 942 1033 1119 1077; x_wconf 73' lang='lat' dir='ltr'><strong>diversis</strong></span> <span class='ocrx_word' id='word_1_105' title='bbox 1149 1034 1312 1090; x_wconf 77' lang='lat' dir='ltr'><strong>Reym&#39;s</strong></span> <span class='ocrx_word' id='word_1_106' title='bbox 1336 1036 1404 1078; x_wconf 77' lang='lat' dir='ltr'><strong>illi</strong></span> <span class='ocrx_word' id='word_1_107' title='bbox 1431 1049 1524 1079; x_wconf 82' lang='lat' dir='ltr'><strong>con-</strong></span> 
     </span>
     <span class='ocr_line' id='line_1_15' title="bbox 48 1089 1522 1146; baseline 0.003 -15"><span class='ocrx_word' id='word_1_108' title='bbox 48 1089 216 1132; x_wconf 76' lang='lat' dir='ltr'><strong>iunctus</strong></span> <span class='ocrx_word' id='word_1_109' title='bbox 242 1089 482 1145; x_wconf 81' lang='lat' dir='ltr'><strong>advenerat,</strong></span> <span class='ocrx_word' id='word_1_110' title='bbox 512 1091 575 1133; x_wconf 88' lang='lat' dir='ltr'><strong>ait</strong></span> <span class='ocrx_word' id='word_1_111' title='bbox 600 1089 801 1132; x_wconf 87' lang='lat' dir='ltr'><strong>Albertus</strong></span> <span class='ocrx_word' id='word_1_112' title='bbox 831 1089 912 1144; x_wconf 91' lang='lat' dir='ltr'><strong>Aq.</strong></span> <span class='ocrx_word' id='word_1_113' title='bbox 951 1089 1023 1133; x_wconf 90' lang='lat' dir='ltr'><strong>lib.</strong></span> <span class='ocrx_word' id='word_1_114' title='bbox 1049 1091 1084 1133; x_wconf 95' lang='grc'><strong>1.</strong></span> <span class='ocrx_word' id='word_1_115' title='bbox 1120 1103 1209 1146; x_wconf 89' lang='lat' dir='ltr'><strong>cap.</strong></span> <span class='ocrx_word' id='word_1_116' title='bbox 1231 1092 1270 1134; x_wconf 87' lang='lat'><strong>8.</strong></span> <span class='ocrx_word' id='word_1_117' title='bbox 1327 1092 1388 1134; x_wconf 87' lang='lat' dir='ltr'><strong>At</strong></span> <span class='ocrx_word' id='word_1_118' title='bbox 1414 1092 1522 1135; x_wconf 89' lang='lat' dir='ltr'><strong>idem</strong></span> 
     </span>
     <span class='ocr_line' id='line_1_16' title="bbox 49 1145 1523 1204; baseline 0.003 -16"><span class='ocrx_word' id='word_1_119' title='bbox 49 1145 237 1200; x_wconf 88' lang='lat' dir='ltr'><strong>Scriptor</strong></span> <span class='ocrx_word' id='word_1_120' title='bbox 265 1158 355 1201; x_wconf 89' lang='lat' dir='ltr'><strong>cap.</strong></span> <span class='ocrx_word' id='word_1_121' title='bbox 378 1147 444 1190; x_wconf 89' lang='lat'><strong>13.</strong></span> <span class='ocrx_word' id='word_1_122' title='bbox 475 1147 517 1190; x_wconf 91' lang='lat' dir='ltr'><strong>et</strong></span> <span class='ocrx_word' id='word_1_123' title='bbox 553 1160 600 1190; x_wconf 90' lang='lat' dir='ltr'><strong>ex</strong></span> <span class='ocrx_word' id='word_1_124' title='bbox 620 1158 667 1189; x_wconf 88' lang='lat' dir='ltr'><strong>eo</strong></span> <span class='ocrx_word' id='word_1_125' title='bbox 688 1145 840 1201; x_wconf 83' lang='lat' dir='ltr'><strong>Tyrius</strong></span> <span class='ocrx_word' id='word_1_126' title='bbox 859 1146 931 1189; x_wconf 90' lang='lat' dir='ltr'><strong>lib.</strong></span> <span class='ocrx_word' id='word_1_127' title='bbox 956 1147 993 1189; x_wconf 90' lang='lat'><strong>1.</strong></span> <span class='ocrx_word' id='word_1_128' title='bbox 1023 1159 1112 1201; x_wconf 90' lang='lat' dir='ltr'><strong>cap.</strong></span> <span class='ocrx_word' id='word_1_129' title='bbox 1155 1149 1219 1190; x_wconf 87' lang='grc'><strong>19.</strong></span> <span class='ocrx_word' id='word_1_130' title='bbox 1241 1148 1523 1204; x_wconf 88' lang='lat' dir='ltr'><strong>quadraginta</strong></span> 
     </span>
     <span class='ocr_line' id='line_1_17' title="bbox 48 1202 1304 1247; baseline 0.001 -2"><span class='ocrx_word' id='word_1_131' title='bbox 48 1202 231 1245; x_wconf 89' lang='lat' dir='ltr'><strong>millium</strong></span> <span class='ocrx_word' id='word_1_132' title='bbox 255 1202 471 1246; x_wconf 88' lang='lat' dir='ltr'><strong>hominnm</strong></span> <span class='ocrx_word' id='word_1_133' title='bbox 501 1215 721 1247; x_wconf 90' lang='lat' dir='ltr'><strong>numerum</strong></span> <span class='ocrx_word' id='word_1_134' title='bbox 751 1215 834 1245; x_wconf 91' lang='lat' dir='ltr'><strong>non</strong></span> <span class='ocrx_word' id='word_1_135' title='bbox 864 1203 1078 1246; x_wconf 78' lang='lat' dir='ltr'><strong>excessisse</strong></span> <span class='ocrx_word' id='word_1_136' title='bbox 1106 1204 1304 1247; x_wconf 87' lang='lat' dir='ltr'><strong>scribunt.</strong></span> 
     </span>
    </p>

    <p class='ocr_par' dir='ltr' id='par_1_7' title="bbox 45 1254 1563 1825">
     <span class='ocr_line' id='line_1_18' title="bbox 178 1254 1563 1315; baseline 0.001 -14"><span class='ocrx_word' id='word_1_137' title='bbox 178 1254 520 1315; x_wconf 77' lang='grc' dir='ltr'><strong><em>Ἑλενοῦπολιν]</em></strong></span> <span class='ocrx_word' id='word_1_138' title='bbox 567 1258 830 1303; x_wconf 81' lang='lat' dir='ltr'><strong>Transmisso</strong></span> <span class='ocrx_word' id='word_1_139' title='bbox 876 1259 982 1302; x_wconf 83' lang='lat' dir='ltr'><strong>freto</strong></span> <span class='ocrx_word' id='word_1_140' title='bbox 1022 1259 1194 1303; x_wconf 90' lang='lat' dir='ltr'><strong>Petrum</strong></span> <span class='ocrx_word' id='word_1_141' title='bbox 1235 1260 1288 1303; x_wconf 89' lang='lat' dir='ltr'><strong>ad</strong></span> <span class='ocrx_word' id='word_1_142' title='bbox 1331 1260 1563 1313; x_wconf 90' lang='lat' dir='ltr'><strong>Portum‚B</strong></span> 
     </span>
     <span class='ocr_line' id='line_1_19' title="bbox 48 1315 1520 1372; baseline 0.001 -14"><span class='ocrx_word' id='word_1_143' title='bbox 48 1315 121 1370; x_wconf 91' lang='lat' dir='ltr'><strong>qui</strong></span> <span class='ocrx_word' id='word_1_144' title='bbox 163 1317 339 1359; x_wconf 84' lang='lat' dir='ltr'><strong>vocatur</strong></span> <span class='ocrx_word' id='word_1_145' title='bbox 369 1315 539 1369; x_wconf 77' lang='lat' dir='ltr'><strong>Oioitot,</strong></span> <span class='ocrx_word' id='word_1_146' title='bbox 583 1316 722 1359; x_wconf 85' lang='lat' dir='ltr'><strong>castra</strong></span> <span class='ocrx_word' id='word_1_147' title='bbox 765 1315 972 1358; x_wconf 86' lang='lat' dir='ltr'><strong>metatum</strong></span> <span class='ocrx_word' id='word_1_148' title='bbox 1016 1316 1161 1359; x_wconf 88' lang='lat' dir='ltr'><strong>scribit</strong></span> <span class='ocrx_word' id='word_1_149' title='bbox 1202 1316 1401 1360; x_wconf 86' lang='lat' dir='ltr'><strong>Albertus</strong></span> <span class='ocrx_word' id='word_1_150' title='bbox 1438 1317 1520 1372; x_wconf 87' lang='lat' dir='ltr'><strong>Aq.</strong></span> 
     </span>
     <span class='ocr_line' id='line_1_20' title="bbox 45 1371 1523 1428; baseline 0.001 -14"><span class='ocrx_word' id='word_1_151' title='bbox 45 1372 119 1415; x_wconf 87' lang='lat' dir='ltr'><strong>lib.</strong></span> <span class='ocrx_word' id='word_1_152' title='bbox 141 1373 178 1415; x_wconf 97' lang='grc'><strong>1.</strong></span> <span class='ocrx_word' id='word_1_153' title='bbox 208 1385 299 1428; x_wconf 85' lang='lat' dir='ltr'><strong>cap.</strong></span> <span class='ocrx_word' id='word_1_154' title='bbox 320 1373 387 1416; x_wconf 89' lang='lat'><strong>16.</strong></span> <span class='ocrx_word' id='word_1_155' title='bbox 445 1373 523 1416; x_wconf 89' lang='lat' dir='ltr'><strong>Est</strong></span> <span class='ocrx_word' id='word_1_156' title='bbox 551 1386 650 1416; x_wconf 85' lang='lat' dir='ltr'><strong>vero</strong></span> <span class='ocrx_word' id='word_1_157' title='bbox 679 1371 948 1426; x_wconf 84' lang='lat' dir='ltr'><strong>Helenopolis</strong></span> <span class='ocrx_word' id='word_1_158' title='bbox 966 1372 1191 1428; x_wconf 73' lang='lat' dir='ltr'><strong>Bithyniae</strong></span> <span class='ocrx_word' id='word_1_159' title='bbox 1220 1374 1319 1416; x_wconf 88' lang='lat' dir='ltr'><strong>urbs</strong></span> <span class='ocrx_word' id='word_1_160' title='bbox 1348 1373 1401 1416; x_wconf 92' lang='lat' dir='ltr'><strong>ad</strong></span> <span class='ocrx_word' id='word_1_161' title='bbox 1413 1373 1523 1416; x_wconf 89' lang='lat' dir='ltr'><strong>Dra-</strong></span> 
     </span>
     <span class='ocr_line' id='line_1_21' title="bbox 47 1428 1522 1484; baseline 0.001 -13"><span class='ocrx_word' id='word_1_162' title='bbox 47 1429 183 1472; x_wconf 88' lang='lat' dir='ltr'><strong>contis</strong></span> <span class='ocrx_word' id='word_1_163' title='bbox 226 1429 345 1473; x_wconf 85' lang='lat' dir='ltr'><strong>fluvii</strong></span> <span class='ocrx_word' id='word_1_164' title='bbox 374 1430 543 1482; x_wconf 86' lang='lat' dir='ltr'><strong>ostium,</strong></span> <span class='ocrx_word' id='word_1_165' title='bbox 584 1430 630 1472; x_wconf 90' lang='lat' dir='ltr'><strong>in</strong></span> <span class='ocrx_word' id='word_1_166' title='bbox 659 1428 968 1471; x_wconf 88' lang='lat' dir='ltr'><strong>Nicomediensi</strong></span> <span class='ocrx_word' id='word_1_167' title='bbox 1011 1429 1118 1481; x_wconf 88' lang='lat' dir='ltr'><strong>sinu,</strong></span> <span class='ocrx_word' id='word_1_168' title='bbox 1158 1429 1396 1484; x_wconf 88' lang='lat' dir='ltr'><strong>Drepanum</strong></span> <span class='ocrx_word' id='word_1_169' title='bbox 1422 1429 1522 1472; x_wconf 91' lang='lat' dir='ltr'><strong>olim</strong></span> 
     </span>
     <span class='ocr_line' id='line_1_22' title="bbox 47 1484 1523 1540; baseline 0 -12"><span class='ocrx_word' id='word_1_170' title='bbox 47 1485 176 1538; x_wconf 84' lang='lat' dir='ltr'><strong>dicta,</strong></span> <span class='ocrx_word' id='word_1_171' title='bbox 206 1486 250 1529; x_wconf 92' lang='lat' dir='ltr'><strong>et</strong></span> <span class='ocrx_word' id='word_1_172' title='bbox 279 1486 334 1529; x_wconf 88' lang='lat' dir='ltr'><strong>ab</strong></span> <span class='ocrx_word' id='word_1_173' title='bbox 363 1486 525 1530; x_wconf 89' lang='lat' dir='ltr'><strong>Helena</strong></span> <span class='ocrx_word' id='word_1_174' title='bbox 557 1484 825 1530; x_wconf 82' lang='lat' dir='ltr'><strong>Constantini</strong></span> <span class='ocrx_word' id='word_1_175' title='bbox 854 1485 911 1527; x_wconf 88' lang='lat' dir='ltr'><strong>M.</strong></span> <span class='ocrx_word' id='word_1_176' title='bbox 940 1485 1087 1537; x_wconf 89' lang='lat' dir='ltr'><strong>matre,</strong></span> <span class='ocrx_word' id='word_1_177' title='bbox 1118 1498 1243 1540; x_wconf 87' lang='lat' dir='ltr'><strong>quam</strong></span> <span class='ocrx_word' id='word_1_178' title='bbox 1274 1486 1310 1529; x_wconf 92' lang='lat' dir='ltr'><strong>ei</strong></span> <span class='ocrx_word' id='word_1_179' title='bbox 1340 1486 1523 1529; x_wconf 88' lang='lat' dir='ltr'><strong>natalem</strong></span> 
     </span>
     <span class='ocr_line' id='line_1_23' title="bbox 47 1541 1525 1598; baseline 0.001 -14"><span class='ocrx_word' id='word_1_180' title='bbox 47 1541 174 1586; x_wconf 84' lang='lat' dir='ltr'><strong>fuisse</strong></span> <span class='ocrx_word' id='word_1_181' title='bbox 200 1542 323 1586; x_wconf 89' lang='lat' dir='ltr'><strong>aiunt</strong></span> <span class='ocrx_word' id='word_1_182' title='bbox 350 1544 604 1598; x_wconf 87' lang='lat' dir='ltr'><strong>nuncupata,</strong></span> <span class='ocrx_word' id='word_1_183' title='bbox 648 1543 698 1585; x_wconf 89' lang='lat' dir='ltr'><strong>ut</strong></span> <span class='ocrx_word' id='word_1_184' title='bbox 726 1542 788 1584; x_wconf 88' lang='lat' dir='ltr'><strong>est</strong></span> <span class='ocrx_word' id='word_1_185' title='bbox 835 1541 944 1595; x_wconf 89' lang='lat' dir='ltr'><strong>apud</strong></span> <span class='ocrx_word' id='word_1_186' title='bbox 978 1541 1208 1585; x_wconf 88' lang='lat' dir='ltr'><strong>Cedrennm</strong></span> <span class='ocrx_word' id='word_1_187' title='bbox 1238 1543 1288 1585; x_wconf 90' lang='lat' dir='ltr'><strong>A.</strong></span> <span class='ocrx_word' id='word_1_188' title='bbox 1304 1552 1385 1585; x_wconf 82' lang='lat' dir='ltr'><strong>xx.</strong></span> <span class='ocrx_word' id='word_1_189' title='bbox 1416 1541 1525 1585; x_wconf 90' lang='lat' dir='ltr'><strong>Con-</strong></span> 
     </span>
     <span class='ocr_line' id='line_1_24' title="bbox 46 1598 1524 1654; baseline -0.001 -12"><span class='ocrx_word' id='word_1_190' title='bbox 46 1599 163 1642; x_wconf 86' lang='lat' dir='ltr'><strong>stant</strong></span> <span class='ocrx_word' id='word_1_191' title='bbox 201 1599 376 1654; x_wconf 87' lang='lat' dir='ltr'><strong>Procop.</strong></span> <span class='ocrx_word' id='word_1_192' title='bbox 404 1599 477 1643; x_wconf 92' lang='lat' dir='ltr'><strong>lib.</strong></span> <span class='ocrx_word' id='word_1_193' title='bbox 499 1601 538 1643; x_wconf 91' lang='lat'><strong>5.</strong></span> <span class='ocrx_word' id='word_1_194' title='bbox 589 1599 639 1642; x_wconf 90' lang='lat' dir='ltr'><strong>de</strong></span> <span class='ocrx_word' id='word_1_195' title='bbox 681 1598 821 1641; x_wconf 79' lang='lat' dir='ltr'><strong>Aedis.</strong></span> <span class='ocrx_word' id='word_1_196' title='bbox 863 1598 967 1641; x_wconf 89' lang='lat' dir='ltr'><strong>Iust.</strong></span> <span class='ocrx_word' id='word_1_197' title='bbox 998 1598 1146 1641; x_wconf 88' lang='lat' dir='ltr'><strong>Euseb.</strong></span> <span class='ocrx_word' id='word_1_198' title='bbox 1183 1598 1256 1641; x_wconf 86' lang='lat' dir='ltr'><strong>lib.</strong></span> <span class='ocrx_word' id='word_1_199' title='bbox 1276 1599 1315 1641; x_wconf 87' lang='lat'><strong>4.</strong></span> <span class='ocrx_word' id='word_1_200' title='bbox 1353 1599 1403 1641; x_wconf 93' lang='lat' dir='ltr'><strong>de</strong></span> <span class='ocrx_word' id='word_1_201' title='bbox 1423 1599 1524 1641; x_wconf 82' lang='lat' dir='ltr'><strong>Vita</strong></span> 
     </span>
     <span class='ocr_line' id='line_1_25' title="bbox 51 1654 1523 1712; baseline -0.001 -14"><span class='ocrx_word' id='word_1_202' title='bbox 51 1654 195 1699; x_wconf 85' lang='lat' dir='ltr'><strong>Const.</strong></span> <span class='ocrx_word' id='word_1_203' title='bbox 225 1667 315 1710; x_wconf 85' lang='lat' dir='ltr'><strong>cap.</strong></span> <span class='ocrx_word' id='word_1_204' title='bbox 336 1657 403 1700; x_wconf 89' lang='lat'><strong>61.</strong></span> <span class='ocrx_word' id='word_1_205' title='bbox 424 1656 681 1712; x_wconf 85' lang='lat' dir='ltr'><strong>Philostorg.</strong></span> <span class='ocrx_word' id='word_1_206' title='bbox 710 1655 784 1697; x_wconf 89' lang='lat' dir='ltr'><strong>lib.</strong></span> <span class='ocrx_word' id='word_1_207' title='bbox 801 1656 840 1697; x_wconf 83' lang='lat'><strong>2.</strong></span> <span class='ocrx_word' id='word_1_208' title='bbox 871 1667 960 1709; x_wconf 84' lang='lat' dir='ltr'><strong>cap.</strong></span> <span class='ocrx_word' id='word_1_209' title='bbox 985 1655 1049 1696; x_wconf 84' lang='lat'><strong>13.</strong></span> <span class='ocrx_word' id='word_1_210' title='bbox 1071 1654 1230 1697; x_wconf 88' lang='lat' dir='ltr'><strong>Socrat.</strong></span> <span class='ocrx_word' id='word_1_211' title='bbox 1257 1655 1428 1709; x_wconf 88' lang='lat' dir='ltr'><strong>Niceph.</strong></span> <span class='ocrx_word' id='word_1_212' title='bbox 1445 1656 1523 1697; x_wconf 91' lang='lat' dir='ltr'><strong>etc.</strong></span> 
     </span>
     <span class='ocr_line' id='line_1_26' title="bbox 50 1710 1520 1767; baseline -0.001 -13"><span class='ocrx_word' id='word_1_213' title='bbox 50 1711 247 1756; x_wconf 85' lang='lat' dir='ltr'><strong>Eiusdem</strong></span> <span class='ocrx_word' id='word_1_214' title='bbox 268 1712 422 1767; x_wconf 84' lang='lat' dir='ltr'><strong>Oppidi</strong></span> <span class='ocrx_word' id='word_1_215' title='bbox 450 1713 644 1756; x_wconf 89' lang='lat' dir='ltr'><strong>meminit</strong></span> <span class='ocrx_word' id='word_1_216' title='bbox 662 1711 1056 1767; x_wconf 85' lang='lat' dir='ltr'><strong>Porphyrogenneta</strong></span> <span class='ocrx_word' id='word_1_217' title='bbox 1078 1711 1122 1752; x_wconf 94' lang='lat' dir='ltr'><strong>in</strong></span> <span class='ocrx_word' id='word_1_218' title='bbox 1144 1711 1343 1754; x_wconf 85' lang='lat' dir='ltr'><strong>Themate</strong></span> <span class='ocrx_word' id='word_1_219' title='bbox 1373 1710 1520 1765; x_wconf 90' lang='lat' dir='ltr'><strong>Obseq.</strong></span> 
     </span>
     <span class='ocr_line' id='line_1_27' title="bbox 46 1767 1176 1825; baseline -0.002 -14"><span class='ocrx_word' id='word_1_220' title='bbox 46 1769 95 1811; x_wconf 93' lang='lat' dir='ltr'><strong>ut</strong></span> <span class='ocrx_word' id='word_1_221' title='bbox 124 1769 167 1811; x_wconf 89' lang='lat' dir='ltr'><strong>et</strong></span> <span class='ocrx_word' id='word_1_222' title='bbox 195 1768 397 1825; x_wconf 68' lang='lat' dir='ltr'><strong>Scylitzae</strong></span> <span class='ocrx_word' id='word_1_223' title='bbox 425 1770 468 1813; x_wconf 90' lang='lat' dir='ltr'><strong>et</strong></span> <span class='ocrx_word' id='word_1_224' title='bbox 500 1769 654 1825; x_wconf 80' lang='lat' dir='ltr'><strong>Glycas</strong></span> <span class='ocrx_word' id='word_1_225' title='bbox 682 1770 727 1811; x_wconf 89' lang='lat' dir='ltr'><strong>in</strong></span> <span class='ocrx_word' id='word_1_226' title='bbox 758 1768 947 1811; x_wconf 89' lang='lat' dir='ltr'><strong>Romano</strong></span> <span class='ocrx_word' id='word_1_227' title='bbox 978 1767 1176 1823; x_wconf 87' lang='lat' dir='ltr'><strong>Diogene.</strong></span> 
     </span>
    </p>

    <p class='ocr_par' dir='ltr' id='par_1_8' title="bbox 178 1823 1561 1881">
     <span class='ocr_line' id='line_1_28' title="bbox 178 1823 1561 1881; baseline -0.007 -11"><span class='ocrx_word' id='word_1_228' title='bbox 178 1824 472 1881; x_wconf 82' lang='grc' dir='ltr'><strong><em>Ξερίγορδον]</em></strong></span> <span class='ocrx_word' id='word_1_229' title='bbox 491 1825 684 1869; x_wconf 87' lang='lat' dir='ltr'><strong>Castrum</strong></span> <span class='ocrx_word' id='word_1_230' title='bbox 703 1825 818 1867; x_wconf 90' lang='lat' dir='ltr'><strong>ultra</strong></span> <span class='ocrx_word' id='word_1_231' title='bbox 839 1824 1052 1875; x_wconf 83' lang='lat' dir='ltr'><strong>Nicaeam,</strong></span> <span class='ocrx_word' id='word_1_232' title='bbox 1079 1823 1384 1879; x_wconf 73' lang='lat' dir='ltr'><strong>Exeroyoryon</strong></span> <span class='ocrx_word' id='word_1_233' title='bbox 1415 1825 1561 1865; x_wconf 88' lang='lat' dir='ltr'><strong>nun-C</strong></span> 
     </span>
    </p>

    <p class='ocr_par' dir='ltr' id='par_1_9' title="bbox 46 1880 1233 1936">
     <span class='ocr_line' id='line_1_29' title="bbox 46 1880 1233 1936; baseline -0.002 -12"><span class='ocrx_word' id='word_1_234' title='bbox 46 1882 247 1936; x_wconf 86' lang='lat' dir='ltr'><strong>cnpatum</strong></span> <span class='ocrx_word' id='word_1_235' title='bbox 276 1882 514 1935; x_wconf 83' lang='lat' dir='ltr'><strong>Tudebodo‚</strong></span> <span class='ocrx_word' id='word_1_236' title='bbox 548 1882 760 1933; x_wconf 86' lang='lat' dir='ltr'><strong>Baldrico‚</strong></span> <span class='ocrx_word' id='word_1_237' title='bbox 793 1880 993 1924; x_wconf 83' lang='lat' dir='ltr'><strong>Guiberto</strong></span> <span class='ocrx_word' id='word_1_238' title='bbox 1023 1881 1065 1922; x_wconf 88' lang='lat' dir='ltr'><strong>et</strong></span> <span class='ocrx_word' id='word_1_239' title='bbox 1095 1880 1233 1935; x_wconf 77' lang='lat' dir='ltr'><strong>Tyrio.</strong></span> 
     </span>
    </p>

    <p class='ocr_par' dir='ltr' id='par_1_10' title="bbox 0 1930 1755 2103">
     <span class='ocr_line' id='line_1_30' title="bbox 0 1930 1751 1995; baseline -0.003 -14"><span class='ocrx_word' id='word_1_240' title='bbox 0 1952 3 1955; x_wconf 92' lang='lat'>·</span> <span class='ocrx_word' id='word_1_241' title='bbox 166 1930 326 1995; x_wconf 79' lang='grc' dir='ltr'><strong><em>Ἔργον</em></strong></span> <span class='ocrx_word' id='word_1_242' title='bbox 355 1938 616 1993; x_wconf 84' lang='grc' dir='ltr'><strong><em>Μαχαίρας]</em></strong></span> <span class='ocrx_word' id='word_1_243' title='bbox 664 1937 836 1982; x_wconf 86' lang='lat' dir='ltr'><strong>Cladem</strong></span> <span class='ocrx_word' id='word_1_244' title='bbox 864 1937 971 1980; x_wconf 88' lang='lat' dir='ltr'><strong>hanc</strong></span> <span class='ocrx_word' id='word_1_245' title='bbox 1010 1936 1184 1979; x_wconf 88' lang='lat' dir='ltr'><strong>narrant</strong></span> <span class='ocrx_word' id='word_1_246' title='bbox 1210 1935 1408 1978; x_wconf 89' lang='lat' dir='ltr'><strong>Albertus</strong></span> <span class='ocrx_word' id='word_1_247' title='bbox 1438 1935 1751 1989; x_wconf 72' lang='lat' dir='ltr'><strong>Aq.Pag.287.A</strong></span> 
     </span>
     <span class='ocr_line' id='line_1_31' title="bbox 46 1991 1755 2052; baseline -0.003 -16"><span class='ocrx_word' id='word_1_248' title='bbox 46 1993 198 2050; x_wconf 87' lang='lat' dir='ltr'><strong>Tyrius</strong></span> <span class='ocrx_word' id='word_1_249' title='bbox 256 1996 298 2039; x_wconf 91' lang='lat' dir='ltr'><strong>et</strong></span> <span class='ocrx_word' id='word_1_250' title='bbox 340 1995 428 2048; x_wconf 91' lang='lat' dir='ltr'><strong>alii,</strong></span> <span class='ocrx_word' id='word_1_251' title='bbox 457 2009 584 2052; x_wconf 90' lang='lat' dir='ltr'><strong>quam</strong></span> <span class='ocrx_word' id='word_1_252' title='bbox 624 1994 825 2038; x_wconf 85' lang='lat' dir='ltr'><strong>accidisse</strong></span> <span class='ocrx_word' id='word_1_253' title='bbox 851 1994 1037 2036; x_wconf 88' lang='lat' dir='ltr'><strong>scribunt</strong></span> <span class='ocrx_word' id='word_1_254' title='bbox 1072 2005 1210 2034; x_wconf 89' lang='lat' dir='ltr'><strong>mense</strong></span> <span class='ocrx_word' id='word_1_255' title='bbox 1239 1991 1405 2035; x_wconf 90' lang='lat' dir='ltr'><strong>Octobr.</strong></span> <span class='ocrx_word' id='word_1_256' title='bbox 1436 1992 1518 2033; x_wconf 89' lang='lat' dir='ltr'><strong>An.</strong></span> <span class='ocrx_word' id='word_1_257' title='bbox 1752 2038 1755 2039; x_wconf 12' lang='lat'><em>⁷</em></span> 
     </span>
     <span class='ocr_line' id='line_1_32' title="bbox 45 2047 1517 2103; baseline -0.003 -9"><span class='ocrx_word' id='word_1_258' title='bbox 45 2060 213 2095; x_wconf 79' lang='lat' dir='ltr'><strong>MXCVI.</strong></span> <span class='ocrx_word' id='word_1_259' title='bbox 230 2052 479 2096; x_wconf 72' lang='lat' dir='ltr'><strong>&#39;l&#39;ndebodus</strong></span> <span class='ocrx_word' id='word_1_260' title='bbox 507 2053 580 2096; x_wconf 85' lang='lat' dir='ltr'><strong>lib.</strong></span> <span class='ocrx_word' id='word_1_261' title='bbox 600 2053 637 2095; x_wconf 91' lang='lat'><strong>1.</strong></span> <span class='ocrx_word' id='word_1_262' title='bbox 659 2051 885 2096; x_wconf 85' lang='lat' dir='ltr'><strong>Guibertus</strong></span> <span class='ocrx_word' id='word_1_263' title='bbox 908 2050 981 2093; x_wconf 92' lang='lat' dir='ltr'><strong>lib.</strong></span> <span class='ocrx_word' id='word_1_264' title='bbox 1003 2050 1041 2091; x_wconf 87' lang='lat'><strong>2.</strong></span> <span class='ocrx_word' id='word_1_265' title='bbox 1062 2061 1148 2103; x_wconf 86' lang='lat' dir='ltr'><strong>cap.</strong></span> <span class='ocrx_word' id='word_1_266' title='bbox 1164 2049 1226 2091; x_wconf 93' lang='grc'><strong>11.</strong></span> <span class='ocrx_word' id='word_1_267' title='bbox 1244 2047 1426 2090; x_wconf 83' lang='lat' dir='ltr'><strong>Baldric.</strong></span> <span class='ocrx_word' id='word_1_268' title='bbox 1441 2048 1517 2090; x_wconf 87' lang='lat' dir='ltr'><strong>etc.</strong></span> 
     </span>
    </p>

    <p class='ocr_par' dir='ltr' id='par_1_11' title="bbox 44 2101 1558 2217">
     <span class='ocr_line' id='line_1_33' title="bbox 174 2101 1558 2167; baseline -0.001 -17"><span class='ocrx_word' id='word_1_269' title='bbox 174 2101 464 2164; x_wconf 79' lang='grc' dir='ltr'><strong><em>,Ἀποχρώσας</em></strong></span> <span class='ocrx_word' id='word_1_270' title='bbox 477 2104 707 2164; x_wconf 83' lang='grc' dir='ltr'><strong><em>δυνάμεις]</em></strong></span> <span class='ocrx_word' id='word_1_271' title='bbox 738 2106 972 2150; x_wconf 83' lang='lat' dir='ltr'><strong>Auxiliares</strong></span> <span class='ocrx_word' id='word_1_272' title='bbox 994 2106 1132 2160; x_wconf 87' lang='lat' dir='ltr'><strong>copias</strong></span> <span class='ocrx_word' id='word_1_273' title='bbox 1145 2105 1270 2147; x_wconf 90' lang='lat' dir='ltr'><strong>Petro</strong></span> <span class='ocrx_word' id='word_1_274' title='bbox 1293 2103 1558 2167; x_wconf 66' lang='lat' dir='ltr'><strong>submissasc</strong></span> 
     </span>
     <span class='ocr_line' id='line_1_34' title="bbox 44 2159 1517 2217; baseline -0.005 -10"><span class='ocrx_word' id='word_1_275' title='bbox 44 2164 98 2207; x_wconf 86' lang='lat' dir='ltr'><strong>ab</strong></span> <span class='ocrx_word' id='word_1_276' title='bbox 129 2164 277 2209; x_wconf 84' lang='lat' dir='ltr'><strong>Alexio</strong></span> <span class='ocrx_word' id='word_1_277' title='bbox 296 2167 476 2209; x_wconf 90' lang='lat' dir='ltr'><strong>tradunt</strong></span> <span class='ocrx_word' id='word_1_278' title='bbox 505 2166 633 2209; x_wconf 87' lang='lat' dir='ltr'><strong>etiam</strong></span> <span class='ocrx_word' id='word_1_279' title='bbox 655 2164 854 2208; x_wconf 88' lang='lat' dir='ltr'><strong>Albertus</strong></span> <span class='ocrx_word' id='word_1_280' title='bbox 884 2164 968 2217; x_wconf 91' lang='lat' dir='ltr'><strong>Aq.</strong></span> <span class='ocrx_word' id='word_1_281' title='bbox 995 2162 1068 2205; x_wconf 92' lang='lat' dir='ltr'><strong>lib.</strong></span> <span class='ocrx_word' id='word_1_282' title='bbox 1092 2163 1127 2203; x_wconf 92' lang='lat'><strong>1.</strong></span> <span class='ocrx_word' id='word_1_283' title='bbox 1159 2173 1247 2215; x_wconf 88' lang='lat' dir='ltr'><strong>cap.</strong></span> <span class='ocrx_word' id='word_1_284' title='bbox 1265 2161 1331 2202; x_wconf 89' lang='lat'><strong>23.</strong></span> <span class='ocrx_word' id='word_1_285' title='bbox 1360 2161 1401 2202; x_wconf 89' lang='lat' dir='ltr'><strong>et</strong></span> <span class='ocrx_word' id='word_1_286' title='bbox 1430 2159 1517 2201; x_wconf 81' lang='grc'><strong>3111.</strong></span> 
     </span>
    </p>

    <p class='ocr_par' dir='ltr' id='par_1_12' title="bbox 2 2215 1559 2787">
     <span class='ocr_line' id='line_1_35' title="bbox 178 2215 1559 2282; baseline -0.005 -18"><span class='ocrx_word' id='word_1_287' title='bbox 178 2218 421 2277; x_wconf 85' lang='grc' dir='ltr'><strong><em>Διασώζει]</em></strong></span> <span class='ocrx_word' id='word_1_288' title='bbox 460 2218 708 2275; x_wconf 81' lang='grc' dir='ltr'><strong><em>Διασώζειν</em></strong></span> <span class='ocrx_word' id='word_1_289' title='bbox 737 2221 799 2264; x_wconf 88' lang='lat' dir='ltr'><strong>est</strong></span> <span class='ocrx_word' id='word_1_290' title='bbox 827 2219 1066 2269; x_wconf 88' lang='lat' dir='ltr'><strong>conducere,</strong></span> <span class='ocrx_word' id='word_1_291' title='bbox 1097 2217 1259 2260; x_wconf 83' lang='lat' dir='ltr'><strong>salvum</strong></span> <span class='ocrx_word' id='word_1_292' title='bbox 1290 2218 1331 2282; x_wconf 69' lang='lat' dir='ltr'><strong>et</strong></span> <span class='ocrx_word' id='word_1_293' title='bbox 1359 2215 1559 2281; x_wconf 78' lang='lat' dir='ltr'><strong>incola-c</strong></span> 
     </span>
     <span class='ocr_line' id='line_1_36' title="bbox 44 2271 1521 2338; baseline -0.005 -17"><span class='ocrx_word' id='word_1_294' title='bbox 44 2290 155 2321; x_wconf 88' lang='lat' dir='ltr'><strong>mem</strong></span> <span class='ocrx_word' id='word_1_295' title='bbox 181 2280 404 2334; x_wconf 79' lang='lat' dir='ltr'><strong>praestare.</strong></span> <span class='ocrx_word' id='word_1_296' title='bbox 436 2278 532 2323; x_wconf 89' lang='lat' dir='ltr'><strong>Chr.</strong></span> <span class='ocrx_word' id='word_1_297' title='bbox 562 2278 788 2323; x_wconf 82' lang='lat' dir='ltr'><strong>Alexandr.</strong></span> <span class='ocrx_word' id='word_1_298' title='bbox 819 2277 898 2318; x_wconf 89' lang='lat' dir='ltr'><strong>An.</strong></span> <span class='ocrx_word' id='word_1_299' title='bbox 928 2274 1115 2318; x_wconf 89' lang='lat' dir='ltr'><strong>Heraclii</strong></span> <span class='ocrx_word' id='word_1_300' title='bbox 1134 2283 1270 2317; x_wconf 84' lang='lat' dir='ltr'><strong>xvm.</strong></span> <span class='ocrx_word' id='word_1_301' title='bbox 1301 2271 1521 2338; x_wconf 58' lang='grc' dir='ltr'><em>αξιελυσα-</em></span> 
     </span>
     <span class='ocr_line' id='line_1_37' title="bbox 43 2327 1521 2395; baseline -0.005 -18"><span class='ocrx_word' id='word_1_302' title='bbox 43 2349 125 2388; x_wconf 82' lang='grc' dir='ltr'><strong>μεν</strong></span> <span class='ocrx_word' id='word_1_303' title='bbox 161 2331 278 2387; x_wconf 82' lang='grc' dir='ltr'><strong><em>πρὸς</em></strong></span> <span class='ocrx_word' id='word_1_304' title='bbox 320 2329 481 2386; x_wconf 73' lang='grc' dir='ltr'><strong><em>αὖτοὺς</em></strong></span> <span class='ocrx_word' id='word_1_305' title='bbox 497 2333 653 2378; x_wconf 76' lang='grc' dir='ltr'><strong><em>Ἰτῑλίαν</em></strong></span> <span class='ocrx_word' id='word_1_306' title='bbox 695 2330 775 2377; x_wconf 78' lang='grc' dir='ltr'><strong>τόν</strong></span> <span class='ocrx_word' id='word_1_307' title='bbox 815 2327 1099 2384; x_wconf 78' lang='grc' dir='ltr'><strong><em>ἐνδοξότατον</em></strong></span> <span class='ocrx_word' id='word_1_308' title='bbox 1129 2328 1424 2395; x_wconf 56' lang='grc' dir='ltr'><strong>στρατηλασίην</strong></span> <span class='ocrx_word' id='word_1_309' title='bbox 1467 2351 1521 2358; x_wconf 93' lang='lat'>—</span> 
     </span>
     <span class='ocr_line' id='line_1_38' title="bbox 42 2382 1519 2447; baseline -0.005 -14"><span class='ocrx_word' id='word_1_310' title='bbox 42 2387 156 2445; x_wconf 77' lang='grc' dir='ltr'><em>μετὰ</em></span> <span class='ocrx_word' id='word_1_311' title='bbox 186 2391 413 2447; x_wconf 74' lang='grc' dir='ltr'><strong><em>νεωτέρων</em></strong></span> <span class='ocrx_word' id='word_1_312' title='bbox 440 2391 514 2434; x_wconf 79' lang='grc' dir='ltr'><strong>καὶ</strong></span> <span class='ocrx_word' id='word_1_313' title='bbox 542 2388 594 2435; x_wconf 85' lang='grc' dir='ltr'><strong>κ’.</strong></span> <span class='ocrx_word' id='word_1_314' title='bbox 624 2391 782 2433; x_wconf 74' lang='grc' dir='ltr'><strong><em>ἵππων</em></strong></span> <span class='ocrx_word' id='word_1_315' title='bbox 816 2382 1088 2441; x_wconf 81' lang='grc' dir='ltr'><strong><em>ἆδιστράτων</em></strong></span> <span class='ocrx_word' id='word_1_316' title='bbox 1122 2384 1362 2439; x_wconf 80' lang='grc' dir='ltr'><strong><em>σελλαρίων</em></strong></span> <span class='ocrx_word' id='word_1_317' title='bbox 1399 2398 1519 2440; x_wconf 82' lang='grc' dir='ltr'><strong><em>οφει-</em></strong></span> 
     </span>
     <span class='ocr_line' id='line_1_39' title="bbox 43 2438 1519 2508; baseline -0.005 -19"><span class='ocrx_word' id='word_1_318' title='bbox 43 2443 212 2490; x_wconf 79' lang='grc' dir='ltr'><strong><em>λόντων</em></strong></span> <span class='ocrx_word' id='word_1_319' title='bbox 238 2443 488 2508; x_wconf 68' lang='grc' dir='ltr'><strong><em>ἀπαντῆσαι</em></strong></span> <span class='ocrx_word' id='word_1_320' title='bbox 518 2448 591 2491; x_wconf 87' lang='grc' dir='ltr'><strong>καὶ</strong></span> <span class='ocrx_word' id='word_1_321' title='bbox 611 2448 824 2491; x_wconf 80' lang='grc' dir='ltr'><strong><em>διασῶσαι</em></strong></span> <span class='ocrx_word' id='word_1_322' title='bbox 847 2438 1005 2494; x_wconf 61' lang='grc' dir='ltr'><strong><em>αὖτοὺς</em></strong></span> <span class='ocrx_word' id='word_1_323' title='bbox 1033 2439 1151 2497; x_wconf 79' lang='grc' dir='ltr'><strong><em>πρὸς</em></strong></span> <span class='ocrx_word' id='word_1_324' title='bbox 1178 2438 1301 2499; x_wconf 80' lang='grc' dir='ltr'><strong>ἡμᾶς.</strong></span> <span class='ocrx_word' id='word_1_325' title='bbox 1331 2441 1364 2483; x_wconf 84' lang='grc' dir='ltr'><strong>Ε</strong></span> <span class='ocrx_word' id='word_1_326' title='bbox 1388 2439 1519 2507; x_wconf 69' lang='lat' dir='ltr'><strong>istola</strong></span> 
     </span>
     <span class='ocr_line' id='line_1_40' title="bbox 45 2497 1520 2564; baseline -0.006 -17"><span class='ocrx_word' id='word_1_327' title='bbox 45 2503 312 2548; x_wconf 88' lang='lat' dir='ltr'><strong>Constantini</strong></span> <span class='ocrx_word' id='word_1_328' title='bbox 339 2505 552 2562; x_wconf 89' lang='lat' dir='ltr'><strong>Pogonati</strong></span> <span class='ocrx_word' id='word_1_329' title='bbox 571 2505 722 2560; x_wconf 80' lang='lat' dir='ltr'><strong>Imper.</strong></span> <span class='ocrx_word' id='word_1_330' title='bbox 755 2503 851 2546; x_wconf 85' lang='lat' dir='ltr'><strong>ante</strong></span> <span class='ocrx_word' id='word_1_331' title='bbox 881 2501 977 2543; x_wconf 88' lang='lat' dir='ltr'><strong>Act.</strong></span> <span class='ocrx_word' id='word_1_332' title='bbox 1001 2501 1036 2542; x_wconf 93' lang='lat'><strong>1.</strong></span> <span class='ocrx_word' id='word_1_333' title='bbox 1068 2499 1213 2564; x_wconf 73' lang='lat' dir='ltr'><strong>Sextae</strong></span> <span class='ocrx_word' id='word_1_334' title='bbox 1243 2497 1354 2552; x_wconf 85' lang='lat' dir='ltr'><strong>Syno</strong></span> <span class='ocrx_word' id='word_1_335' title='bbox 1400 2512 1418 2563; x_wconf 57' lang='lat' dir='ltr'><strong>‚x</strong></span> <span class='ocrx_word' id='word_1_336' title='bbox 1447 2511 1520 2560; x_wconf 60' lang='lat' dir='ltr'><strong>ngat</strong></span> 
     </span>
     <span class='ocr_line' id='line_1_41' title="bbox 43 2552 1517 2621; baseline -0.007 -18"><span class='ocrx_word' id='word_1_337' title='bbox 43 2557 362 2614; x_wconf 79' lang='grc' dir='ltr'><strong><em>καστελλάτους</em></strong></span> <span class='ocrx_word' id='word_1_338' title='bbox 380 2559 601 2618; x_wconf 81' lang='grc' dir='ltr'><strong><em>καράβους</em></strong></span> <span class='ocrx_word' id='word_1_339' title='bbox 636 2557 972 2615; x_wconf 74' lang='grc' dir='ltr'><strong><em>παρασχεθῆναι</em></strong></span> <span class='ocrx_word' id='word_1_340' title='bbox 1015 2552 1078 2606; x_wconf 81' lang='grc' dir='ltr'><strong>εἷς</strong></span> <span class='ocrx_word' id='word_1_341' title='bbox 1112 2555 1321 2621; x_wconf 60' lang='grc' dir='ltr'><strong><em>διαρωσιν</em></strong></span> <span class='ocrx_word' id='word_1_342' title='bbox 1359 2567 1475 2618; x_wconf 49' lang='lat' dir='ltr'><strong>atr-tw</strong></span> <span class='ocrx_word' id='word_1_343' title='bbox 1483 2568 1517 2603; x_wconf 92' lang='grc' dir='ltr'><strong>ν,</strong></span> 
     </span>
     <span class='ocr_line' id='line_1_42' title="bbox 43 2607 1517 2676; baseline -0.007 -16"><span class='ocrx_word' id='word_1_344' title='bbox 43 2613 160 2672; x_wconf 83' lang='grc' dir='ltr'><strong><em>πρὸς</em></strong></span> <span class='ocrx_word' id='word_1_345' title='bbox 186 2614 238 2661; x_wconf 77' lang='grc' dir='ltr'><strong>τὰ</strong></span> <span class='ocrx_word' id='word_1_346' title='bbox 282 2615 426 2676; x_wconf 84' lang='grc' dir='ltr'><strong><em>πάντη</em></strong></span> <span class='ocrx_word' id='word_1_347' title='bbox 455 2618 666 2673; x_wconf 82' lang='grc' dir='ltr'><em>ἀβλαβεῖς</em></span> <span class='ocrx_word' id='word_1_348' title='bbox 699 2615 771 2658; x_wconf 75' lang='grc' dir='ltr'><strong>καὶ</strong></span> <span class='ocrx_word' id='word_1_349' title='bbox 798 2607 1051 2662; x_wconf 70' lang='grc' dir='ltr'><strong><em>ἀκινδύνους</em></strong></span> <span class='ocrx_word' id='word_1_350' title='bbox 1081 2635 1131 2641; x_wconf 88' lang='lat'><strong>——</strong></span> <span class='ocrx_word' id='word_1_351' title='bbox 1166 2612 1517 2675; x_wconf 49' lang='lat' dir='ltr'><strong>affoumaprlvac.</strong></span> 
     </span>
     <span class='ocr_line' id='line_1_43' title="bbox 42 2663 1519 2731; baseline -0.007 -15"><span class='ocrx_word' id='word_1_352' title='bbox 42 2674 301 2731; x_wconf 80' lang='lat' dir='ltr'><strong>Porphyrog.</strong></span> <span class='ocrx_word' id='word_1_353' title='bbox 332 2676 384 2719; x_wconf 87' lang='lat' dir='ltr'><strong>de</strong></span> <span class='ocrx_word' id='word_1_354' title='bbox 410 2676 536 2719; x_wconf 89' lang='lat' dir='ltr'><strong>Adm.</strong></span> <span class='ocrx_word' id='word_1_355' title='bbox 565 2675 671 2729; x_wconf 90' lang='lat' dir='ltr'><strong>Imp.</strong></span> <span class='ocrx_word' id='word_1_356' title='bbox 700 2686 789 2726; x_wconf 86' lang='lat' dir='ltr'><strong>cap.</strong></span> <span class='ocrx_word' id='word_1_357' title='bbox 820 2672 887 2713; x_wconf 79' lang='lat'><strong>32.</strong></span> <span class='ocrx_word' id='word_1_358' title='bbox 918 2664 1187 2725; x_wconf 70' lang='grc' dir='ltr'><strong><em>ἐπεζήτησαν</em></strong></span> <span class='ocrx_word' id='word_1_359' title='bbox 1215 2663 1278 2717; x_wconf 82' lang='grc' dir='ltr'><strong>εἷς</strong></span> <span class='ocrx_word' id='word_1_360' title='bbox 1306 2666 1519 2708; x_wconf 83' lang='grc' dir='ltr'><strong><em>διασωσιν</em></strong></span> 
     </span>
     <span class='ocr_line' id='line_1_44' title="bbox 2 2720 1517 2787; baseline -0.009 -10"><span class='ocrx_word' id='word_1_361' title='bbox 2 2774 5 2777; x_wconf 74' lang='grc'>,</span> <span class='ocrx_word' id='word_1_362' title='bbox 42 2724 194 2774; x_wconf 75' lang='grc' dir='ltr'><strong>αὐτοῦ.</strong></span> <span class='ocrx_word' id='word_1_363' title='bbox 252 2732 380 2787; x_wconf 88' lang='lat' dir='ltr'><strong>Apud</strong></span> <span class='ocrx_word' id='word_1_364' title='bbox 409 2732 598 2775; x_wconf 88' lang='lat' dir='ltr'><strong>eumdem</strong></span> <span class='ocrx_word' id='word_1_365' title='bbox 632 2743 720 2784; x_wconf 83' lang='lat' dir='ltr'><strong>cap.</strong></span> <span class='ocrx_word' id='word_1_366' title='bbox 744 2729 781 2771; x_wconf 90' lang='grc'><strong>7.</strong></span> <span class='ocrx_word' id='word_1_367' title='bbox 812 2727 854 2770; x_wconf 89' lang='lat' dir='ltr'><strong>et</strong></span> <span class='ocrx_word' id='word_1_368' title='bbox 881 2724 1155 2779; x_wconf 86' lang='lat' dir='ltr'><strong>Luithprand.</strong></span> <span class='ocrx_word' id='word_1_369' title='bbox 1174 2724 1219 2765; x_wconf 89' lang='lat' dir='ltr'><strong>in</strong></span> <span class='ocrx_word' id='word_1_370' title='bbox 1248 2723 1392 2787; x_wconf 62' lang='lat' dir='ltr'><strong>Legat.</strong></span> <span class='ocrx_word' id='word_1_371' title='bbox 1423 2720 1517 2763; x_wconf 80' lang='grc' dir='ltr'><strong><em>δια-</em></strong></span> 
     </span>
    </p>

    <p class='ocr_par' dir='ltr' id='par_1_13' title="bbox 0 2778 1517 2897">
     <span class='ocr_line' id='line_1_45' title="bbox 0 2778 1517 2844; baseline -0.007 -14"><span class='ocrx_word' id='word_1_372' title='bbox 0 2791 4 2822; x_wconf 67' lang='grc' dir='ltr'><em>ἓ</em></span> <span class='ocrx_word' id='word_1_373' title='bbox 43 2786 212 2830; x_wconf 82' lang='grc' dir='ltr'><strong><em>σωσταὶ</em></strong></span> <span class='ocrx_word' id='word_1_374' title='bbox 235 2789 278 2831; x_wconf 93' lang='lat' dir='ltr'><strong>et</strong></span> <span class='ocrx_word' id='word_1_375' title='bbox 312 2781 578 2832; x_wconf 74' lang='grc' dir='ltr'><strong><em>ᾰποσωσταὶ</em></strong></span> <span class='ocrx_word' id='word_1_376' title='bbox 612 2787 723 2838; x_wconf 88' lang='lat' dir='ltr'><strong>sunt,</strong></span> <span class='ocrx_word' id='word_1_377' title='bbox 767 2784 839 2839; x_wconf 91' lang='lat' dir='ltr'><strong>qui</strong></span> <span class='ocrx_word' id='word_1_378' title='bbox 870 2782 1011 2826; x_wconf 78' lang='lat' dir='ltr'><strong>Duces</strong></span> <span class='ocrx_word' id='word_1_379' title='bbox 1038 2781 1294 2824; x_wconf 73' lang='lat' dir='ltr'><strong>conduc-torn</strong></span> <span class='ocrx_word' id='word_1_380' title='bbox 1312 2778 1517 2844; x_wconf 31' lang='lat' dir='ltr'><strong>‘dlcuntur</strong></span> 
     </span>
     <span class='ocr_line' id='line_1_46' title="bbox 0 2833 1517 2897; baseline -0.007 -9"><span class='ocrx_word' id='word_1_381' title='bbox 0 2846 13 2876; x_wconf 84' lang='grc'><strong>“-</strong></span> <span class='ocrx_word' id='word_1_382' title='bbox 44 2842 246 2888; x_wconf 80' lang='lat' dir='ltr'><strong>Gauterio</strong></span> <span class='ocrx_word' id='word_1_383' title='bbox 290 2845 342 2888; x_wconf 83' lang='lat' dir='ltr'><strong>de</strong></span> <span class='ocrx_word' id='word_1_384' title='bbox 370 2845 491 2889; x_wconf 89' lang='lat' dir='ltr'><strong>Bello</strong></span> <span class='ocrx_word' id='word_1_385' title='bbox 519 2843 715 2888; x_wconf 90' lang='lat' dir='ltr'><strong>Antioch.</strong></span> <span class='ocrx_word' id='word_1_386' title='bbox 758 2852 853 2897; x_wconf 88' lang='lat' dir='ltr'><strong>pag.</strong></span> <span class='ocrx_word' id='word_1_387' title='bbox 872 2839 971 2882; x_wconf 87' lang='grc'><strong>460.</strong></span> <span class='ocrx_word' id='word_1_388' title='bbox 997 2837 1189 2882; x_wconf 80' lang='lat' dir='ltr'><strong>Ducatus</strong></span> <span class='ocrx_word' id='word_1_389' title='bbox 1211 2835 1359 2887; x_wconf 72' lang='lat' dir='ltr'><strong>Gallie,</strong></span> <span class='ocrx_word' id='word_1_390' title='bbox 1387 2833 1517 2887; x_wconf 76' lang='lat' dir='ltr'><strong>Sauf-</strong></span> 
     </span>
    </p>
   </div>
  </div>
 </body>
</html>
