1806 3132
518 219 574 254 111
599 218 889 254 Annxumm
916 219 1080 256 NOTAE
1456 214 1540 259 547

57 333 206 377 Fallax
235 332 319 376 fuit
347 332 609 385 vaticinatio,
640 334 690 376 ut
719 334 819 377 sunt
840 335 1043 378 eiusmodi
1067 336 1436 392 praestigiatorum
1468 351 1544 382 va-

56 390 338 433 ticinationes.
366 389 481 433 Nam
509 389 773 434 Hierusalem
803 391 849 433 in
882 392 972 435 sola
1001 392 1156 436 Iudaea
1177 393 1318 437 animo
1350 394 1544 439 obversa-

57 447 196 500 batur,
226 446 276 489 ut
306 446 348 490 et
374 446 522 499 Ather‚
553 459 677 501 quem
696 446 962 491 Palaestinae
986 448 1126 492 locum
1157 451 1331 493 noverat
1360 463 1407 494 ex
1435 451 1543 494 libro

56 504 206 547 Iosuae
234 515 326 558 cap.
349 503 416 546 15.
445 502 584 545 Simili
615 503 834 558 deceptum
863 505 1149 559 praedictione
1178 505 1441 559 Gerbertum,
1472 520 1544 551 seu

59 560 310 604 Silvestrum
330 559 417 602 ΡΡ.
441 559 563 602 finxit
580 560 725 603 Benno
747 559 998 615 Cardinalis,
1024 574 1049 605 a
1068 574 1150 617 quo
1178 563 1408 606 hauserunt
1438 576 1545 618 quae

56 616 212 660 habent
253 615 458 659 willelm.
496 616 873 660 Malmesberiensis
902 617 975 661 lib.
996 619 1035 660 2.
1065 618 1116 661 de
1146 618 1260 662 Gest.
1292 619 1421 675 Angl.
1453 632 1543 675 cap.

60 675 126 716 10.
156 672 376 716 Albericus
405 673 460 716 A.
488 683 579 716 ΜΠ.
608 673 806 716 Matheus
842 673 1143 718 Westmonast.
1180 676 1222 718 et
1260 676 1545 730 Bromptonus

58 729 112 772 A.
139 738 292 773 mxcn.
329 731 372 772 et
407 729 644 772 Balduinus
681 729 732 772 de
769 730 948 773 Avesnis
984 731 1029 773 in
1067 730 1165 774 Chr.
1200 733 1424 775 vernaculo
1454 732 1543 776 MS.

59 799 149 841 cap.
171 786 238 829 73.
273 786 316 829 Is
350 786 463 829 enim
494 798 591 829 cum
625 786 825 839 statuam,
865 799 992 842 quam
1029 788 1143 831 certa
1175 788 1358 831 siderum
1382 789 1545 843 inspec-

57 843 173 886 tione
201 842 283 886 sibi
314 842 494 895 fuderat,
538 842 593 886 ad
630 843 894 898 interrogata
928 844 1137 899 negative,
1174 844 1240 888 vel
1276 844 1543 898 affirmative,

57 899 228 943 tantum
257 899 574 954 respondentem
603 899 917 955 interrogasset,
956 913 1011 943 an
1045 902 1278 944 moreretur
1317 902 1543 956 antequam

58 956 249 999 cantaret
276 956 453 999 Missam
480 955 525 998 in
545 955 823 1010 Hierusalem,
852 957 1214 1013 respondissetque
1232 957 1308 1001 illa
1332 958 1542 1013 negative,

57 1012 231 1056 tandem
258 1025 300 1056 se
327 1012 454 1056 dubio
485 1012 645 1056 oraculi
674 1025 798 1055 sensu
827 1012 1047 1068 deceptum
1077 1026 1124 1057 co
1157 1014 1289 1067 novit,
1326 1026 1421 1057 cum
1450 1016 1545 1069 post

59 1069 235 1112 Missam
273 1082 299 1112 a
336 1081 379 1112 se
418 1082 466 1112 ex
502 1082 617 1112 more
655 1069 814 1112 Romae
849 1069 895 1112 in
924 1070 1110 1114 Ecclesia
1183 1071 1403 1114 ierusalem
1430 1071 1544 1114 dicta

58 1125 343 1178 decantatam,
373 1125 661 1169 invaletudine
688 1126 812 1178 ictuS,
840 1127 882 1170 et
900 1128 1122 1170 consuetae
1141 1128 1307 1171 statuae
1335 1128 1544 1183 deceptio-

58 1195 166 1236 nem,
196 1183 238 1226 et
266 1182 467 1225 ultimum
495 1182 611 1226 vitae
638 1195 738 1226 suae
768 1182 880 1226 diem
908 1183 1127 1227 imminere
1153 1184 1294 1227 sensit.

195 1238 416 1298 Τελευτᾷ]
448 1239 680 1282 Robertum
714 1252 761 1282 ex
791 1252 948 1283 veneno
978 1241 1032 1284 ab
1061 1253 1198 1293 uxore,
1237 1239 1374 1283 Alexii
1411 1239 1580 1294 ipsiusc

61 1295 338 1350 persuasione,
379 1295 600 1351 propinato
646 1296 876 1339 extinctum
920 1297 1096 1340 narrant
1131 1296 1352 1340 Ordericus
1387 1296 1543 1339 Vitalis

58 1352 134 1395 lib.
155 1353 194 1396 7.
232 1351 460 1396 Guibertus
495 1352 569 1396 lib.
589 1354 629 1396 3.
665 1352 827 1396 Gestor.
865 1353 944 1396 Dei
967 1366 1056 1408 cap.
1077 1354 1116 1396 2.
1156 1353 1397 1396 Willelmus
1432 1352 1543 1395 Mal-

56 1409 239 1452 mesbur.
264 1409 339 1453 lib.
357 1410 397 1452 3.
417 1410 457 1452 et
478 1409 517 1453 4.
549 1409 600 1452 de
629 1408 744 1452 Gest.
774 1410 904 1466 Angl.
934 1410 1037 1466 Reg.
1068 1410 1257 1466 Rogerus
1277 1409 1540 1461 Hovedenus,

56 1465 293 1509 Richardus
323 1465 585 1522 Pictavinus,
605 1466 827 1509 Albericus
848 1467 930 1509 An.
948 1477 1168 1511 MLXXXV.
1196 1466 1427 1510 Gaufridus
1454 1466 1540 1508 Vo-

55 1522 216 1575 siensis,
237 1522 521 1578 Bromptonus
541 1524 584 1566 et
602 1523 767 1578 aliquot
781 1523 869 1566 alii.
914 1523 1174 1566 Romualdus
1192 1535 1290 1566 vero
1309 1523 1351 1565 et
1370 1521 1540 1565 Guillel.

58 1578 185 1634 Apul.
212 1578 285 1622 lib.
306 1580 346 1622 5.
366 1580 501 1622 morte
534 1580 747 1623 communi
784 1580 1030 1623 defunctum
1064 1579 1321 1635 probabilius
1350 1579 1541 1622 asserunt

57 1647 156 1678 cum
190 1635 330 1688 Anna,
367 1649 475 1691 quae
508 1649 557 1680 ex
586 1636 821 1692 pleuritide,
858 1636 925 1679 vel
965 1637 1083 1689 febri,
1126 1649 1148 1679 e
1181 1636 1289 1679 vivis
1325 1635 1538 1678 sublatum

58 1692 199 1735 refert.
228 1692 356 1747 Apud
384 1693 575 1737 Insulam
595 1692 835 1748 Cassiopem
854 1694 1070 1736 mortuum
1098 1693 1246 1736 scribit
1266 1691 1539 1743 Romualdus,

56 1749 204 1792 contra
234 1762 361 1804 quam
392 1749 533 1802 Anna,
577 1763 696 1805 (11130,
734 1750 784 1792 ut
824 1750 865 1793 et
901 1749 1136 1793 Alexander
1173 1748 1367 1792 Monach.
1404 1747 1477 1790 lib.
1498 1748 1537 1789 3.

59 1804 210 1848 Chron.
239 1806 486 1849 Monasterii
515 1806 558 1850 S.
589 1806 905 1850 Bartholomaei
940 1807 991 1849 de
1026 1805 1262 1861 Carpineto,
1298 1805 1343 1847 in
1382 1803 1540 1858 Cepha-

53 1861 166 1905 lenia
196 1862 342 1906 Insula
371 1863 601 1907 extinctum
628 1863 768 1906 refert.
811 1863 901 1906 Nec
935 1863 1072 1906 minor
1106 1862 1157 1905 de
1192 1874 1315 1913 anno,
1352 1873 1433 1915 quo
1470 1872 1538 1902 ex-

56 1919 192 1971 cessit,
230 1919 342 1974 apud
378 1919 610 1975 Scriptores
660 1919 954 1975 discrepantia.
989 1919 1101 1962 Nam
1138 1918 1366 1962 Malaterra
1387 1916 1474 1981 jib.
1497 1917 1536 1958 3.

58 1987 147 2030 cap.
168 1976 237 2018 41.
266 1975 442 2019 Roberti
471 1977 649 2020 mortem
678 1976 879 2020 accidisse
912 1977 1035 2019 autor
1064 1976 1127 2018 est
1143 1987 1283 2017 mense
1318 1973 1424 2015 111110
1458 1973 1536 2015 Α11.

60 2042 300 2077 mxlv.
345 2033 489 2088 aitque
531 2034 690 2089 insigni
725 2033 834 2077 Solis
871 2033 1063 2087 Ecclipsi‚
1108 2044 1215 2086 quae
1254 2032 1292 2073 6.
1327 2030 1446 2072 Febr.
1489 2041 1535 2072 eo

55 2101 166 2132 anno
196 2089 446 2145 contigerat,
473 2090 606 2133 veluti
630 2090 933 2144 praenotatam,
964 2091 1013 2132 ut
1044 2089 1086 2132 et
1113 2086 1306 2142 Gregorii
1326 2086 1422 2128 VII.
1452 2085 1537 2128 ΡΡ.

56 2145 99 2188 et
128 2144 346 2189 Guillelmi
375 2146 504 2201 Regis
533 2147 783 2202 Anglorum.
823 2146 959 2201 Atqui
996 2144 1222 2200 Gregorius
1256 2143 1448 2206 mortuus
1475 2142 1537 2184 le·

89 2202 175 2244 'tur
194 2201 276 2245 An.
305 2213 525 2247 MLXXXV.
549 2205 616 2246 24.
637 2203 755 2255 Maii,
787 2203 1029 2245 Willelmus
1058 2214 1168 2253 vero,
1199 2211 1338 2242 mense
1367 2198 1535 2253 quldem

87 2259 302 2313 eptembri,
332 2259 404 2302 sed
433 2261 515 2303 An.
547 2270 804 2303 MLXXXVII.
835 2260 884 2301 ut
914 2260 977 2301 est
996 2258 1106 2312 apud
1127 2256 1370 2300 Ordericum
1400 2255 1474 2297 lib.
1494 2255 1535 2296 8.

55 2315 99 2357 et
126 2314 245 2368 alios,
264 2316 368 2359 adeo
388 2317 439 2359 ut
456 2317 610 2360 falsum
636 2316 694 2359 sit
719 2316 963 2367 Robertum,
993 2313 1241 2369 Gregorium
1286 2312 1329 2354 et
1358 2310 1536 2374 Guille17

55 2384 174 2414 mum
202 2373 300 2415 ante
329 2372 516 2428 elapsum
548 2387 574 2416 a
594 2373 703 2417 Solis
732 2373 813 2415 isto
846 2371 1011 2414 defectu
1040 2382 1196 2414 annum
1225 2368 1440 2417 extinctos,
1470 2367 1534 2408 ut1

56 2427 119 2471 ait
137 2427 381 2472 Malaterra.
409 2430 640 2473 Robertum
661 2429 859 2472 denatum
882 2440 1021 2470 mense
1039 2426 1147 2469 Iulio
1169 2425 1292 2468 Anno
1312 2432 1532 2467 MLXXXV.

55 2484 167 2527 recte
195 2485 372 2528 tradunt
401 2485 622 2529 Ordericus
652 2486 723 2529 lib.
745 2487 782 2527 7.
805 2497 901 2539 pag.
927 2484 1020 2526 146.
1055 2483 1135 2526 Leo
1167 2481 1257 2525 Ost.
1286 2481 1359 2523 lib.
1384 2481 1423 2523 3.
1445 2491 1533 2544 cap.

56 2542 124 2584 56.
153 2540 400 2598 Anonymus
419 2543 630 2594 Barensis,
660 2542 892 2592 AlbericuS,
927 2539 1071 2583 Surita
1112 2537 1425 2592 Scriptorosque
1454 2535 1533 2578 ah-

56 2598 160 2652 quot
188 2598 282 2641 alii:
310 2611 526 2654 perperam
554 2612 652 2642 vero
684 2597 916 2641 Chronicon
940 2595 1291 2650 Amalphitanum
1311 2593 1399 2636 KL.
1422 2591 1533 2656 Aug.

58 2656 109 2696 A.
140 2664 377 2699 mmm.
393 2656 545 2699 Indict.
571 2665 616 2699 x.
636 2655 829 2697 Matheus
850 2653 984 2696 Paris.
1005 2652 1057 2694 A.
1079 2659 1337 2694 mxxxvii.
1365 2648 1533 2691 Willel-

56 2723 149 2754 mus
177 2711 534 2755 Malmaeburiens.
567 2713 610 2755 et
637 2711 902 2754 Ptolemaeus
942 2709 993 2751 de
1029 2708 1142 2751 Luca
1176 2707 1228 2749 A.
1255 2714 1531 2749 MLXXXVHI.

57 2779 152 2810 cum
182 2769 345 2811 constet
371 2769 602 2812 Robertum
632 2780 679 2810 ex
708 2767 834 2809 Anna
864 2766 906 2808 et
935 2764 1170 2808 Romualdo
1219 2762 1414 2806 vicesimo
1444 2761 1534 2824 Du-

56 2824 177 2868 catus
205 2837 316 2868 anno
350 2826 564 2869 mortuum
597 2837 696 2877 esse,
725 2822 980 2878 proindeque
1009 2821 1060 2864 A.
1081 2829 1301 2864 mxxv.
1329 2830 1412 2874 quo
1441 2830 1535 2872 (1111-
