1794 3132
497 205 553 239 m
580 204 869 241 mmmm
893 208 1056 243 NOTAE
1437 206 1524 250 469

36 318 1523 430 {gigegoffwgffchgupffiffmo1033?giffrinssssglrgnferogeguaeg

37 432 150 487 apud
179 431 473 487 Theophanem
503 444 613 475 anno
642 443 762 476 XVII.
794 433 981 477 Heraclii
1004 413 1014 430 ⁹
1035 437 1214 493 legimus
1250 442 1343 494 post
1384 442 1523 486 fusum

36 490 79 532 et
106 488 381 544 profligatum
411 488 658 541 Rhazatem,
681 488 889 533 Chosroae
909 490 1134 536 Persarum
1163 495 1291 551 Regis
1322 499 1522 542 exercitus

36 546 209 597 Ducem,
238 545 283 588 in
313 545 402 588 eius
431 545 581 588 castris
609 545 818 589 invenisse
848 546 1041 601 GraecOS,
1063 563 1134 593 seu
1154 551 1377 603 Romanos,
1408 568 1523 598 enses

34 602 250 658 plurimos,
279 614 406 645 zonas
442 614 545 645 auro
579 601 815 655 distinctas,
854 604 1045 660 clypeum
1086 609 1126 650 et
1163 609 1376 652 thoracem
1412 611 1522 654 Rha-

34 659 156 711 zatis‚
185 671 232 701 ex
261 670 364 702 auro
391 657 526 701 solido
556 658 771 711 conflatos,
793 662 1007 714 praeterea
1027 658 1082 704 τὰ
1109 661 1341 718 βραχιόλια
1367 661 1521 718 αὖτοῦς

34 728 116 771 quo
144 715 238 759 loco
270 714 480 759 cedrenus
511 711 741 769 βραχιόνια
769 717 908 769 habet,
947 732 1072 773 quam
1104 734 1244 764 vocem
1274 723 1416 766 eadem
1447 738 1522 768 no-

33 772 148 815 tione
190 772 367 827 usurpat
402 771 584 814 Achmes
627 766 858 827 Όνειροκρ.
888 786 977 829 cap.
1003 777 1096 831 127,
1136 779 1178 820 et
1206 779 1321 823 Ioan.
1354 781 1521 824 Tzetzes

34 828 140 927 ghil.
168 839 216 872 x.
247 841 336 884 cap.
360 829 456 871 318.
484 841 581 872 cum
611 829 674 872 ait
703 830 989 874 brachialibus
1019 833 1191 878 brachia
1211 848 1286 878 sua
1307 849 1521 880 exornasse

70 898 278 929 annones:

168 941 258 984 Καὶ
288 937 446 1000 πήχεις
474 939 524 984 δὲ
553 941 804 998 στολίζουσι
833 940 939 994 τούς
966 941 1134 987 ἕαττῶν
1164 943 1332 1002 ὁμοίως

167 997 690 1062 Βραχιονίοιςριὸηροῖς,
718 999 899 1070 χαλκοῖς
928 1001 1002 1043 καὶ
1030 1001 1226 1055 ὗελίνοις.

167 1049 330 1099 'Evince
360 1048 548 1110 ὄσταριά
576 1072 675 1099 τινα
703 1056 1027 1114 αστραγαλώὸη,

166 1112 258 1156 Καὶ
285 1109 414 1168 ἕτερα
442 1114 628 1156 τοιαῦτα
656 1113 705 1158 δὲ
734 1112 858 1171 δίκην
885 1116 1160 1170 βραχιονίων,

164 1171 361 1224 Δεσμοῖς
388 1183 479 1212 τισι
509 1167 801 1230 συνδήσαντες
828 1171 1065 1226 βραχίονας
1097 1176 1327 1231 φοροῦσιν.

30 1226 112 1271 Sed
141 1227 184 1270 et
206 1228 379 1271 observo
397 1225 763 1272 Brachionarium
776 1229 919 1272 vocari
940 1228 1098 1284 ψέλιον
1135 1224 1294 1286 ἀνδρὸς
1315 1232 1361 1284 in
1383 1230 1518 1274 Gloss.

30 1283 268 1327 Graecolat.
325 1283 458 1326 Porro
487 1285 676 1328 veterum
707 1287 1001 1341 Augustorum
1030 1288 1213 1331 brachiis
1250 1288 1417 1343 aptatas
1450 1301 1520 1331 ar-

29 1340 182 1392 millas,
210 1340 397 1384 testatur
418 1340 587 1384 Lucifer
616 1342 885 1386 Calaritanus
914 1343 986 1386 lib.
1018 1344 1068 1387 de
1097 1345 1192 1388 Non
1232 1345 1438 1400 parcendo
1473 1345 1519 1387 in

28 1398 163 1440 Deum
195 1397 351 1453 delinq.
380 1397 436 1440 ad
467 1396 762 1442 Constantium
798 1399 994 1451 scribens,
1037 1401 1090 1444 ad
1130 1415 1250 1456 quem
1282 1402 1464 1457 Legatus
1494 1414 1519 1444 a

28 1454 192 1498 Liberio
222 1454 340 1508 Papa
370 1455 523 1497 missus
553 1455 703 1508 fuerat,
735 1469 832 1512 pag.
852 1457 949 1499 292.
1000 1457 1210 1501 Debemus
1228 1459 1364 1501 vereri
1379 1458 1520 1513 Reyni

29 1511 93 1554 tui
121 1510 334 1566 diadema,
354 1511 551 1554 inaurem
570 1513 709 1564 etiam,
725 1517 763 1556 et
784 1513 1095 1557 dextrocheria:
1120 1515 1313 1558 debemus
1332 1516 1520 1570 insiynes

28 1582 134 1623 quas
161 1582 249 1612 esse
266 1581 410 1612 censes
426 1572 558 1612 vestes
576 1573 672 1613 tuas
691 1571 901 1613 honorare
925 1574 964 1613 et
993 1572 1203 1625 despicere
1228 1586 1373 1614 verum
1400 1585 1518 1614 crea-

27 1629 158 1668 torem
188 1629 311 1680 atque
328 1625 564 1668 rectorem?
594 1625 802 1670 Dextrale
821 1628 962 1670 autem
984 1629 1026 1670 et
1041 1628 1391 1672 Dextrocleerium
1407 1627 1517 1670 idem

26 1694 115 1725 esse
144 1682 306 1738 pridem
326 1682 471 1724 docuit
492 1682 725 1727 Salmasius
745 1684 799 1727 ad
822 1683 1120 1738 Capitolinum.
1166 1683 1369 1727 Armillas
1388 1685 1514 1727 etiam

26 1738 137 1781 inter
166 1738 463 1794 Imperatorios
495 1742 668 1783 ornatus
705 1741 887 1784 habuere
918 1739 1157 1784 Germanici
1183 1742 1380 1796 Augusti,
1412 1752 1515 1795 quos

24 1794 104 1847 illi,
135 1796 202 1846 (ut
221 1795 449 1851 Byzantini
469 1809 495 1838 a
516 1796 674 1852 Persis)
704 1811 729 1840 a
759 1797 934 1839 Francis
964 1799 1111 1840 mutuo
1144 1810 1348 1852 accepere.
1383 1797 1515 1838 Witi-

27 1851 177 1895 kindus
201 1852 274 1895 lib.
292 1853 331 1895 2.
353 1850 467 1895 Gest.
487 1852 677 1896 Saxonic.
697 1854 933 1896 describens
948 1854 1320 1909 Inaugurationem
1338 1853 1513 1897 Othonis

25 1908 195 1964 Magni:
229 1908 441 1960 Procedit,
471 1909 625 1964 inquit,
655 1910 857 1964 Pontifeoe
888 1924 980 1952 cum
1020 1910 1147 1966 Reqe,
1184 1912 1327 1953 tunica
1363 1910 1514 1952 stricta

24 1979 139 2008 more
164 1965 434 2009 Francorum
461 1966 628 2020 induto,
648 1981 765 2022 pone
804 1966 952 2019 altare,
1000 1981 1128 2021 super
1171 1967 1282 2021 quod
1322 1966 1512 2021 insiynia

24 2022 200 2123 zm
221 2026 355 2123 2⁶:51*
387 2022 906 2124 ⁹‘3ffssffi2t035'2d22022‘t'200’
931 2022 1512 2123 13³ss1²“2²1?3{153‘1'1⁷‹²11131'''2²}'1553

24 2135 192 2236 33³⁷ssssss
223 2093 774 2238 ἃέιῖῗέἕὲἔΐᾞῗῗῐῇἶῖῗὲ
797 2136 1510 2248 ἶζῗὲἓὲῗὲῗωοὸῗὲἃῗ1ῗέἓὲἷέ

24 2249 256 2293 Germanos
293 2206 498 2293 eius{n0di
541 2252 748 2306 accepisse
786 2251 987 2302 armillas,
1029 2250 1138 2304 quod
1183 2249 1286 2293 satis
1329 2248 1509 2291 testatur

26 2306 301 2359 witikindus,
331 2308 405 2362 qui
434 2306 643 2350 Othonem
679 2322 794 2351 more
820 2307 1104 2359 Francorum,
1140 2318 1284 2359 nempe
1322 2305 1509 2347 decesso-

22 2376 115 2406 rum
146 2376 194 2406 ex
211 2363 416 2407 Francica
445 2365 570 2419 gente
588 2365 892 2419 Augustorum,
919 2364 1119 2406 vestitum
1140 2362 1341 2417 depingit.
1389 2359 1508 2402 Adde

23 2419 135 2475 quod
174 2434 329 2465 aureas
357 2421 555 2464 armillas
594 2421 766 2464 Francis
802 2421 953 2463 tribuit
987 2419 1157 2475 Gregor.
1191 2419 1344 2461 Turon.
1374 2417 1447 2459 lib.
1469 2417 1507 2459 2.

22 2477 136 2520 Hist.
166 2477 317 2520 Franc.
348 2490 437 2532 cap.
457 2479 526 2520 42.
556 2477 810 2520 Brachialia
839 2491 983 2527 aurea,
1016 2476 1057 2519 S.
1089 2475 1314 2518 Audoenus
1344 2474 1388 2516 in
1405 2473 1506 2515 Vita
1545 2484 1642 2519 Tom.
1659 2487 1693 2519 3.

23 2533 65 2576 S.
96 2533 227 2590 Eligii
269 2534 343 2577 lib.
367 2536 403 2577 1.
435 2548 523 2590 cap.
549 2536 612 2577 10.
686 2535 802 2576 Idem
841 2534 1028 2588 Scriptor
1069 2533 1140 2575 lib.
1163 2533 1201 2574 2.
1242 2543 1330 2584 cap.
1351 2530 1417 2572 39.
1449 2528 1506 2594 ‘de
1553 2531 1677 2576 Spica.

22 2590 223 2633 Bathilde
242 2591 429 2646 Regina:
459 2605 533 2634 nec
555 2595 731 2645 praeter
752 2590 958 2633 brachiles
981 2603 1131 2632 aureos
1158 2602 1285 2642 super
1312 2600 1357 2629 se
1384 2586 1507 2650 qast?

16 2661 149 2702 quam
177 2652 518 2691 ornamentorum
546 2648 728 2702 reliquit.
780 2647 860 2690 Ubi
882 2646 1009 2689 editio
1031 2646 1098 2687 Du
1121 2644 1366 2694 Chesniana‚
1396 2642 1505 2685 nehel
1544 2651 1642 2705 1Jom.
1661 2653 1691 2685 1.

10 2707 189 2758 praeter
216 2704 410 2749 manicas
438 2706 635 2748 retinens.
687 2705 819 2746 Erant
837 2703 970 2758 igitur
990 2701 1222 2745 brachialia
1252 2701 1294 2743 et
1313 2699 1502 2742 manicae
1517 2698 1618 2733 Hast.
1708 2725 1716 2732 ·

22 2760 234 2803 Bathildis
262 2761 374 2804 inter
404 2762 651 2805 ornamenta
677 2761 805 2815 regia.
873 2759 1130 2802 Fortunatus
1157 2758 1202 2799 in
1221 2757 1322 2799 Vita
1351 2755 1393 2799 S.
1415 2755 1501 2819 Ra-
1516 2756 1606 2791 1²⁰9·
1618 2748 1701 2781 634.

21 2815 227 2874 degundis
255 2830 344 2875 cap.
368 2820 432 2862 13.
477 2817 684 2862 Similiter
721 2816 919 2861 accedens
958 2815 1016 2859 ad
1048 2813 1206 2859 Cellam
1234 2812 1277 2856 S.
1307 2812 1500 2867 Iumens,
