1734 3120
529 217 794 253 ALEXIADIS
826 218 920 252 LIB.
957 218 1037 253 XV.
1066 214 1101 253 9.
1473 214 1554 255 359

74 334 310 378 εποισῦντο
339 330 562 390 αἱρέσεως,
599 329 642 378 οἳ
673 332 722 378 δὲ
742 331 1025 379 παντάπασιν
1044 329 1246 380 ἀνένευον
1262 335 1556 392 Χριστιανοὺς

71 399 254 455 ἓαυτούς
283 396 578 459 ὀνομάζοντες
603 401 676 445 καὶ
714 404 821 459 παρ’
862 396 1007 446 ἄλλων
1046 400 1321 461 ἐλεγχόμενοι
1353 401 1555 461 οὐδαμῶς

71 471 370 524 κατετίθεντο,
395 470 683 525 ἐπιτοξεύσας
711 465 864 524 αὐτοῖς
891 469 971 524 τὰς
1010 467 1153 532 ὀφρῦς
1191 471 1278 532 ἶς’φη
1325 473 1436 530 “χρτ“
1478 472 1555 532 τήν

70 536 262 598 σήμερον
288 535 368 583 δύο
398 538 608 595 καμίνους
635 533 903 598 ἀναφθῆναι,
942 541 1114 600 θατέρᾳ
1143 541 1192 586 δὲ
1220 539 1396 586 τούτων
1425 558 1555 586 σταυ-

35 611 57 646 5
71 607 151 662 ρδν
197 605 444 665 ἐμπαγῆναι
485 601 595 667 αὐτῇ
638 608 704 667 γῇ,
750 602 849 651 εἶτα
889 608 1059 665 αἵρεσιν
1098 610 1288 670 δοθῆναι
1317 613 1466 662 πᾶσιν,
1497 611 1551 653 ἵν’

70 673 227 720 ὁποῖοι
252 677 307 737 τῇ
334 678 425 719 τῶν
456 676 733 730 Χριστιανῶν
778 676 930 721 πίστει
963 677 1276 722 ἐπαποθανεῖν
1312 677 1390 737 τὴν
1423 676 1594 736 σήμε-(ὶ

69 760 148 800 ρον
174 741 420 800 βούλοιντο,
468 738 795 800 ἀποκριθέντες
836 746 928 788 τῶν
974 739 1123 789 ἄλλων
1165 749 1219 806 τῇ
1251 749 1332 790 τοῦ
1364 749 1554 803 σταυροῦ

68 811 236 870 καμίνῳ
279 808 674 870 προσχωρήσωσιν,
723 809 766 857 οὶ
810 812 860 857 δὲ
897 815 976 872 τῆς
1010 815 1303 872 Βογομιλικῆς
1346 811 1556 870 αἱρέσεως

67 875 344 936 ἀπεχόμενοι
395 878 513 936 πρὸς
555 880 752 936 θατέραν
798 878 1166 942 ἐμβληθήσονται.
1259 884 1432 938 βέλτιον
1474 879 1553 938 γὰρ

11 949 56 984 10
66 946 362 1005 Χριστιανούς
390 944 551 1002 αὐτοὺς
579 943 710 1003 ὄντας
737 945 992 995 ἀποθανεῖν
1020 947 1052 1009 ἢ
1081 953 1243 1007 ζῶντας
1274 948 1334 1004 (ὃς
1364 951 1555 1008 Βσγομί-

66 1017 171 1069 λους
196 1016 444 1062 διώκεσθαι
489 1018 562 1061 καὶ
590 1015 670 1071 τὰς
695 1019 786 1062 τῶν
829 1019 1014 1063 πολλῶν
1043 1018 1226 1064 τύπτειν
1269 1016 1552 1077 συνειδήσεις.

65 1077 198 1128 ἷίπιτε
227 1088 332 1142 γοῦν
365 1086 439 1129 καὶ
467 1083 595 1142 ὑμεῖς
641 1087 734 1142 [καὶ
774 1083 939 1144 ἡμεῖς],
980 1084 1071 1145 ὅπη
1109 1085 1338 1145 βουλητόν,
1370 1087 1553 1142 ἕκαστος

64 1152 303 1209 χωρείτω.”
356 1155 495 1198 ταῦτα
522 1154 603 1210 μὲν
634 1146 712 1199 οὖν
742 1153 859 1212 πρὸς
891 1153 995 1208 τούς
1015 1157 1292 1213 Βογομίλους
1320 1151 1552 1215 ἀποφηνά-

63 1237 197 1277 μενος
224 1218 249 1266 ὃ
276 1219 482 1277 βασιλεὺς
511 1222 557 1267 ἓν
586 1219 774 1281 σχήματι
802 1218 1034 1268 ἀπέλυσεν.
1093 1219 1237 1277 εὔθύς
1258 1216 1335 1268 οὖν
1353 1225 1594 1281 παραλα-Ῑ)

6 1290 51 1327 Ῐ5
62 1287 219 1345 βόντες
247 1287 432 1344 τούτους
460 1286 661 1352 ἀπῄεσαν
688 1293 762 1337 καὶ
780 1294 962 1352 πλῆθος
990 1292 1274 1354 παρειστήκει
1302 1292 1418 1339 πολὺ
1447 1311 1551 1350 συρ-
1562 1300 1600 1335 Ρ.
1629 1302 1699 1336 492

64 1354 257 1413 ρεόντων
306 1356 559 1415 ἑκασταχοῦ.
642 1358 820 1418 κάμινοι
868 1361 916 1406 δὲ
958 1366 1191 1420 τηνικαῦτα
1235 1361 1551 1415 ἓπταπλασίως

63 1424 176 1470 navo?
206 1424 286 1470 τὸν
313 1425 517 1486 μελῳδὸν
536 1423 788 1487 ἀνήπτοντο
817 1428 882 1483 εἶς
901 1427 953 1475 τὸ
979 1428 1146 1475 οὑτωσί
1165 1448 1265 1484 πως
1283 1428 1551 1487 καλούμενον

68 1494 432 1556 Τζυκανιστήριν·
491 1494 544 1541 τὸ
590 1498 680 1554 πῦρ
724 1495 788 1551 εἶς
834 1496 1052 1554 οὐρανοὺς
1096 1493 1247 1558 ἀνῄει·
1295 1496 1318 1543 ὁ
1363 1495 1552 1555 σταυρὸς

62 1561 141 1606 ἐπὶ
170 1562 344 1623 θατέρᾳ
371 1564 552 1609 ἵστατο·
582 1566 752 1622 αἵρεσις
779 1569 878 1619 τοῖς
910 1563 1078 1622 ἐνόχοις
1111 1566 1296 1620 ἐδίδοτο,
1327 1563 1417 1624 ὅπη
1447 1568 1550 1610 ποτ’

0 1627 114 1676 2οἷὶν
141 1629 360 1690 βουλητὸν
398 1630 581 1692 ἑκάστῳ,
623 1638 796 1691 χωρεῖν,
841 1632 903 1688 ὦς
946 1635 1294 1692 καυθησομένων
1331 1633 1549 1680 ἁπάντων.

64 1693 161 1743 εἶτα
191 1696 244 1744 τὸ
274 1693 473 1759 ἄφυκτον
516 1700 710 1759 ὁρῶντες
757 1706 835 1748 τοῦ
882 1701 1153 1761 πράγματος,
1199 1701 1365 1748 ὁπόσοι
1395 1704 1475 1759 μὲν
1505 1704 1550 1748 ἐν

58 1762 212 1821 αὐτοῖς
243 1762 487 1826 ὅρθόδοξοι
512 1762 632 1828 ἦσαν,
661 1773 715 1832 τῇ
734 1775 815 1816 τοῦ
834 1775 1026 1828 σταυροῦ
1047 1769 1362 1830 προσεχώρουν
1381 1771 1548 1829 καμίνῳ

194 1855 227 1891 4.
253 1856 410 1904 θατέρᾳ]
436 1870 483 1902 (m
504 1869 553 1894 ex
573 1870 670 1895 corr.
694 1870 742 1896 m.
770 1860 792 1894 2
819 1859 858 1895 C.
968 1860 1001 1895 6.
1029 1859 1306 1895 ἒναποθανεῖνῗ
1331 1859 1379 1895 cf.
1395 1860 1546 1903 364,14.

193 1904 228 1938 9.
253 1902 348 1950 πρὸς
371 1908 535 1952 θατέραν
552 1907 702 1953 scripsi:
730 1905 828 1954 πρὸς
849 1910 1018 1954 θατέρων
1033 1908 1070 1949 C,
1100 1911 1371 1954 προσθατέρων
1386 1907 1426 1942 P.
1492 1908 1545 1943 12.

192 1954 254 1986 καὶ
287 1950 394 1999 ἡμεῖς
420 1954 520 2001 (add.
548 1967 628 2002 sup.
655 1967 750 1992 vers.
776 1968 827 1992 m.
840 1958 876 2000 2)
899 1956 936 2002 C,
968 1958 1029 1991 καὶ
1053 1954 1158 2003 ὑμεῖς
1180 1955 1228 1991 P:
1259 1967 1326 2003 ego
1356 1957 1417 1991 καὶ
1441 1954 1547 2011 ᾑμεῖς

192 1999 371 2086 qecJusLP
472 2004 527 2040 18.
557 2001 841 2052 Τζυκανιστήριν
865 2005 904 2050 Ο,
933 2001 1223 2051 Τζυκανιστήρον
1244 2004 1284 2040 Ρ.
1381 2002 1484 2048 ἆνηει
1507 2003 1545 2045 C,

191 2060 318 2094 ανηκει
372 2077 381 2086 .

59 2139 366 2189 christianosque
406 2155 443 2179 se
482 2156 588 2181 veros
622 2157 699 2182 esse
728 2145 961 2182 contendunt
986 2145 1222 2190 accusatique
1246 2144 1293 2179 ab
1319 2143 1402 2178 aliis
1425 2143 1545 2179 neuti-

58 2200 171 2234 quam
207 2190 437 2236 concedunt,
474 2194 611 2230 minaci
636 2206 698 2230 eos
722 2194 830 2231 vultu
855 2195 1004 2230 intuens
1028 2193 1169 2229 “Volo”
1195 2192 1319 2238 inquit
1346 2191 1440 2227 “hoc
1464 2191 1544 2237 ipso

57 2236 119 2273 dio
143 2237 237 2274 duos
261 2239 410 2275 incendi
437 2252 562 2288 rogos,
584 2254 742 2288 quorum
772 2246 812 2278 in
838 2243 955 2278 altero
972 2255 1064 2278 crux
1085 2244 1207 2277 terrae
1226 2240 1339 2275 infixa
1357 2240 1540 2286 erigatur3

56 2285 144 2322 dein
177 2286 369 2333 optionem
393 2287 476 2325 fieri
501 2291 692 2335 omnibus,
730 2294 789 2336 ut,
828 2292 893 2337 qui
918 2291 957 2326 in
983 2291 1194 2326 Christiana
1218 2287 1290 2324 fide
1314 2288 1425 2323 hodie
1450 2289 1545 2324 mori

55 2335 222 2380 cupiant,
256 2335 416 2373 seiuncti
446 2349 468 2373 a
507 2339 640 2375 ceteris
671 2339 719 2375 ad
753 2339 859 2374 illum
894 2351 1028 2385 rogum
1060 2337 1252 2378 accedant,
1290 2337 1329 2371 in
1354 2347 1427 2381 quo
1452 2347 1545 2371 crux

57 2385 181 2419 erecta
215 2386 291 2428 θείη
331 2385 396 2432 qui
420 2397 509 2423 vero
538 2387 784 2433 pertinaciter
810 2388 849 2422 in
873 2386 1102 2432 Bogomilica
1124 2385 1267 2421 haeresi
1293 2387 1543 2430 perseverant,

55 2430 290 2467 coniciuntur
330 2433 371 2468 in
408 2434 577 2470 alterum.
640 2436 772 2471 melius
806 2436 906 2471 enim
937 2447 1013 2471 esse
1049 2436 1193 2478 statuo,
1232 2433 1332 2478 ipsos
1366 2435 1409 2468 ut
1438 2443 1544 2467 veros

55 2479 284 2516 Christianos
309 2482 417 2523 mori,
453 2495 563 2529 quam
588 2485 692 2520 vivos
718 2487 761 2519 ut
787 2483 998 2530 Bogomilos
1022 2483 1150 2518 vexari
1174 2482 1390 2526 animosque
1416 2480 1541 2515 multi-

55 2527 198 2563 tudinis
236 2528 434 2566 offendere.
495 2532 686 2579 agitedum
726 2544 809 2577 vos,
853 2531 1015 2567 accedite
1055 2542 1128 2576 quo
1170 2530 1328 2575 quisque
1371 2527 1543 2564 accedere

54 2575 202 2612 vultis.”
245 2577 299 2614 sic
323 2578 362 2613 in
388 2580 546 2625 speciem
574 2580 727 2616 definito
754 2580 892 2616 iudicio
919 2580 1122 2625 imperator
1141 2577 1352 2622 Bogomilos
1380 2577 1543 2621 dimisit3

55 2624 255 2671 statimque
279 2626 433 2663 abducti
456 2628 705 2665 discesserunt
720 2628 964 2663 multitudine
985 2638 1119 2672 magna
1137 2626 1301 2670 undique
1323 2636 1543 2661 concurren-

54 2674 150 2708 tium
175 2673 358 2710 adstant-e.
411 2676 499 2713 hinc
526 2680 667 2723 septem
694 2676 861 2712 fornaces
886 2676 992 2711 iuxta
1022 2686 1165 2710 sacrum
1199 2678 1323 2709 vatem
1349 2684 1542 2709 succensae

54 2732 170 2767 usque
207 2722 247 2757 in
284 2734 368 2758 eum
405 2724 548 2771 locum,
586 2726 651 2771 qui
681 2724 998 2769 szcanisterium
1029 2725 1203 2767 vocatum
1239 2721 1471 2767 flammisque
1502 2721 1541 2756 in

54 2769 200 2806 eaelum
225 2771 521 2818 ascendentibus,
548 2773 638 2809 dum
662 2773 701 2808 in
728 2773 845 2808 altero
871 2784 964 2818 rogo
989 2783 1081 2807 crux
1106 2773 1188 2806 erat
1214 2772 1348 2815 erecta,
1373 2770 1447 2805 reis
1465 2781 1539 2804 om-

54 2817 167 2853 nibus
202 2818 290 2864 igne
324 2821 505 2865 perituris
542 2833 775 2867 quocumque
800 2820 938 2856 vellent
970 2819 1140 2855 vertendi
1164 2830 1200 2853 se
1229 2821 1392 2864 potestas
1417 2817 1539 2852 datur.

54 2866 183 2917 itaque
219 2878 304 2906 cum
340 2869 485 2908 nullum
519 2874 595 2908 iam
628 2869 816 2918 refugium
847 2868 1036 2914 viderent,
1075 2869 1261 2916 quotquot
1291 2866 1538 2904 orthodoxam
