1734 3120
475 239 742 273 ALEXIADIS
775 240 868 273 ΜΒ.
898 240 1001 273 xm.
1035 234 1069 274 1.
1439 229 1513 274 181

25 355 255 412 τραπέζης.
311 355 385 398 καὶ
418 357 685 413 παραχρῆμα
717 353 990 412 προσελθων
1026 351 1298 413 ἀπαγγέλλει,
1345 354 1517 415 ὅσαπερ
1539 367 1568 401 Β

26 421 239 467 σύνοιδεν.
300 439 430 476 ουτος
459 422 508 467 δὲ
537 420 897 480 σιιιπαραλαβων
925 418 1059 467 αὐτὸν
1088 418 1273 481 α’πῆλθε
1305 422 1421 481 πρὸς
1439 424 1519 469 τὸν

24 486 342 548 αὐτοκράτορα.
386 489 619 536 ῧπνωττον
648 492 697 537 δὲ
727 494 961 551 τηνικαῦτα
991 510 1031 536 οι
1063 494 1272 548 βασιλεῖς.
1327 491 1519 548 ἐντυχών

24 562 73 605 δὲ
105 560 325 620 Βασιλείῳ
357 562 420 620 τῷ
453 561 635 621 ὲκτομίᾳ
671 558 987 620 κατηνάγκαζεν
1021 556 1278 619 ἆπαγγεῖλαι
1320 560 1374 605 τὰ
1407 563 1512 619 περὶ

0 632 103 676 Βτοῦ
134 629 403 687 Στρατηγίου
433 632 514 674 τοῦ
542 625 796 686 ἄνθρώπου
838 632 918 674 τοῦ
948 625 1124 687 Ἀαρών
1154 631 1358 688 ῥηθέντα.
1418 628 1442 675 ὁ
1476 632 1513 674 δ’

24 695 163 751 ειῗθύς
190 696 413 744 εἰσελθών
433 699 503 742 καὶ
523 694 658 743 αὐτὸν
679 696 839 757 εἰσάγει
861 697 941 743 τὸν
959 696 1238 757 Στρατήγιον.
1286 694 1336 752 ὃς
1356 697 1511 757 ἐπειδη)
1530 701 1572 737 V·
1599 703 1671 736 300

24 765 242 823 καθάπαξ
270 765 335 820 εἷς
359 765 596 826 ἐρωτήσεις
625 765 852 827 ἐλήλυθεν,
887 765 1007 812 ἅπαν
1036 766 1088 812 τὸ
1121 770 1265 824 δρᾶμα
1293 770 1384 811 τῶν
1404 769 1515 826 φλυ-

24 834 145 892 άρων
174 833 432 895 φαμοῦσων,
480 836 558 881 τὸν
595 838 674 882 τοῦ
712 834 855 896 φόνου
895 834 1228 894 δραματουργὸν
1264 837 1337 880 καὶ
1377 831 1516 880 αὐτὸν

25 905 193 949 ἐκεῖνον
221 903 300 949 τὸν
324 903 388 958 εἷς
420 902 592 965 σφαγὴν
620 907 700 950 τοῦ
736 906 954 961 βασιλέως
993 905 1409 962 παρεσκευασμένον
1437 922 1516 949 σα·

0 974 124 1031 )φῶς
151 968 445 1030 α’νεκάλυψεν.
510 971 570 1017 “15
599 972 679 1032 γὰρ
709 971 844 1031 ἑμός”
885 991 997 1034 φησι
1043 971 1300 1032 (ιδεσπότης
1341 969 1559 1029 ἈαριιὶνΟ

24 1041 130 1098 μεθ’
161 1039 334 1098 ἑτέρων,
369 1037 446 1095 οὓς
474 1042 576 1087 οὐδὲ
607 1040 633 1104 ἡ
664 1041 719 1103 σὴ
752 1043 954 1099 βασιλεία
994 1040 1278 1088 παντάπασιν
1315 1037 1513 1100 ἠγνόησε,

24 1111 137 1157 κατὰ
164 1113 243 1172 τῆς
273 1114 363 1172 σῆς,
395 1112 590 1167 βασιλεῦ,
615 1113 729 1170 ζωῆς
757 1109 1077 1170 μελετήσαντες
1097 1108 1300 1172 καθῆκάν
1330 1128 1400 1156 σοι
1433 1127 1517 1169 φο-

27 1182 101 1225 νέα
132 1178 396 1240 Δημήτριον,
430 1178 508 1224 τὸν
536 1180 727 1237 ἐμαυτοῦ
768 1178 1019 1235 σύνδουλον,
1061 1174 1203 1238 ἄνδρα
1231 1178 1411 1238 Σκύθην
1439 1179 1519 1236 μὲν

25 1267 76 1293 το
109 1250 243 1307 γένος,
277 1247 583 1310 φονικώτατον
612 1250 660 1294 δὲ
690 1248 768 1307 τὴν
798 1247 983 1308 γνώμην,
1016 1267 1122 1303 τους
1151 1250 1387 1307 βραχίονας
1415 1266 1519 1305 καρ-

0 1316 165 1375 5τερόν,
196 1335 314 1376 προς
342 1322 433 1362 πᾶν
474 1316 624 1363 οτιοῦν
652 1316 983 1377 τολμηρότατον
1018 1319 1091 1363 καὶ
1129 1317 1208 1377 τὴν
1246 1318 1391 1379 ψυχὴν
1433 1322 1520 1376 θη-

27 1385 164 1447 ριώδη
195 1389 268 1432 καὶ
298 1384 541 1444 ὠμότατον.
602 1384 748 1446 τούτω
787 1388 918 1447 ξίφος
961 1387 1277 1446 ἐγχειρίσαντες
1314 1382 1520 1445 ἄμφηκες

26 1456 318 1518 παρήγγειλαν
363 1456 657 1514 παραγγελίαν
699 1453 860 1515 ταὺτην
905 1451 1231 1512 ἀπάνθρωπον,
1282 1453 1343 1509 ιῦς
1379 1453 1517 1512 ομόσε

26 1523 344 1583 προσελθόντα
372 1524 484 1582 μετὰ
512 1522 719 1582 θράσους
754 1524 1052 1581 ἅκατασχέτου
1084 1522 1283 1582 ἕμβὰψαι
1314 1528 1411 1578 τοῖς
1439 1528 1519 1580 βα-

27 1596 215 1647 σιλικοῖς
244 1592 510 1652 σπλάγχνοις
530 1592 581 1639 τὸ
616 1594 784 1654 ξίφος.”
841 1592 864 1637 ὁ
896 1594 945 1639 δὲ
973 1591 1179 1650 βασιλεύς
1208 1595 1296 1649 (καὶ
1329 1592 1408 1651 γὰρ
1438 1588 1518 1638 οὔκ

0 1655 80 1720 ὶῆν
125 1657 307 1715 εὔκολος
335 1666 433 1715 τοῖς
462 1659 684 1716 τοιούτοις
714 1660 959 1720 πιστεύειν)
997 1659 1091 1722 “μὴ
1122 1659 1194 1706 διά
1223 1659 1353 1706 τινά”
1385 1669 1564 1721 φησινΙ)

28 1727 313 1787 “α’πὲχθειαν
338 1730 454 1788 πρὸς
483 1729 588 1785 τούς
617 1732 722 1785 σούς
759 1729 986 1784 δεσπότας
1015 1731 1088 1775 καὶ
1125 1727 1242 1786 πρὸς
1280 1727 1360 1774 τὸν
1390 1747 1518 1775 σεαϊ-

23 1803 102 1845 τοῦ
147 1797 396 1857 ὁμόδουλον
439 1798 518 1861 τὴν
559 1801 823 1859 κατηγορίαν
872 1797 1034 1858 ταύτην
1088 1799 1354 1858 συμπλέκῃς,
1408 1794 1519 1843 ἆλλὰ

160 1899 191 1933 2.
230 1887 335 1937 οὗτος
368 1897 426 1955 δὲ]
462 1910 521 1936 τος
554 1897 597 1933 δὲ
629 1898 669 1933 in
700 1910 771 1933 ras.
798 1910 848 1933 m.
875 1898 896 1932 2
923 1898 964 1933 F.
1208 1897 1241 1932 3.
1268 1894 1289 1940 ἡ
1306 1898 1459 1952 βασιλίς
1483 1897 1519 1933 C

160 1947 192 1982 4.
220 1946 262 1981 δὲ
288 1944 308 1981 ὃ
338 1945 378 1989 Ρ,
403 1960 423 1981 ο
451 1958 523 1982 om.
551 1946 595 1982 F.
695 1944 866 1990 βασιλεὺς
892 1946 929 1982 C.
1118 1947 1150 1981 4.
1178 1941 1449 1990 κατηνάγκαζεν
1476 1945 1520 1990 F,

160 1991 442 2042 κατηνάγκασεν
466 1994 506 2030 P.
666 1998 701 2032 5.
729 1995 771 2030 δὲ
800 1995 841 2030 F.
1015 1994 1071 2030 10.
1096 1992 1116 2028 ὁ
1144 1991 1237 2050 ἐμὸς
1261 1993 1301 2037 Ρ,
1328 1992 1348 2028 ὁ
1375 2005 1447 2029 om.
1474 1993 1517 2049 F.

165 2043 219 2079 14.
243 2046 352 2090 γένος
374 2044 416 2088 F,
443 2043 555 2083 ἔθνος
577 2043 617 2079 P.
775 2044 831 2079 17.
857 2038 990 2086 ταύτην
1014 2042 1057 2087 F,
1082 2038 1252 2086 τοιαύτην
1275 2042 1314 2077 Ρ.
1412 2038 1520 2077 ἀναν-

105 2106 108 2107 ’
160 2097 318 2140 θρωπον
342 2092 379 2127 C.
557 2094 611 2127 18.
638 2088 827 2139 ἐμβάψω]
857 2092 905 2139 ἐμ
932 2091 1016 2127 add.
1043 2103 1091 2127 m.
1121 2093 1151 2127 l.
1180 2091 1221 2126 F.

23 2174 100 2209 iam
127 2174 159 2209 is
186 2185 440 2220 quaecumque
454 2174 594 2210 sciebat
618 2174 806 2220 extemplo
823 2173 982 2220 aperuit.
1009 2173 1081 2209 hoc
1105 2173 1168 2208 ille
1186 2185 1309 2209 secum
1328 2175 1519 2219 assumpto

26 2222 74 2258 ad
99 2223 363 2268 imperatorem
391 2235 428 2259 se
453 2223 626 2259 contulit.
677 2223 915 2258 dormiebant
939 2225 1031 2257 tunc
1066 2222 1273 2268 imperator
1301 2224 1338 2256 et
1362 2222 1520 2268 impera-

25 2272 120 2307 trix:
153 2271 217 2307 sed
242 2272 413 2307 eunucho
440 2271 579 2307 Basilio
612 2272 761 2307 obviam
788 2271 908 2307 factus
937 2283 1022 2306 eum
1043 2270 1208 2316 impulit,
1240 2273 1284 2305 ut
1307 2282 1401 2316 quae
1434 2282 1519 2306 cum

26 2319 107 2365 ipso
139 2319 184 2355 de
211 2320 399 2367 Strategio
426 2320 588 2355 Aaronis
619 2332 724 2356 servo
762 2322 1104 2356 communicaverat
1139 2318 1391 2354 denuntiaret.
1455 2318 1519 2353 ille

25 2369 146 2403 intrat
170 2368 271 2405 illico
297 2372 335 2404 et
363 2369 486 2414 ipsum
511 2369 623 2404 simul
647 2368 877 2414 Strategium
899 2367 1125 2404 introducit.
1161 2368 1225 2413 qui
1249 2366 1447 2402 confestim
1473 2367 1520 2402 de

26 2417 199 2452 omnibus
235 2417 425 2463 quaesitus
463 2417 647 2463 quidquid
682 2417 728 2453 de
766 2417 882 2452 fatuis
908 2416 1059 2452 famosis
1090 2416 1231 2452 libellis
1257 2419 1295 2451 et
1323 2415 1369 2450 de
1395 2415 1519 2451 caedis

26 2465 249 2511 instigatore
268 2466 409 2502 sciebat
434 2466 614 2512 illumque
634 2466 682 2501 ad
695 2465 988 2512 perpetrandam
1007 2465 1245 2511 imperatoris
1264 2463 1413 2500 caedem
1435 2465 1518 2500 sub-

26 2517 201 2549 ornatum
223 2526 300 2550 esse
327 2518 457 2561 aperte
481 2514 653 2561 protulit.
694 2514 852 2550 “herus'’
879 2514 1006 2559 inquit
1031 2515 1158 2548 “meus
1174 2514 1300 2548 Aaron
1317 2513 1519 2549 coniuncto

25 2574 109 2598 cum
136 2563 230 2608 aliis,
267 2575 359 2609 quos
384 2564 557 2599 maiestas
592 2567 659 2599 tua
697 2575 772 2599 non
803 2563 954 2609 penitus
986 2563 1154 2618 ignorat,
1190 2561 1367 2596 adversus
1398 2562 1517 2596 vitam

29 2613 144 2653 tuam,
171 2611 387 2658 imperator.
420 2612 575 2648 consilio
603 2612 823 2648 subornavit
859 2611 931 2647 tibi
965 2611 1139 2647 sicarium
1165 2610 1398 2645 Demetrium
1434 2621 1519 2646 con-

27 2671 172 2695 servum
212 2672 348 2705 meum,
386 2664 498 2706 gente
535 2661 721 2707 Scytham,
759 2663 895 2695 natura
930 2659 1241 2699 crudelissimum,
1283 2657 1518 2703 lacertosum,

0 2739 2 2750 2
27 2708 203 2744 audaciae
236 2708 283 2744 ad
316 2710 442 2744 omnia
486 2712 695 2756 promptae,
734 2709 908 2744 immanis
943 2708 1105 2754 denique
1148 2707 1358 2753 ferocisque
1390 2707 1517 2742 animi.

0 2797 2 2799 ¹
26 2755 115 2792 huic
136 2756 262 2803 gladio
287 2757 445 2803 ancipiti
471 2757 614 2793 tradito
644 2757 890 2792 inhumanum
914 2756 986 2792 hoc
1010 2756 1228 2792 mandatum
1252 2755 1450 2800 dederunt,
1475 2758 1519 2790 ut

26 2807 65 2840 te
90 2805 283 2841 accederet
299 2805 485 2842 indomita
509 2806 665 2842 audacia
690 2806 907 2851 ferrumque
932 2805 972 2840 in
997 2805 1102 2850 regia
1125 2805 1263 2840 viscera
1295 2806 1491 2850 mergeret
1496 2804 1517 2822 '‘

27 2853 234 2899 imperator
268 2854 422 2890 minime
456 2855 503 2890 ad
540 2854 743 2891 delationes
779 2853 952 2890 credulus
983 2853 1137 2893 “Vide‚”
1166 2853 1292 2899 inquit
1329 2853 1399 2887 “ne
1431 2852 1517 2887 odio

3 2921 12 2949 s?
29 2906 235 2938 commotus
259 2903 299 2939 in
327 2902 497 2939 dominos
521 2914 817 2949 conservumque
841 2902 929 2938 ficta
956 2902 1115 2938 crimina
1141 2901 1322 2946 conferas,
1346 2901 1409 2936 sed
1432 2911 1519 2936 vera
