1780 3138
271 220 351 260 100
772 220 938 256 ΑΝΝΑΕ
976 218 1243 254 ΟΟΜΝἙΝΑΕ

266 338 361 387 ἄλλ’
378 338 541 385 ὁποῖον
556 339 636 395 μὲν
656 337 795 392 πέρας
810 333 866 380 τοὶ
885 333 995 379 κατὰ
1009 332 1089 379 τόν
1099 336 1278 390 Γαβρᾶν
1297 332 1453 392 ἔσχηκε
1469 333 1543 378 καὶ
1558 329 1670 377 ὅθεν
1685 328 1763 376 αὐ-

265 411 342 463 τός
358 408 535 467 εἶ’ρμητο
554 408 626 452 καὶ
642 405 806 458 ὁποῖος
823 397 884 465 ἦν,
904 401 1223 460 ταμιευσάσθω
1241 400 1265 446 ὁ
1281 399 1411 460 λόγος
1432 402 1477 455 ἒς
1495 400 1575 447 τὸν
1589 398 1765 460 προσή-

265 496 399 524 κοντα
411 476 574 523 τόπον·
598 474 653 521 τὰ
675 478 748 519 νῦν
768 474 806 518 δ’
830 474 1004 529 ε’χέσθω
1026 475 1107 517 τοῦ
1128 471 1441 529 προκειμένου.
1474 467 1516 516 οἳ
1539 470 1589 515 δέ
1603 487 1650 528 γε
1665 474 1765 514 Λα-

265 551 379 593 τῖνοι
401 545 491 591 ὑπὸ
513 547 648 602 λιμοῦ
667 561 714 588 τε
729 543 800 587 καὶ
820 544 1003 597 συνεχοῖ
1006 559 1028 594 ς
1042 540 1308 596 πολιορκίας
1328 541 1484 594 δεινῶς
1507 537 1766 596 πιεζόμενοι

227 612 659 674 Οπροσεληλυθότες
680 615 744 671 τῷ
773 610 837 664 εἷς
855 607 1168 655 (Ελενούπολιν
1204 606 1308 654 τότε
1336 607 1578 668 ἡττηθέντι
1599 609 1780 667 Πέτρῳε

266 689 330 744 τῷ
352 681 586 741 ἑπισκόπῳ
615 678 771 735 αὐτῶν,
796 677 857 734 (ὃς
890 677 913 723 ὁ
944 677 1076 737 λόγος
1101 674 1287 738 φθάσας
1319 676 1551 737 ἐδήλωσεν,
1575 674 1763 738 γ’τοῦντο

265 751 428 814 βουλὴν
450 754 499 809 ἐξ
515 748 668 797 αὗτοῦ.
715 748 738 795 ὁ
773 750 821 795 δὲ
852 747 968 807 πρὸς
999 743 1161 801 αὐτοὺς
1193 745 1419 806 “eiwons'’
1450 764 1562 808 φησι
1595 750 1763 806 ((τηρῆ*

266 840 339 868 σαι
369 820 550 875 ἑαυτοὺς
579 817 891 876 ὑποσχόμενοι,
925 818 1077 875 μέχρις
1116 813 1170 861 ἂν
1198 815 1278 876 τὴν
1305 814 1591 876 Ἰερουσαλὴμ
1627 833 1759 860 κατα-

266 889 439 950 λάβητε,
483 890 716 948 παρέβητε,
766 883 902 944 οἶμαι,
951 887 1031 946 τὴν
1077 883 1333 942 ὑπόσχεσιν.
1409 883 1483 930 διὰ
1523 888 1658 930 τοῦτο
1689 888 1764 929 νῦν

266 957 369 1017 ὑμῖν
402 954 480 1004 οὖκ
514 955 724 1016 ἐπαρήγει
755 953 816 1009 ὠς
845 953 898 1000 τὸ
928 952 1156 1012 πρότερον
1194 952 1218 999 o‘
1249 951 1375 1008 θεός.
1445 955 1516 999 δεῖ
1556 945 1633 998 οὖν
1667 954 1761 998 ε’πι-

267 1030 511 1088 στραφῆναι
543 1023 659 1083 πρὸς
684 1025 762 1069 τὸν
792 1021 942 1081 κύριον
982 1024 1053 1068 καὶ
1086 1020 1168 1077 τοὶς
1210 1026 1341 1082 σφῶν
1380 1017 1764 1067 ἄποκλαὺσασθαι

267 1093 482 1153 ἁμαρτίας
527 1095 572 1139 έν
616 1091 763 1152 σάκκῳ
810 1094 883 1137 καὶ
926 1093 1085 1151 σποδῷ
1130 1092 1203 1136 καὶ
1233 1089 1417 1148 δάκρυσι
1462 1094 1658 1148 θερμοῖς
1687 1089 1767 1151 τὴν

266 1162 501 1221 μετάνοιαν
541 1163 867 1219 ἐνδειξαμένους
906 1162 979 1206 καὶ
1018 1158 1262 1216 παννύχοις
1301 1157 1494 1222 δεήσεσι.
1565 1157 1669 1205 τότε
1707 1158 1761 1218 δή

266 1230 468 1288 σχολάσω
513 1232 586 1276 καὶ
625 1227 764 1284 αὐτὸς
807 1228 920 1287 ὑπὲρ
966 1228 1092 1287 ὑμῶν
1136 1230 1189 1274 τὸ
1231 1232 1366 1274 θεῖον
1412 1226 1762 1285 ἔξιλεοὺμενος.”

267 1301 507 1345 πείθονται
536 1303 634 1352 ταῖς
650 1302 731 1344 τοῦ
751 1294 989 1357 ἀρχιερέως
1011 1298 1313 1355 παραινέσεσι.
1359 1297 1433 1342 καὶ
1457 1297 1564 1354 μεθ’
1599 1294 1765 1356 ἡμέρας

266 1367 386 1422 τινὰς
420 1369 466 1413 ἐκ
486 1369 617 1422 θείας
645 1364 794 1428 ὀμφῆς
822 1367 1023 1426 κινηθεὶς
1054 1365 1077 1412 ὁ
1100 1362 1329 1424 ἀρχιερεὺς
1353 1363 1766 1424 μεταπεμψάμενος

223 1435 371 1491 Βτούς
398 1440 657 1495 μεγιστᾶνας
685 1440 775 1481 τῶν
801 1433 1008 1496 κομήτων
1028 1438 1315 1495 παρηγγυᾶτο
1337 1432 1547 1492 δεξιόθεν
1566 1431 1765 1492 διορύξαι

266 1509 346 1551 τοῦ
386 1506 707 1564 θυσιαστηρίου
748 1507 923 1550 κάκεῖσε
967 1504 1047 1550 τὸν
1084 1503 1208 1564 ἅγιον
1253 1502 1479 1563 εὑρηκέναι
1518 1494 1640 1562 ἧλον.
1708 1500 1761 1547 τό

265 1574 507 1630 ἐπιταχθὲν
527 1567 605 1619 οὖν
624 1572 935 1633 πεποιηκότες,
960 1574 1061 1619 ἐπεὶ
1082 1572 1142 1633 μὴ
1164 1571 1380 1630 εὕρισκον,
1404 1572 1766 1630 έπαναστρέψαν-

264 1659 338 1696 τες
367 1640 480 1700 μετὰ
509 1638 707 1699 α’θυμίας
735 1641 812 1702 τὴν
843 1645 923 1687 τοῦ
955 1644 1221 1701 ζητουμένου
1259 1642 1523 1700 διαμαρτίαν
1551 1636 1780 1700 ἅπήγγελ-1

264 1712 353 1756 λον.
414 1709 438 1755 ὃ
472 1713 520 1756 δὲ
549 1712 853 1769 ἐκτενέστερον
891 1709 974 1770 τήν
1006 1713 1154 1771 δέησιν
1192 1708 1497 1770 ποιησάμενος
1533 1711 1765 1766 ἐπιμελέσ-

263 1797 393 1836 τερον
424 1778 507 1838 τὴν
537 1783 618 1824 τοῦ
650 1781 916 1839 ζητουμένου
957 1776 1307 1840 οἷναψηλάφησιν
1351 1777 1634 1838 ποιήσασθαι
1665 1778 1764 1822 έπέ-

398 1869 431 1904 3.
457 1867 608 1914 ἒχέσθω
633 1868 677 1913 F,
704 1869 819 1915 ἐχέτω
841 1868 879 1903 P.
958 1870 994 1903 οἱ
1020 1868 1067 1904 δέ
1088 1879 1132 1915 γε
1158 1865 1251 1903 κατὰ
1271 1865 1338 1913 τὴν
1365 1863 1608 1914 ἈντιόχουΑ.
1731 1868 1765 1902 4.

399 1916 509 1975 λιμοζ)
531 1928 570 1952 τε
594 1916 635 1963 Ρ,
661 1929 698 1952 τε
724 1918 834 1965 λιμοῦ
859 1917 902 1953 F.
1030 1919 1064 1953 5.
1088 1916 1155 1964 τῷ]
1181 1915 1226 1952 τὰ
1252 1917 1290 1953 C.
1445 1917 1479 1952 8.
1507 1912 1657 1954 ἑαυτοὺς
1682 1914 1762 1954 FA,

398 1978 528 2004 αυτους
552 1965 590 2001 P.
688 1968 822 2014 μέχρις
846 1966 927 2012 FA,
953 1968 1069 2023 μέχρι.
1093 1966 1133 2003 Ρ.
1319 1966 1352 2002 9,
1377 1965 1446 2002 νῦν
1470 1964 1550 2011 FA,
1575 1967 1700 2000 τοίνυν
1724 1963 1763 1999 Ρ.

399 2015 454 2049 17.
479 2014 706 2061 μεγιστᾶνας
732 2015 777 2060 A,
800 2026 1030 2063 μεγιστανας
1054 2015 1098 2059 F,
1121 2008 1371 2063 μεγιστάνους
1394 2014 1434 2050 Ρ.
1572 2015 1628 2049 21.
1655 2025 1764 2057 ποιη-

398 2058 561 2110 σάμενος
585 2063 629 2109 F,
656 2059 905 2111 ποιησάμενοι
928 2063 972 2100 P.

262 2149 442 2195 liebatur;
471 2150 571 2196 quod
598 2162 687 2187 vero
713 2151 911 2187 eonsilium
937 2151 1126 2198 quomodo
1152 2151 1320 2188 evenerit
1337 2149 1522 2196 simulque
1537 2147 1637 2185 unde
1654 2151 1759 2185 ortus

264 2197 404 2233 Gabras
429 2199 622 2246 qualisque
649 2199 776 2245 fuerit,
803 2212 989 2246 exponere
1012 2201 1051 2236 in
1078 2201 1264 2247 aptiorem
1289 2200 1414 2237 locum
1438 2198 1637 2235 differam:
1663 2210 1765 2234 nune

262 2247 498 2293 propositum
524 2260 803 2294 persequamur.
855 2261 898 2285 ac
922 2249 1052 2285 Latini
1079 2250 1230 2296 quidem
1272 2249 1371 2285 fame
1397 2251 1435 2284 et
1461 2247 1642 2284 continua
1667 2247 1764 2283 obsi-

263 2294 374 2330 dione
398 2297 566 2342 graviter
603 2298 722 2342 pressi
757 2297 911 2333 Petrum
937 2299 1043 2334 illum
1069 2298 1220 2345 adeunt,
1261 2299 1338 2344 qui,
1375 2300 1420 2333 ut
1460 2308 1575 2343 supra
1598 2297 1762 2339 narravi,

262 2343 309 2378 ad
336 2343 580 2390 Helenopolin
615 2346 737 2382 victus
764 2346 898 2392 fuerat,
932 2347 1148 2394 episcopum
1185 2349 1365 2394 ipsorum,
1402 2357 1562 2392 eumque
1599 2345 1658 2380 uti
1691 2345 1764 2380 sibi

262 2393 458 2428 consilium
493 2393 557 2429 det
590 2398 739 2441 rogant.
801 2398 840 2431 at
873 2396 935 2431 ille
981 2395 1162 2432 “Fidem’'
1201 2396 1327 2443 inquit
1368 2394 1579 2431 “fefellistis
1616 2394 1764 2440 opinor,

262 2452 358 2486 cum,
396 2442 519 2488 quoad
545 2442 803 2489 Hierosolyma
841 2444 1075 2491 attigissetis,
1109 2448 1230 2481 castos
1264 2457 1308 2481 ac
1332 2455 1447 2491 puros
1473 2455 1540 2480 vos
1567 2453 1763 2478 mansuros

262 2490 522 2534 promiseritis.
573 2491 662 2527 hinc
686 2492 777 2528 deus
802 2505 902 2529 nunc
921 2505 1008 2539 non,
1037 2497 1079 2529 ut
1104 2497 1226 2540 antea,
1252 2506 1317 2531 vos
1339 2492 1514 2538 adiuvat3
1541 2503 1659 2538 quare
1677 2503 1763 2528 con·

261 2549 387 2573 versos
415 2539 461 2574 ad
486 2539 679 2575 dominum
707 2541 888 2577 deflendis
914 2543 1079 2588 peccatis
1114 2544 1154 2578 in
1180 2555 1285 2579 saeco
1312 2545 1349 2578 et
1373 2542 1500 2578 cinere
1523 2539 1763 2586 lacrimisque

261 2586 440 2642 uberibus
474 2599 515 2624 ac
546 2589 720 2626 noctibus
758 2591 1029 2637 pervigilandis
1059 2592 1332 2638 paenitentiam
1366 2602 1477 2638 agere
1510 2600 1574 2625 vos
1600 2591 1763 2635 oportet.

262 2646 314 2670 sic
338 2638 376 2690 et
405 2647 471 2682 ego
497 2637 700 2683 intendam,
729 2642 773 2673 nt
798 2638 912 2675 deum
944 2640 1051 2675 vobis
1075 2640 1231 2676 reddam
1259 2639 1507 2687 propitium.'’
1559 2637 1762 2674 oboeditur

261 2683 449 2728 pontificis
475 2686 639 2723 monitis,
684 2687 966 2734 interiectisque
995 2689 1140 2735 aliquot
1173 2689 1305 2725 diebus
1332 2687 1504 2735 pontifex
1529 2686 1659 2722 divino
1680 2698 1762 2721 ora-

261 2731 343 2767 culo
364 2732 521 2787 ‘afflatus
548 2735 730 2780 primores
759 2736 940 2772 comitum
966 2741 1148 2774 convocat
1173 2738 1294 2784 iisque
1319 2737 1486 2782 mandat,
1506 2738 1551 2771 ut
1577 2747 1598 2770 a
1626 2734 1761 2770 dextra

261 2779 392 2836 altaris
420 2781 566 2817 fodiant
591 2784 718 2830 ibique
744 2787 910 2820 sanctam
942 2786 1108 2822 lanceam
1134 2787 1337 2833 reperiant.
1401 2798 1488 2821 mox
1521 2795 1623 2827 vero,
1661 2782 1763 2829 quod

260 2840 402 2885 iussum
429 2833 521 2874 erat,
548 2830 737 2878 facientes,
763 2845 848 2869 cum
874 2833 1051 2870 fodiendo
1077 2835 1246 2871 lanceam
1271 2847 1345 2871 non
1369 2835 1598 2881 reperissent
1614 2832 1762 2868 maesti-

262 2889 334 2923 que
359 2877 546 2914 mfelicem
573 2880 715 2915 exitum
742 2883 1032 2928 renuntiassent,
1059 2883 1242 2920 intentius
1269 2884 1331 2920 ille
1362 2883 1472 2919 deum
1499 2883 1676 2928 precatus
1700 2891 1780 2917 eos-
