1734 3120
235 202 312 242 182
733 202 898 237 ANNAE
928 202 1194 237 COMNENAE

231 319 405 383 τάληθῆ
450 317 594 364 πάντα
637 319 710 362 καὶ
757 314 841 362 ὅσα
884 309 1089 369 σύνοιδας
1135 316 1333 373 ἐξορχοῦ.
1393 316 1432 362 εἰ
1463 318 1499 361 δ’
1533 309 1616 361 οὖν
1647 318 1719 362 καὶ

232 391 381 450 ἆλοιής
426 388 711 450 ψευδόμενος,
762 384 841 433 οὐκ
884 386 947 440 εἷς
988 384 1122 431 καλὸν
1150 384 1205 431 τὰ
1233 389 1314 444 τῆς
1357 386 1617 445 κατηγορίας
1646 402 1717 431 σοι

233 457 567 521 οἷπαντήσεται.”
626 459 790 510 ἐκεῖνος
820 458 868 501 δὲ
898 452 1177 511 ἐνιστάμενος
1214 455 1362 515 ἀληθῆ
1404 455 1543 512 λέγειν
1574 472 1717 512 παρα-

234 530 402 575 δίδοται
433 527 547 586 πρὸς
576 525 653 571 τὸν
684 526 889 582 ε’κτομιάν
921 524 1168 578 Βασίλειον,
1201 525 1274 567 ἵνα
1304 524 1416 577 τέως
1444 522 1549 577 τοὺς
1579 521 1718 582 φλϊά-

236 616 339 655 ρους
368 596 526 653 χάρτας
556 596 730 653 ἐπιδοίη
761 592 876 650 πρὸς
906 589 1052 638 αὐτόν.
1114 591 1139 637 ὁ
1173 593 1222 637 δὲ
1252 591 1524 649 παραλαβών
1559 595 1734 638 τοῦτον,

234 666 305 710 καὶ
334 661 549 710 ἀπελθών
585 660 747 720 εἰσάγει
790 661 852 715 εἰς
890 659 970 721 τὴν
1003 659 1166 720 σκηνήν
1206 664 1289 706 τοῦ
1326 656 1502 719 ’Λαρών
1540 659 1721 705 πάντων

235 734 521 790 κοιμωμένων
547 733 619 776 καὶ
648 727 973 788 ἅναλαβόμενος
1004 730 1181 775 ἐκεῖθεν
1211 727 1357 789 πήραν
1385 728 1483 776 τινὰ
1507 747 1722 788 στρατιω-

236 800 356 861 τικὴν
397 800 559 859 μεστὴν
609 798 824 844 τοιούτων
867 796 1134 856 γραμμάτιον
1175 799 1332 844 δίδωσι
1375 802 1439 858 τῷ
1487 800 1720 857 Βασιλείῳ.

237 865 502 928 αὔγαζούσης
521 868 568 913 δὲ
589 863 668 929 ἤδη
688 869 767 921 τῗς
787 865 953 926 ἡμέρας
982 865 1264 924 θεασάμενος
1292 865 1347 913 τὰ
1370 869 1555 913 τοιαῦτα
1587 865 1722 926 γράμ-

237 958 353 996 ματα
381 938 404 985 ὁ
435 936 638 995 βασιλεὺς
667 939 740 983 καὶ
770 936 970 996 διαγνοὺς
1000 936 1078 982 τὸν
1107 939 1199 982 κατ’
1242 933 1377 982 αὗτοῦ
1416 933 1722 995 μελετώμενον

238 1006 377 1067 φόνον
404 1006 483 1068 τὴν
512 1009 591 1064 μὲν
619 1008 784 1066 μητέρα
817 1011 896 1052 τοῦ
927 1003 1102 1064 Ἀαρών
1134 1007 1380 1063 προσέταξε
1411 1010 1509 1060 τοῖς
1538 1005 1593 1051 τά
1632 1007 1724 1050 τῶν

238 1078 395 1122 κοινῶν
438 1078 678 1121 διοικοῦσιν
719 1076 764 1120 ἐν
804 1078 857 1137 τῇ
896 1072 1027 1120 πόλει
1068 1078 1415 1135 περιορισθῆναι
1453 1074 1517 1128 εἰς
1557 1080 1725 1131 Χοιρο-

89 1152 126 1188 P.
156 1143 435 1201 379βάκχους,
477 1144 554 1189 τὸν
593 1145 640 1190 δὲ
677 1140 852 1201 Ἀαρών
877 1180 1223 1190 .............
1233 1179 1243 1198 ,
1275 1142 1356 1188 τὸν
1397 1143 1446 1189 δὲ
1488 1142 1724 1199 Θεόδωρον

239 1214 316 1258 τὸν
361 1209 636 1273 αὐτάδελφον
680 1208 819 1258 αὐτοῦ
863 1212 926 1266 εἰς
952 1209 1198 1271 ’Ἀγχίαλον
1271 1216 1408 1257 ταῦτα
1436 1210 1514 1257 τὸν
1542 1212 1724 1270 βασιλέα

238 1286 317 1343 τῆς
346 1281 503 1340 πρόσω
535 1280 757 1342 φερούσης
787 1284 865 1328 ἐπὶ
893 1284 1024 1328 πέντε
1055 1281 1236 1342 ἡμέραις
1263 1278 1487 1339 οἷπεῖρξεν.

373 1356 410 1397 2.
470 1347 537 1396 Ἐν
581 1351 629 1396 δὲ
667 1355 729 1410 τῷ
773 1350 889 1408 πρὸς
925 1353 1247 1410 Θεσσαλονίκην
1291 1347 1583 1409 ἀπέρχεσθαι,
1626 1351 1726 1395 ἐπεὶ

238 1417 549 1476 ἁπανταχόθεν
579 1417 867 1478 συνηλαύνετο
899 1421 943 1473 ἐς
971 1415 1133 1465 ταύτόν
1163 1418 1218 1465 τὰ
1237 1417 1446 1479 τάγματα,
1473 1421 1568 1464 δεῖν
1588 1420 1727 1477 ἐλογί-

240 1506 346 1534 σατο
379 1485 578 1543 σύνταξιν
606 1490 791 1549 ποιῆσαι
822 1488 885 1542 εἷς
914 1490 1112 1546 πολέμου
1151 1490 1296 1550 σχῆμα
1325 1489 1725 1546 διατετυπωμένην.

241 1557 311 1601 καὶ
341 1552 495 1601 αὗτίκα
526 1554 635 1600 κατὰ
666 1554 822 1612 λόχους
852 1555 895 1601 αὶ
925 1556 1144 1616 φάλαγγες
1169 1559 1350 1603 ἵσταντο
1381 1558 1455 1601 καὶ
1476 1554 1518 1601 οἳ
1548 1557 1727 1614 λοχαγοὶ

240 1621 566 1683 προῦβέβληντο
599 1626 671 1670 καὶ
698 1627 789 1670 τῶν
827 1622 1025 1684 οὐραγῶν
1056 1626 1081 1685 ἡ
1114 1624 1236 1682 τάξις
1270 1626 1484 1686 ἐφείπετο
1506 1626 1580 1670 καὶ
1610 1623 1651 1670 οἳ
1674 1623 1725 1670 τὸ

239 1695 376 1751 μέσον
404 1694 483 1751 τῆς
511 1690 731 1752 φάλαγγος
752 1689 1106 1753 ἀναπληροῦντες
1126 1692 1389 1753 εἱστήκεσαν
1409 1692 1602 1748 ἅπαντες
1631 1698 1728 1747 τοῖς

375 1822 404 1856 1.
431 1820 580 1868 ἑξορχοῦ
594 1820 636 1863 F,
663 1821 810 1877 ἐξορκοῦ
821 1822 862 1858 Ρ.
916 1818 981 1859 οὖν
1005 1824 1153 1870 scripsi:
1173 1820 1215 1859 οἱ)
1229 1823 1269 1859 Ρ.
1352 1825 1385 1860 8.
1411 1819 1585 1858 τοιούτων
1608 1835 1726 1869 γραμ-

371 1865 499 1916 μάτων
525 1869 568 1913 F,
594 1883 767 1907 τοιουτων
791 1884 861 1908 om.
879 1871 919 1908 P.
1099 1874 1153 1908 12.
1181 1873 1385 1908 διοικοῦσι-ν
1412 1872 1455 1917 F,
1481 1872 1661 1907 διοικοῦσι
1685 1870 1725 1907 Ρ.

376 1919 429 1953 13.
452 1915 590 1964 Ἀαρὼν
613 1919 692 1940 ****
719 1919 766 1955 P:
792 1920 947 1956 lacunae
973 1921 1138 1967 spatium
1166 1933 1212 1957 ex
1238 1921 1269 1957 F
1296 1921 1394 1957 dedi.
1521 1922 1575 1956 15.
1601 1917 1726 1965 ἀπεῖρ-

371 1967 430 2005 ξεν
453 1965 490 2011 C,
519 1963 680 2013 ἀπῆρξεν
702 1967 742 2002 Ρ.
874 1971 926 2005 17.
954 1966 1222 2014 συνηλαύνοντο
1249 1970 1292 2006 F.
1425 1970 1483 2006 21.
1511 1965 1727 2013 εἱστήκεσαν

334 2038 336 2040 -
373 2014 415 2060 F,
441 2010 673 2059 εἱστήκεισαν
695 2016 734 2052 P.

240 2136 364 2173 omnia
387 2138 425 2172 et
452 2148 703 2184 quaecumque
726 2140 830 2185 scias,
866 2140 1023 2186 prodas3
1049 2141 1080 2176 si
1107 2141 1230 2177 minus
1255 2140 1293 2177 id
1320 2140 1450 2178 feceris
1476 2152 1519 2177 ac
1541 2140 1726 2176 mendacii

239 2184 431 2221 convictus
455 2186 539 2226 eris,
573 2186 672 2223 haud
698 2188 946 2225 emolumento
975 2190 1163 2226 accusatio
1190 2190 1262 2226 tibi
1288 2190 1398 2226 erit''.
1441 2192 1522 2225 tum
1551 2188 1614 2224 ille
1638 2200 1726 2225 vera

240 2245 278 2287 se
305 2232 426 2269 dicere
451 2234 623 2270 insistens
649 2235 786 2273 Basilio
819 2238 987 2274 eunucho
1014 2238 1191 2283 traditur,
1217 2241 1262 2274 ut
1286 2238 1449 2274 absurda
1473 2237 1727 2284 chirographa

241 2282 311 2326 ipsi
325 2281 442 2319 daret.
490 2294 574 2318 cum
599 2295 716 2330 eoque
741 2297 908 2332 egressus
932 2287 971 2322 in
990 2287 1147 2323 Aaronis
1168 2286 1451 2324 tabernaculum
1477 2298 1561 2322 eum
1582 2286 1728 2322 inducit

241 2341 368 2385 somno
393 2331 595 2385 consopitis
620 2333 802 2370 omnibus.
831 2335 919 2371 hinc
945 2335 1129 2371 sublatam
1155 2336 1359 2372 militarem
1386 2335 1573 2381 quandam
1599 2346 1727 2381 peram

240 2377 374 2413 libellis
400 2390 479 2414 elus
504 2381 651 2425 generis
677 2382 854 2418 refertam
880 2383 1017 2419 Basilio
1042 2384 1172 2421 tradit.
1224 2388 1421 2431 postquam
1447 2384 1584 2428 illuxit,
1614 2384 1728 2429 impe-

241 2428 344 2461 rator
369 2427 526 2481 evolutis
551 2428 625 2464 illis
647 2429 781 2466 libellis
813 2431 1052 2478 consiliisque
1078 2433 1135 2468 sui
1158 2433 1375 2470 trucidandi
1400 2433 1495 2469 bene
1523 2433 1728 2478 perspectis

242 2473 438 2529 praefectis
475 2476 579 2531 urbis
623 2480 826 2525 praecepit,
866 2483 909 2516 ut
950 2481 1109 2517 Aaronis
1149 2485 1307 2518 matrem
1347 2480 1652 2517 Choerobacchos
1688 2482 1728 2516 in

242 2522 393 2578 exlhum
440 2526 651 2571 mitterent3
690 2526 877 2564 Aaronem
909 2541 998 2565 vero
1044 2542 1059 2562 ψ
1101 2529 1413 2576 Theodorumque
1457 2529 1612 2565 fratrem
1651 2529 1728 2564 eius

242 2569 461 2607 Anchialum
488 2573 680 2620 relegavit.
714 2576 803 2612 haec
827 2577 1091 2622 imperatorem
1117 2578 1247 2614 diebus
1273 2580 1450 2626 quinque,
1474 2578 1547 2614 iter
1572 2590 1619 2613 ne
1647 2589 1729 2624 per-

241 2621 357 2664 geret,
382 2621 633 2658 morabantur.

315 2715 322 2722 ·
386 2668 416 2702 2.
467 2668 543 2704 lam
569 2682 657 2706 vcro
691 2671 782 2708 dum
815 2672 1111 2710 Thessalonicam
1138 2674 1402 2720 proficiscitur,
1437 2674 1538 2721 quod
1564 2673 1729 2720 undique

241 2725 369 2770 copiae
382 2727 420 2750 m
435 2729 548 2752 unum
563 2718 683 2755 locum
699 2724 961 2767 convenerant,
973 2723 1089 2758 aciem
1104 2723 1206 2759 velut
1220 2723 1266 2759 ad
1280 2724 1418 2760 bellum
1429 2724 1615 2758 instruere
1628 2721 1728 2759 haud

242 2762 402 2818 alienum
440 2767 597 2810 putavit.
663 2779 705 2804 ac
743 2773 897 2815 repente
935 2770 1099 2816 legiones
1130 2783 1197 2817 per
1232 2785 1316 2808 suas
1351 2783 1520 2819 quaeque
1558 2770 1729 2807 cohortes

242 2810 443 2856 dispomtae
476 2815 745 2869 constiterunt;
770 2818 1006 2854 centuriones
1033 2820 1251 2866 pracedunt,
1284 2820 1478 2857 novissimi
1500 2832 1522 2855 a
1544 2823 1652 2866 tergo
1675 2830 1727 2854 se-

242 2862 420 2905 quuntur,
456 2873 594 2908 qulque
626 2864 782 2901 mediam
822 2866 940 2913 ipsam
978 2869 1107 2904 tenent
1144 2870 1274 2916 aciem,
1311 2871 1412 2906 stant
1451 2880 1578 2907 omnes
1616 2867 1734 2904 armis*
