1768 3152
213 200 268 243 36
731 209 898 244 ANNAE
929 210 1196 245 coMNENAE

213 322 417 383 ἐμβαλών
458 322 719 371 διαπόντιον
760 325 824 380 εἷς
861 321 1038 386 α’ρωγὴν
1067 323 1204 372 αὐτοῦ
1251 327 1484 386 πέπομφε.
1543 324 1713 372 θεασά-

212 411 339 452 μενοι
360 394 409 439 δὲ
430 397 594 440 τοῦτον
616 392 658 439 οὶ
685 398 875 453 Τοῢρκοι
896 393 1201 452 καταλαβόντα
1219 397 1438 456 φυγαδείᾳ
1459 394 1714 458 ἐχρήσαντο.

215 461 239 508 ὃ
271 463 320 508 δὲ
347 462 459 522 μηδὲ
487 461 647 520 μικρὸν
675 458 913 521 α’ναμείνας
942 459 1273 521 ἅναλαβόμενος
1297 463 1375 509 τὸν
1397 466 1575 522 Πέτρον
1603 462 1715 522 μετὰ

214 535 305 577 τῶν
336 530 422 577 σῦν
449 527 583 591 αὐτῷ,
617 533 743 591 ῥητοὶ
772 530 852 590 γὰρ
881 524 1003 594 ἦσαν,
1033 531 1240 590 διασώζει
1271 532 1390 591 πρὸς
1419 534 1497 579 τόν
1516 534 1713 591 βασιλέα.

214 603 293 647 τοῦ
324 602 373 646 δὲ
401 601 620 658 βασιλέως
650 596 1058 663 ἀναμιμνήσκοντας
1085 597 1221 646 αὐτὸν
1245 609 1324 664 τῆς
1351 598 1550 664 α’ρχῆθεν
1582 598 1751 660 &stov-5

215 672 311 725 λίας
340 670 476 716 αὐτοῦ
522 672 596 715 καὶ
640 668 768 725 ὅπως
809 675 908 725 ταῖς
948 667 1084 717 αὖτοῦ
1121 669 1494 732 ὖποθημοσύναις
1520 671 1580 731 μὴ
1617 690 1717 717 πει-

216 738 416 798 θόμενος
459 737 695 793 τοσούτοις
747 738 1051 785 ἐνεπεπτώκει
1096 742 1279 795 δεινοῖς,
1329 738 1470 786 ὁποῖα
1516 744 1719 793 Λατῖνος

171 797 426 868 Βῦψαύχην
471 805 568 865 οὐχὶ
612 806 769 854 ἑαυτὸν
812 806 956 854 αἴτιον
997 816 1078 854 τοῦ
1113 806 1332 855 τοσούτου
1371 811 1507 855 κακοῦ
1556 807 1715 867 ἔλεγεν,

216 873 309 923 ἀλλ’
344 879 537 931 ἐκείνους
567 875 672 931 τούς
701 875 761 939 μὴ
793 873 914 936 miv&
944 879 1266 935 πειθομένους,
1319 874 1431 923 ἄλλα
1461 881 1559 932 τοῖς
1588 877 1719 931 ἰδίοις

217 944 443 1006 θελήμασι
472 947 744 1004 χρωμένους,
788 947 951 1007 λῃστὰς
980 942 1223 992 ἀποκαλῶν
1254 945 1442 1001 τούτους
1471 948 1544 992 καὶ
1574 945 1717 1004 ἅρπα-
1735 954 1768 989 1(

216 1032 294 1074 γας
322 1016 394 1061 καὶ
424 1015 535 1074 μηδὲ
568 1015 691 1073 παρὰ
719 1018 799 1060 τοῦ
829 1018 1034 1077 σωτῆρος
1059 1014 1123 1070 εἷς
1151 1013 1453 1075 προσκύνησιν
1481 1020 1562 1061 τοῦ
1592 1014 1718 1074 ἁγίου

216 1082 363 1145 τάφου
397 1082 470 1129 διὰ
501 1086 638 1128 ταῦτα
668 1082 863 1138 δεκτούς.
919 1082 961 1129 οἳ
991 1086 1072 1142 μὲν
1093 1077 1171 1130 οὖν
1191 1088 1280 1130 τῶν
1299 1086 1523 1140 Λατίνων,
1558 1086 1720 1138 ὁποῖος

220 1151 244 1198 ὁ
275 1155 556 1211 Βαὶζιιοῦντος
594 1154 667 1199 καὶ
713 1151 755 1199 οἳ
802 1152 970 1200 τούτου
1018 1152 1292 1215 ὁμόφρονες,
1342 1153 1488 1212 ἔρωτα
1526 1157 1604 1215 τῆς
1631 1156 1721 1197 τῶν

215 1223 443 1280 Ῥωμαίων
486 1218 622 1283 ἀρχῆς
676 1223 722 1268 ἐκ
766 1227 944 1282 μακροῦ
991 1222 1167 1279 ἔχοντες
1213 1224 1287 1269 καὶ
1334 1221 1502 1282 ταύτην
1545 1221 1721 1276 ἑαυτοῖς

220 1289 610 1352 περιποιήσασθαι
640 1291 918 1350 βουλόμενοι,
953 1294 1184 1353 πρόφασιν
1213 1291 1292 1354 τὴν
1314 1296 1395 1339 τοῦ
1417 1293 1595 1350 Πέτρου
1626 1293 1722 1336 δια-
1736 1300 1768 1335 ΙΞ

65 1365 108 1401 P·
135 1365 207 1401 288
220 1358 480 1420 κηρύκευσιν
509 1359 746 1420 εὑρηκότες
757 1397 767 1416 ,
803 1359 863 1416 ὠς
893 1360 1086 1421 εἴρηται,
1119 1360 1201 1421 τήν
1232 1359 1440 1421 τοιαύτην
1472 1361 1722 1420 συγκίνησιν

156 1436 160 1440 ’
221 1427 490 1490 ἐποιήσαντο
521 1426 830 1492 α’πατήσαντες
859 1429 965 1485 τοὺς
995 1427 1340 1489 οἷκεραιοτέρους
1364 1430 1435 1476 καὶ
1459 1427 1722 1490 σχηματιζό-

219 1517 347 1557 μενοι
391 1498 503 1544 κατὰ
547 1503 637 1544 τῶν
680 1497 891 1559 Τούρκων
937 1495 1219 1559 α’πέρχεσθαι
1271 1500 1334 1555 εἰς
1375 1500 1595 1559 ἐκδίκησιν
1640 1500 1721 1544 τοῦ

220 1567 347 1627 ἁγίου
372 1566 520 1629 τάφου
550 1567 629 1623 τὰς
659 1568 774 1623 ἰδίας
800 1571 1081 1628 ἐπίπρασκον
1111 1569 1269 1628 χώρας.

336 1639 374 1683 7.
439 1629 585 1694 Οὖβος
614 1639 663 1683 δέ
691 1656 759 1692 τις
790 1636 814 1683 ὁ
852 1642 933 1684 τοῦ
977 1638 1108 1698 ῥηγός
1148 1640 1368 1698 Φραγγίας
1402 1634 1599 1699 ἀδελφός
1638 1656 1723 1699 φυ-
1737 1647 1768 1681 ‘21

221 1708 313 1751 σῶν
342 1704 397 1750 τὰ
427 1703 634 1752 Ναυάτου
665 1708 737 1752 ἐπ’
769 1703 965 1769 εὖγενείᾳ
993 1709 1066 1753 καὶ
1097 1705 1285 1768 πλούτῳ
1315 1709 1388 1754 καὶ
1421 1705 1615 1765 δυνάμει,
1645 1710 1725 1769 τῆς

359 1835 389 1869 1.
415 1829 625 1875 διαπόντιοι
643 1833 686 1870 G.
764 1832 915 1881 ἀρωγὴν
930 1834 972 1881 G,
998 1832 1151 1882 ἀγωγὴν
1168 1836 1208 1872 Ρ.
1333 1837 1366 1872 2.
1393 1832 1664 1881 κατελλαβόντα
1681 1835 1723 1871 G.

357 1884 390 1918 3.
416 1881 515 1930 μηδὲ
545 1882 619 1928 FC,
647 1894 719 1918 om.
735 1882 774 1919 P.
940 1884 974 1920 4.
1003 1883 1091 1932 γὰρ]
1120 1884 1188 1920 dt?
1348 1885 1383 1921 7.
1410 1881 1647 1932 ἐμπεπτώκει
1678 1884 1737 1921 G.·

358 1932 391 1966 8.
417 1927 597 1966 τοσούτου
621 1930 664 1977 F,
691 1943 763 1967 om.
782 1931 823 1967 P.
941 1935 998 1969 10.
1023 1929 1236 1982 θελήμασιν
1259 1932 1300 1977 P,
1327 1934 1488 1969 correxi.
1591 1936 1647 1970 11.
1673 1935 1725 1972 εἰς

356 1977 423 2024 τὴν
449 1979 492 2016 G.
645 1981 701 2016 14.
727 1980 839 2015 ταῦτα
862 1981 901 2017 C.
1053 1983 1107 2019 18.
1136 1981 1344 2029 ἐκδίκησιν]
1371 1977 1625 2029 προσκύνησιν
1651 1981 1723 2018 CG.

356 2030 414 2064 20.
446 2023 564 2075 Οὗρος
591 2027 634 2064 G.
735 2029 896 2078 φυσσῶν
922 2029 960 2065 Ρ.

221 2125 308 2172 sult,
333 2137 402 2172 per
428 2128 751 2174 maresuppetias
776 2127 812 2165 ei
837 2129 960 2174 misit3
998 2139 1110 2176 quem
1135 2129 1335 2176 appulsum
1359 2132 1555 2167 cernentes
1580 2129 1725 2167 Turcae

222 2186 261 2211 se
287 2174 399 2221 fugae
423 2174 621 2212 dederunt.
674 2177 705 2212 is
730 2188 807 2213 non
832 2177 899 2214 diu
923 2177 979 2214 ibi
1005 2179 1174 2214 moratus
1199 2178 1354 2215 Petrum
1389 2190 1475 2216 eum
1513 2179 1622 2216 sociis
1647 2190 1725 2215 non

222 2223 353 2259 multis
384 2224 553 2271 periculo
585 2227 759 2271 ereptum
792 2226 840 2262 ad
874 2226 1142 2273 imperatorem
1176 2226 1300 2273 ducit3
1348 2239 1371 2263 a
1404 2239 1478 2275 quo
1517 2230 1555 2264 et
1586 2228 1726 2274 prioris

222 2272 503 2318 imprudentiae
532 2275 571 2309 et
605 2274 706 2319 quod
738 2278 873 2311 contra
907 2288 1016 2311 suum
1053 2275 1250 2312 consilium
1276 2277 1316 2312 in
1342 2279 1467 2313 tantas
1491 2276 1726 2313 calamitates

223 2320 439 2367 incidisset,
474 2321 689 2358 admonitus
720 2323 783 2359 ille
823 2327 867 2360 ut
898 2323 1058 2360 Latinus
1095 2325 1279 2371 superbus
1310 2327 1455 2361 tantam
1489 2325 1634 2362 cladem
1668 2337 1726 2361 re-

224 2369 378 2416 spondit
402 2369 696 2417 haudquaquam
723 2372 815 2418 sibi⁷
847 2373 911 2409 sed
936 2373 1011 2409 illis
1037 2373 1319 2420 imputandam,
1362 2375 1427 2420 qui
1461 2373 1534 2410 sibi
1560 2386 1636 2410 non
1661 2374 1724 2410 ob-

225 2417 415 2454 oedientes
439 2431 549 2455 suum
574 2419 743 2466 ipsorum
769 2422 969 2457 consilium
1002 2422 1121 2459 secuti
1157 2425 1299 2468 essent3
1341 2434 1384 2459 ac
1415 2422 1624 2469 praedones
1661 2434 1725 2459 eos

223 2469 471 2514 raptoresque
496 2468 691 2504 vocitabat
715 2480 784 2506 neo
808 2469 962 2517 dignos,
996 2473 1063 2517 qui
1097 2483 1119 2507 a
1153 2471 1342 2508 salvatore
1380 2471 1429 2508 ad
1462 2471 1725 2508 adorationem

225 2516 345 2551 sancti
371 2516 534 2562 sepulcri
552 2517 855 2555 admitterentur.
906 2519 1080 2555 nonnulli
1097 2519 1218 2567 igitur
1232 2519 1469 2566 Latinorum,
1485 2520 1726 2556 Boemundus

225 2564 367 2600 scilicet
383 2565 522 2611 quique
541 2565 668 2602 eadem
683 2567 908 2612 sentiebant,
936 2568 1012 2604 iam
1025 2568 1173 2615 pridem
1189 2569 1350 2605 Romani
1368 2569 1519 2616 imperii
1537 2569 1725 2605 desiderio

225 2612 430 2658 flagrantes
457 2614 570 2660 idque
604 2615 677 2651 sibi
701 2615 894 2652 vindicare
927 2617 1121 2663 cupientes
1146 2617 1273 2663 Petri,
1308 2620 1350 2654 ut
1373 2618 1470 2662 dixi,
1511 2618 1726 2664 promulga-

224 2661 329 2697 tione
354 2664 550 2707 praetexta
575 2664 726 2699 tantu'm
760 2667 906 2701 motum
941 2665 1110 2702 fecerant
1145 2666 1390 2712 simpliciores
1423 2666 1648 2712 decipiendo
1679 2668 1726 2702 si-

226 2709 487 2756 mulantesque
513 2723 550 2747 se
576 2712 624 2747 ad
650 2715 822 2748 sanctum
850 2714 1066 2759 sepulcrum
1092 2714 1347 2751 ulciscendum
1380 2716 1421 2752 in
1447 2715 1588 2751 Turcas
1613 2715 1726 2762 profi-

227 2758 317 2796 cisci
342 2760 464 2795 terras
490 2771 573 2795 suas
599 2761 862 2798 vendiderant.

331 2807 365 2843 7.
415 2807 522 2844 Ubus
541 2809 683 2856 (Hugo)
706 2812 831 2846 autem
858 2811 1024 2859 quidam,
1050 2811 1169 2848 frater
1189 2812 1289 2860 regis
1306 2810 1502 2858 Franciae,
1527 2811 1727 2849 nobilitate

232 2854 382 2892 divitiis
401 2855 536 2904 opibus
553 2857 692 2895 Novati
709 2858 829 2896 instar
846 2860 1120 2908 praetumidus,
1145 2873 1231 2898 oum
1250 2860 1377 2908 patria
1398 2860 1533 2898 relicta
1550 2860 1662 2898 vellet
1678 2860 1727 2898 ad
