1806 3132
297 233 380 277 566
643 257 648 261 ,
812 236 990 273 GARQLI
1017 233 1256 270 DUOANGH

297 358 455 402 Latino
483 357 650 400 nomine
678 354 947 410 appellatum,
979 366 1024 396 eo
1054 352 1165 407 quod
1196 351 1379 395 dimidia
1407 351 1497 395 eius
1525 365 1636 405 pars
1663 354 1776 394 retro

297 416 473 465 eiieitur,
507 414 617 468 quod
649 413 774 469 vulyo
810 411 1051 454 Mauortem
1089 410 1234 453 dieunt
1272 409 1349 451 etc.
1422 408 1613 463 Denique
1655 407 1776 450 Philo

299 471 548 527 Carpathius
577 470 631 514 ad
660 470 727 512 27.
754 468 950 511 Proverb.
986 466 1281 518 Theristrium‚
1311 465 1422 520 quod
1455 468 1494 508 et
1537 464 1779 508 theristrum

299 532 337 571 et
366 527 633 581 maphorium
662 525 890 580 appellarit,
921 523 1121 566 muliebre
1149 523 1303 576 capitis
1336 526 1374 565 et
1408 521 1537 576 faciei
1572 525 1633 564 est
1667 521 1779 564 vela-

298 589 481 628 mentum
499 588 537 627 et
556 583 806 638 operculum,
827 595 905 637 quo
931 580 1141 634 foeminae
1160 583 1317 622 aestate
1341 579 1570 633 praecipue
1587 582 1778 621 utuntur.

298 642 445 697 Neque
473 641 558 684 alia
584 640 753 683 notione
781 638 1014 682 Mavortem
1052 636 1272 690 usurpavit
1301 635 1527 691 Gregorius
1552 635 1779 678 Turonens.

300 699 372 742 lib.
399 698 464 740 10.
496 710 585 753 cap.
609 698 673 740 16.
704 697 746 740 et
774 695 1033 738 Fortunatus
1061 695 1105 736 in
1135 694 1226 737 vita
1257 692 1298 737 S.
1330 692 1602 748 Radegundis
1632 704 1720 747 cap.
1739 693 1779 734 9.

299 756 351 798 D.
382 755 663 811 Hieronymus
692 753 823 808 Epist.
845 754 913 795 22.
971 750 1032 794 Et
1067 765 1151 805 per
1194 751 1388 793 humeros
1429 750 1555 794 laeua
1585 748 1782 792 Mavorte

299 811 494 856 volitans.
555 810 757 853 Mafortes
802 809 930 852 etiam
973 808 1189 851 Monachis
1217 807 1371 850 tribuit
1397 806 1619 850 Cassianus
1647 806 1721 849 lib.
1743 807 1779 849 1.

301 869 351 912 de
380 868 484 911 Inst.
515 867 627 910 Mon.
658 879 747 921 cap.
771 867 808 909 7.
859 864 1053 920 Auyusto
1077 863 1258 918 palli-olo
1300 890 1352 897 —
1389 864 1500 907 eolla
1517 862 1688 917 pariter
1717 866 1780 905 at-

301 939 377 980 que
404 925 597 968 humeros
618 926 773 978 teyuut,
805 935 910 977 quae
929 921 1127 975 mafortes
1153 925 1240 964 tam
1266 924 1423 972 nostro,
1449 934 1574 976 quam
1591 920 1783 972 ipsorum

247 981 250 984 ’
300 984 602 1037 nuncupantur
618 980 791 1034 eloquio.
834 979 1057 1022 Enimvero
1077 978 1282 1032 Deiparae
1312 977 1461 1032 capitis
1488 973 1780 1030 ἐπικάλυμμα,

303 1051 398 1081 cum
427 1037 610 1080 eiusdem
639 1050 754 1087 zona,
782 1035 1041 1079 asservatum
1070 1035 1115 1077 in
1136 1034 1442 1078 Blacherniano
1463 1034 1635 1089 Templo
1663 1033 1783 1076 docet

302 1094 561 1149 Nicephorus
577 1093 681 1137 Call.
712 1093 784 1136 lib.
809 1093 874 1135 18.
903 1104 991 1147 cap.
1014 1093 1080 1134 38.
1114 1091 1176 1134 Ex
1191 1091 1341 1146 quibus
1361 1090 1531 1134 tandem
1562 1089 1782 1134 conficitur

302 1145 550 1262 ῖῖἰωφέἕὲἔ
578 1147 1786 1260 ἒὲὲῖΐὲἓέἓὶωθζὲἑὲὲῗέἓωοηῖῗὲωἰᾞὲἢέἱέἒέἓῃῗὲἓί

303 1277 399 1307 111111
427 1263 681 1307 nostratium
705 1262 837 1318 pepla,
875 1275 947 1305 seu
975 1261 1223 1313 velamenta,
1262 1260 1362 1303 dum
1402 1260 1500 1303 sunt
1535 1261 1581 1302 in
1614 1259 1786 1315 lugubri

304 1320 466 1364 habitu.
530 1320 620 1363 Nec
649 1320 711 1363 est
746 1319 857 1374 quod
893 1318 986 1373 quis
1026 1318 1205 1361 miretur
1240 1318 1377 1372 ipsum
1405 1317 1705 1371 Imperatorem
1741 1315 1786 1358 in

305 1377 461 1432 praelio
505 1376 611 1419 illud
656 1376 790 1419 altera
834 1376 1018 1430 gestasse
1058 1388 1198 1426 manu,
1242 1374 1296 1417 ad
1340 1374 1474 1417 instar
1503 1373 1657 1425 vexilli,
1690 1385 1786 1415 cum

307 1434 488 1477 Thomas
523 1433 870 1488 Walsing'hamus
913 1431 958 1474 in
1006 1431 1319 1487 Hypodigmate
1371 1430 1594 1474 Neustriae
1645 1429 1788 1472 narret

306 1490 561 1533 Walterium
593 1489 892 1533 Carnotensem
920 1488 1172 1543 Episcopum
1214 1499 1298 1530 una
1329 1500 1424 1530 cum
1452 1487 1613 1530 civibus
1642 1486 1788 1529 contra

305 1547 523 1590 Rollonem
550 1545 841 1589 Normannum
876 1545 1021 1588 urbem
1061 1544 1317 1588 obsidentem
1352 1544 1652 1599 pugnaturum,
1689 1555 1789 1596 sup-

306 1616 456 1659 parum
476 1601 725 1657 (Camisiam
744 1600 914 1657 vocant)
943 1602 1099 1645 Beatae
1120 1601 1292 1653 Mariae,
1316 1600 1426 1655 quod
1444 1599 1617 1644 Carolus
1634 1599 1787 1642 Calvus

308 1659 671 1714 Constantinopoli
702 1671 797 1701 011111
834 1658 928 1701 aliis
958 1658 1160 1713 reliquiis,
1199 1658 1264 1699 uti
1292 1656 1430 1713 fingit,
1471 1656 1707 1707 advexerat,
1743 1655 1788 1697 in

307 1716 478 1759 modum
500 1715 642 1758 vexilli
671 1715 928 1770 praetulisse,
960 1716 1172 1769 praeterea
1194 1714 1434 1757 Willelmus
1457 1713 1606 1769 Tyrius
1636 1713 1709 1755 lib.
1724 1712 1788 1754 11.

308 1768 1790 1881 ῗὲεὲἓὲξᾶξῖἲὲωὸῖἒέἕὲἓῗὲᾚᾞὲῗὲἒὲΕῗέἕέῗωὲἭῗὲἔὲοῖῖῗέ

309 1885 457 1929 Carolo
488 1884 685 1940 Simplice
728 1885 974 1928 dimicantes
1018 1884 1168 1927 vexilla
1197 1883 1455 1938 praetulisse,
1487 1896 1536 1926 ac
1565 1895 1663 1937 prae
1697 1894 1789 1924 ma-

307 1942 430 1985 nibus
467 1942 651 1997 gestasse
688 1941 885 1984 scribant.
955 1940 1251 1984 Blacherniani
1290 1939 1453 1995 Templi
1489 1937 1640 1994 (neque
1678 1937 1788 1981 enim

307 2011 393 2041 rem
425 1998 640 2054 ingratam
669 1998 833 2041 Lectori
874 1997 962 2040 fore
1006 1997 1200 2049 arbitror,
1247 1996 1282 2039 si
1325 2009 1540 2039 sacrarum
1584 1994 1790 2049 Deiparae

308 2054 488 2098 vestium
516 2054 752 2097 Historiam
781 2054 893 2097 hisce
914 2053 1235 2097 Commentariis
1265 2051 1468 2108 attexam)
1499 2051 1788 2107 amplitudine,

307 2111 407 2154 licet
437 2111 478 2153 et
508 2111 678 2154 artificii
708 2110 917 2166 elegantia
962 2110 1219 2165 percelebriS,
1265 2109 1573 2153 venerationem
1615 2106 1790 2150 mirifice

310 2179 458 2210 auxere
486 2167 697 2222 depositae
723 2168 769 2210 in
798 2180 844 2210 eo
873 2167 1078 2221 Deiparae
1106 2166 1233 2210 vestis
1272 2166 1313 2209 et
1351 2179 1468 2217 zona,
1508 2177 1686 2220 quarum
1722 2163 1789 2206 de-

309 2223 526 2278 positionis
555 2223 886 2267 anniversarium
930 2223 1040 2266 diem
1083 2223 1217 2278 agunt
1260 2223 1432 2266 seorsim
1459 2220 1620 2273 Graeci,
1665 2219 1791 2263 vestis

311 2280 469 2323 scilicet
497 2281 533 2323 2.
563 2280 676 2332 111111,
707 2293 834 2323 zonae
863 2293 960 2323 vero
991 2280 1059 2322 31.
1090 2279 1290 2335 Augusti.
1334 2279 1539 2334 Deiparae
1559 2277 1717 2321 Aedem
1746 2275 1790 2318 in

310 2336 555 2379 Blachernis
600 2337 714 2380 extra
759 2337 904 2380 urbem
949 2336 1212 2380 aedificatam
1257 2349 1282 2378 a
1315 2335 1550 2386 Pulcheria,
1585 2331 1792 2376 Marciani

311 2393 579 2446 Imperatoris
632 2394 818 2449 coniuge,
867 2393 1112 2448 praedicant
1160 2392 1315 2447 passim
1360 2391 1600 2435 Theodorus
1644 2389 1792 2432 Lector

311 2449 462 2504 Eclog.¹
487 2450 523 2491 1.
555 2449 836 2504 Theophanes,
871 2450 912 2492 et
942 2462 988 2492 ex
1017 2462 1063 2492 eo
1094 2448 1359 2500 Anastasius,
1390 2448 1470 2491 An.
1501 2448 1538 2490 1.
1569 2445 1789 2497 Marciani,

313 2503 546 2549 Chronicon
592 2506 710 2549 Alex.
751 2506 946 2558 Zonaras,
993 2505 1253 2560 Nicephorus
1299 2503 1402 2548 Call.
1444 2504 1518 2547 lib.
1541 2503 1606 2546 14.
1645 2515 1734 2557 cap.
1754 2502 1791 2544 2.

314 2560 494 2604 Codinus
528 2561 578 2605 de
607 2562 723 2617 Orig.
756 2561 836 2605 CP.
868 2563 910 2606 et
935 2562 1023 2605 alii.
1078 2562 1202 2605 Hane
1243 2562 1387 2616 postea
1415 2561 1530 2604 intra
1558 2559 1674 2603 urbis
1701 2571 1792 2602 am-

312 2617 449 2660 bitum
487 2618 659 2661 inclusit
697 2619 918 2662 Heraclius
946 2619 1028 2662 An.
1057 2629 1137 2663 xv.
1170 2618 1356 2661 extructo
1393 2617 1508 2660 ultra
1538 2616 1793 2660 Blachernas

313 2686 445 2726 muro,
491 2687 572 2729 quo
618 2688 643 2718 a
685 2675 959 2718 barbarorum
1003 2675 1250 2727 incursibus,
1295 2674 1368 2730 qui
1409 2674 1620 2729 regionem
1666 2671 1793 2714 istam

313 2730 515 2773 hactenus
545 2732 826 2785 pervaserant,
856 2732 952 2775 tuta
982 2732 1100 2774 esset.
1128 2730 1318 2774 Chronic.
1341 2729 1693 2773 Alexandrinum:
1729 2722 1790 2768 To

315 2782 381 2829 ιε’.
413 2783 512 2837 ἔτος
537 2786 614 2845 τῆς
642 2786 865 2839 βασιλείας
890 2784 1165 2841 ςΗρακλοίου,
1201 2786 1385 2843 ἐκτίσθη
1425 2783 1477 2829 τὸ
1507 2787 1653 2839 τεῖχος
1683 2780 1793 2837 ἔξω·

317 2843 402 2886 θεν
432 2842 703 2898 Βλαχερνῶν,
726 2843 799 2887 καὶ
818 2838 1066 2901 ἅπεκλείθη
1098 2841 1276 2888 ἔσωθεν
1299 2839 1324 2887 ὃ
1353 2839 1458 2895 ναὸς
1482 2841 1535 2885 τὶ
1539 2858 1562 2894 ς
1582 2839 1794 2897 παναγίας
