1734 3120
201 229 282 270 268
705 235 870 270 ANNAE
899 235 1165 270 COMNENAE

155 350 330 407 Βμέγαν
361 350 482 408 ἐνῆκε
513 347 591 394 τὸν
610 343 867 406 ἄνθρωπον,
891 346 996 403 ταχὺ
1028 348 1076 393 δέ
1105 346 1156 392 τὸ
1178 349 1278 402 δέος
1303 347 1434 394 ἔλυσε»
1452 351 1531 395 τοῦ
1553 366 1684 407 στρα-

197 415 374 463 τιώτου.
450 412 579 462 οὔπω
620 415 698 474 γὰρ
730 417 755 460 ὁ
787 414 908 477 ’ἥλιος
953 418 1032 461 τοῦ
1077 415 1302 475 ὁρίζοντος
1345 418 1513 471 κατέδυ,
1557 419 1629 462 καὶ
1659 417 1683 462 ὁ

197 483 426 544 δεσμώτης
456 483 694 542 ἐλεύθερος
721 486 876 529 ἵστατο
918 485 988 528 καὶ
1019 481 1043 528 ὁ
1077 481 1275 529 θανάτου
1317 486 1686 544 καταψηφισθεὶς

195 555 365 612 μυρίων
395 551 638 614 ἐτετυχὴκει
671 554 863 611 δωρεῶν.
935 556 1138 606 τοιοῦτος
1175 550 1199 597 ὃ
1231 551 1336 609 ἐμὸς
1370 551 1521 612 πατήρ
1559 557 1685 610 βασι-

196 620 295 675 λεὺς
310 622 355 667 ἐν
370 624 510 667 πᾶσιν
526 622 742 680 ἐφαίνετο,
761 618 840 664 κᾶν
860 622 1028 680 πολλῆς
1049 621 1093 674 ἐς
1108 617 1294 679 ὕστερον
1313 623 1392 681 τῆς
1413 622 1461 678 ἐξ
1478 619 1687 666 ἁπάντων
1701 632 1721 666 5

195 686 503 749 ἀγνωμοσύνης
534 684 773 749 ἄπηλαυσε,
798 687 1007 746 καθάπερ
1029 690 1143 734 7ιότέ
1172 691 1244 734 καὶ
1274 687 1298 734 ὃ
1322 688 1502 734 πάντων
1518 685 1687 748 εὐεργέ-

197 776 273 818 της
303 757 327 804 ὃ
359 756 507 816 κύριος
539 755 679 814 μάννα
699 759 868 814 βρέχων
890 758 934 802 ἐν
954 755 1113 818 ἐρήμῳ,
1138 759 1315 815 σιτίζων
1337 758 1384 804 ἐν
1406 753 1529 817 ῗίρξσι
1549 760 1622 804 καὶ
1643 758 1688 803 ἐν

196 824 397 887 θαλάττῃ
428 823 645 884 ἇβρόχους
678 824 944 883 διαβιβάζιυν
975 828 1046 871 καὶ
1067 824 1253 884 ὕστερον
1282 822 1586 884 ἅθετούμενος
1614 828 1687 872 καὶ

197 893 482 953 ὑβριζόμενος
509 895 582 939 καὶ
607 893 885 952 τυπτόμενος
914 897 987 940 καὶ
1027 896 1153 949 τέλος
1198 894 1388 953 σταυρὸν
1433 897 1555 954 παρὰ
1597 899 1688 940 τῶν

159 959 374 1021 Οοῖνόμων
400 961 777 1021 κατακρινόμενος.
827 959 919 1008 ἀλλ’
954 964 1150 1009 ἐνταῦθα
1169 965 1402 1024 γενομένης
1422 966 1689 1027 προεκπηδᾷ
1704 974 1734 1008 1(

197 1050 284 1089 μου
315 1031 555 1090 τοῦλόγου
586 1030 637 1077 τὸ
676 1029 865 1089 δάκρυον
907 1034 980 1077 καὶ
1010 1031 1163 1092 σφύζω
1202 1034 1307 1091 περὶ
1352 1030 1528 1078 τούτων
1573 1035 1689 1090 ἐρεῖν

198 1102 270 1145 καὶ
302 1097 582 1161 ποιήσασθαι
609 1103 699 1145 τῶν
728 1097 996 1158 ἀγνωμόνων
1026 1098 1281 1159 κατάλογον,
1314 1096 1423 1146 ἀλλὰ
1453 1099 1532 1163 τὴν
1551 1102 1689 1160 γλῶτ-

198 1187 278 1214 ταν
307 1169 451 1225 ἐπέχω
484 1170 554 1214 καὶ
584 1169 661 1230 τὴν
690 1169 872 1226 καρδίαν
900 1167 1211 1229 σφαδάζουσαν
1236 1172 1308 1214 καὶ
1335 1173 1467 1215 τοῦτο
1498 1168 1689 1231 δήπρὸς

199 1237 388 1298 ἐμαυτὴν
419 1239 606 1296 ἐπιλέγεο
628 1242 820 1294 συνεχῶς
849 1239 901 1283 τὸ
922 1242 1001 1284 τοῦ
1032 1241 1221 1298 ποιητοῦ
1257 1239 1476 1284 ατέτλαθι
1507 1239 1561 1298 δή
1585 1256 1689 1297 κρα-

198 1309 289 1366 δίη·
321 1309 394 1352 καὶ
421 1305 628 1363 κύντερον
659 1302 766 1352 ἄλλο
797 1310 899 1352 ποτ’
935 1306 1100 1366 ἐτλης”.
1161 1305 1270 1352 ἄλλα
1309 1310 1492 1353 τοιαῦτα
1520 1308 1601 1365 μὲν
1633 1306 1689 1353 τὰ
1704 1312 1734 1348 ll

198 1373 311 1420 κατά
338 1374 417 1420 τὸν
442 1371 672 1434 ἀγνώμονα
702 1373 976 1434 στρατιώτην
1009 1376 1196 1421 ἐκεῖνον·
1227 1379 1317 1420 τῶν
1338 1377 1387 1421 δέ
1411 1393 1457 1434 γε
1485 1373 1577 1420 ἀπὸ
1609 1379 1689 1420 τοῦ

199 1440 409 1500 Χοροσάν
440 1442 562 1501 παρὰ
591 1447 671 1488 τοῦ
706 1442 870 1489 Σαϊσὰν
899 1441 1142 1489 σουλτάνου
1180 1444 1486 1504 πεμφθέντων
1529 1441 1570 1489 οὶ
1610 1443 1690 1500 μὲν

46 1519 88 1555 V.
115 1521 187 1556 342
199 1508 272 1555 διὰ
297 1515 386 1556 τῶν
415 1514 564 1569 μερῶν
592 1514 671 1557 τοῦ
701 1510 860 1557 Σινάου
894 1510 1175 1572 κατήρχοντο,
1208 1511 1249 1557 οἱ
1281 1513 1330 1558 δὲ
1357 1510 1432 1558 διά
1463 1514 1546 1572 τῆς
1566 1511 1690 1564 ἰδίως

198 1580 465 1639 καλουμένης
493 1577 648 1635 Ἀσίας
678 1576 822 1642 ᾔεσαν.
873 1579 986 1639 ὅπερ
1015 1579 1290 1640 μεμαθηκώς
1319 1579 1342 1626 ὁ
1364 1583 1538 1640 Γαβρᾶς
1560 1586 1688 1626 Κων-

198 1652 438 1703 σταντῖνος,
472 1650 497 1694 ὁ
518 1653 751 1709 τηνικαῦτα
780 1648 860 1709 τὴν
880 1651 1202 1710 Φιλαδέλφειαν
1231 1654 1452 1710 φρουρῶν,
1475 1646 1689 1706 ἆναλαβό-
1702 1661 1734 1695 2(

152 1723 185 1758 D
196 1733 330 1772 μενος
358 1714 437 1770 τὰς
468 1715 543 1761 ὑπ’
588 1713 722 1762 αὐτὸν
766 1715 971 1774 δυνάμεις
1014 1720 1086 1763 καὶ
1124 1716 1383 1775 καταλαβών
1410 1716 1596 1771 τούτους
1625 1717 1689 1771 εἰς

196 1781 251 1828 το
285 1783 532 1841 Κελβιανὸν
559 1780 694 1839 αὐτὸς
713 1789 893 1843 πρῶτος
921 1783 1131 1838 ἁπάντων
1153 1788 1242 1831 κατ’
1272 1782 1418 1831 αι’-τῶν
1444 1784 1579 1840 λύσας
1610 1784 1690 1830 τὸν

330 1901 363 1936 3.
389 1897 555 1938 θάνατον
581 1902 625 1938 A.
803 1905 835 1939 6.
861 1900 1066 1951 ἀπήλαυσε]
1093 1904 1248 1951 ἐπέτυχε
1272 1903 1312 1939 G.
1435 1900 1586 1939 πάντων
1612 1902 1686 1945 CA,

329 1949 474 1995 πρῶτος
503 1950 542 1986 Ρ.
669 1953 701 1988 8.
731 1948 902 1999 ἀβρόχως
925 1953 969 1989 Α.
1069 1955 1125 1988 10.
1150 1955 1350 2001 γινομένης
1365 1951 1409 1988 A.
1500 1953 1553 1987 14.
1581 1949 1626 1995 δὴ
1641 1951 1687 1993 A,

328 2009 400 2034 om.
427 1998 467 2034 P.
618 2001 672 2036 15.
697 1998 740 2035 τὰ
766 2001 914 2036 τοιαῦτα
940 2001 979 2046 Ρ,
1005 2000 1048 2036 τὰ
1074 2013 1147 2037 om.
1173 2001 1214 2037 F.
1367 2002 1421 2036 18.
1447 2001 1511 2035 τοῦ
1536 1999 1687 2044 scripsi:

326 2046 388 2089 ῒῆς
411 2046 452 2082 Ρ.
642 2050 699 2085 20.
726 2047 745 2084 ὁ
772 2049 817 2095 A,
843 2061 916 2086 om.
930 2049 970 2085 P.
1090 2050 1265 2097 φρουρῶν
1290 2052 1351 2084 καὶ
1364 2048 1405 2095 Ρ,
1431 2051 1493 2084 καὶ
1519 2060 1591 2085 om.
1609 2047 1687 2084 FA.

329 2095 386 2130 22.
414 2094 620 2141 Κελβιανὸν
648 2097 690 2141 Ο,
713 2097 921 2144 Κερβιανὸν
949 2098 1026 2134 PA.

193 2209 283 2265 dum
309 2210 407 2246 enim
433 2212 509 2248 sole
533 2214 685 2250 condito
702 2216 876 2261 captivus
890 2216 952 2252 ille
966 2217 1123 2253 vinculis
1141 2219 1221 2252 erat
1245 2216 1387 2252 solutus
1412 2215 1550 2262 quique
1574 2214 1688 2250 morti

193 2258 363 2314 addlctus
398 2259 521 2297 fuerat
555 2263 843 2300 innumerabilia
880 2277 1035 2301 munera·
1069 2266 1222 2311 accepit.
1280 2265 1393 2300 talem
1430 2276 1467 2301 se
1507 2264 1545 2298 in
1583 2263 1686 2298 omni

193 2319 383 2363 occasio-ne
417 2312 525 2354 pater
561 2322 664 2347 meus
698 2313 900 2358 praestitit,
942 2326 1166 2360 quamquam
1205 2316 1334 2360 postea
1371 2312 1522 2359 quidem
1561 2322 1687 2347 Omnes

193 2354 287 2390 mhil
305 2356 377 2391 msi
395 2357 492 2393 mala
507 2358 540 2393 ei
561 2359 791 2397 referebant:
818 2362 919 2408 quod
936 2362 1035 2398 idem
1061 2362 1150 2398 olim
1169 2365 1346 2408 expertus
1366 2364 1420 2396 est
1438 2360 1500 2396 ille
1519 2363 1687 2396 omnium

192 2404 534 2460 bonorum-auctor
569 2407 741 2444 dominus
781 2410 826 2445 ab
871 2410 928 2455 iis,
969 2411 1104 2457 quibus
1145 2422 1280 2446 manna
1317 2411 1356 2446 in
1391 2409 1538 2445 deserto
1580 2408 1688 2454 pluit,

194 2456 416 2507 quos‘pavlt
441 2454 479 2488 in
505 2457 695 2492 montibus
721 2459 909 2504 siccosque
934 2471 1001 2505 per
1019 2471 1120 2494 mare
1134 2458 1419 2505 transportavit,
1438 2460 1568 2504 postea
1588 2469 1686 2502 spre-

192 2503 252 2534 tus
292 2500 421 2536 illusus
458 2503 627 2548 pulsatus
662 2507 765 2542 cruc-i
804 2506 965 2552 denique
1003 2509 1118 2553 impie
1158 2506 1304 2543 affixus.
1356 2506 1419 2542 sed
1457 2506 1556 2541 inter
1594 2505 1684 2541 haec

192 2548 305 2583 verba
329 2549 503 2586 lacrimae
529 2552 621 2588 mihi
646 2554 891 2590 suboriuntur
927 2556 1115 2602 gestitque
1143 2556 1287 2592 animus
1313 2568 1355 2591 ea
1380 2554 1490 2590 edere
1509 2557 1547 2589 et
1564 2554 1687 2600 ingra-

192 2598 319 2652 torum
344 2598 554 2645 catalogum
579 2613 819 2648 eomponere;
848 2607 887 2639 at
912 2603 1078 2650 linguam
1106 2605 1344 2650 animumque
1370 2602 1547 2648 cupidum
1586 2602 1685 2638 cohi-

193 2644 261 2679 beo
289 2645 382 2698 illud
407 2646 499 2682 mihi
523 2651 700 2685 continuo
726 2651 915 2687 inculcans
941 2657 1090 2698 poetae:
1142 2653 1238 2688 “Fer
1263 2665 1344 2689 mea
1371 2663 1490 2687 mens:
1518 2650 1591 2686 alia
1616 2651 1683 2685 im-

193 2692 370 2737 probiora
394 2695 549 2731 tulisti.”
599 2710 727 2733 verum
747 2699 836 2735 haec
861 2700 906 2736 de
933 2701 1083 2741 ingrato
1100 2702 1172 2737 isto
1200 2701 1330 2737 milite.
1365 2700 1569 2746 copiarum,
1592 2710 1686 2744 quae

193 2752 215 2795 e.
240 2739 387 2777 Saisane
413 2743 558 2781 sultano
587 2758 631 2781 ex
657 2746 869 2784 Chorosane
895 2743 1026 2785 missae
1052 2753 1170 2792 erant,
1197 2750 1289 2785 aliae
1326 2761 1393 2795 per
1418 2747 1520 2783 Sinai
1560 2751 1687 2793 partes

192 2791 266 2824 lter
291 2789 471 2830 fecerunt,
499 2792 590 2829 aliae
616 2806 682 2840 per
709 2808 788 2831 eam
816 2800 1018 2843 regionem,
1057 2810 1167 2844 quam
1206 2798 1359 2844 proprie
1386 2796 1513 2832 Asiam
1537 2798 1684 2831 vocant.

195 2848 268 2892 quo
297 2839 448 2884 cognito
473 2839 612 2876 Gabras
631 2842 894 2880 Constantinus
921 2845 1200 2892 Philadelphiae
1225 2850 1306 2882 tum
1332 2844 1542 2892 praefectus
1567 2843 1684 2890 copiis

195 2896 270 2920 sms
287 2888 486 2933 assumptis
504 2892 668 2927 occurrit
688 2892 860 2928 barbaris
879 2893 926 2929 ad
942 2893 1157 2930 Celbianum
1180 2895 1417 2941 remissisque
1433 2892 1588 2928 habenis
1607 2891 1681 2938 pri-
1727 2888 1734 2893 ¹
