1806 3132
288 227 371 272 554
802 235 979 271 efflom
1008 233 1246 270 DUOANGII

289 352 518 396 Andronici
548 365 662 404 uxor,
697 351 785 394 filia
817 350 1028 402 Troianni,
1071 348 1277 392 Samuelis
1318 348 1600 404 Bulgarorum
1640 348 1767 403 Regis

287 410 377 462 filii,
407 409 588 453 foemina
618 408 885 463 praecellenti
921 407 1056 449 forma
1101 405 1285 460 corporis
1329 405 1371 448 et
1411 405 1580 460 egregia
1609 405 1767 448 virtute

288 467 431 518 animi,
462 467 510 508 ut
540 466 663 509 autor
691 465 754 508 est
771 463 1002 519 Bryennius
1032 462 1104 505 lib.
1123 463 1161 504 3.
1194 474 1281 516 cap.
1303 463 1341 505 6.
1372 475 1396 505 a
1428 475 1509 516 qua
1531 461 1766 504 extructum

289 522 652 622 Constalntinopoli
685 521 842 565 Chorae
873 519 1176 563 Monasterium
1208 519 1355 562 narrat
1385 518 1642 574 Nicephorus
1664 517 1769 561 Gre-

318 592 411 623 oras
456 580 513 622 ib.
533 580 573 621 9.

53 593 315 685 Pag.167.Bg
421 630 854 690 Συμβασιλεύοντος]
903 634 1085 676 Zonaras
1119 632 1170 675 de
1201 631 1477 675 Constantino
1505 630 1656 686 Porph.
1702 627 1769 674 ἔτι

287 689 367 750 γὰρ
397 689 421 735 ὁ
453 694 562 743 παῖς
589 685 728 748 αὐτῆς
757 689 1002 747 περιέκειτο
1032 685 1088 732 τὰ
1116 690 1194 747 τῆς
1222 687 1446 742 βασιλείας
1473 686 1765 743 γνωρίσματα,

288 749 360 792 καὶ
388 743 630 806 εὖφημεῖτο
660 743 770 803 μετὰ
798 743 876 789 τὸν
905 740 1242 800 Λύτοκράτορα,
1283 744 1356 787 καὶ
1385 740 1464 796 τὰς
1501 740 1770 798 χρυσοβούλ-

287 806 391 857 λους
433 802 603 862 γραφὰς
639 804 731 860 μετ’
779 803 945 847 ἐκεῖνον
975 799 1312 858 ὖπεσημαίνετο.
1367 802 1534 845 Profert
1567 802 1768 846 Octavius

288 863 440 908 Strada
469 876 493 906 a
523 863 711 918 Rosberg
740 874 970 912 nummum,
1004 873 1127 916 quem
1157 860 1279 914 putat
1306 871 1392 902 esse
1413 858 1563 911 Alexii,
1585 859 1629 902 in
1647 858 1765 902 cuius

288 920 428 964 antica
458 919 564 963 duae
594 919 787 962 visuntur
825 918 985 973 figurae
1030 917 1260 960 trabeatae.
1319 915 1465 958 Prima
1495 915 1646 967 Alexii,
1693 916 1769 958 ha-

288 978 387 1020 bens
416 977 460 1018 in
481 976 616 1030 capite
636 975 822 1019 Stemma
852 974 1124 1030 crucigerum,
1157 973 1343 1028 globum,
1377 971 1444 1015 cui
1467 971 1577 1015 Crux
1597 972 1768 1023 insistit,

288 1033 432 1076 dextra
462 1034 652 1088 gestans3
696 1031 876 1075 secunda
919 1032 982 1074 est
1025 1030 1198 1074 alterius
1233 1029 1515 1084 Imperatoris
1578 1029 1768 1084 Utraque

287 1090 494 1133 Labarum
526 1090 653 1141 tenet,
682 1089 726 1131 in
757 1088 874 1131 cuius
904 1087 1041 1142 siparo
1084 1087 1288 1142 inscripta
1334 1086 1434 1129 nota
1477 1086 1630 1129 Labari
1675 1098 1767 1128 cum

291 1147 368 1189 hac
390 1146 663 1201 Inscriptione
692 1156 767 1188 FL.
781 1154 923 1188 ALEx.
940 1155 1014 1187 FL.
1034 1154 1203 1187 CONST.
1224 1144 1269 1186 in
1290 1156 1371 1199 quo
1393 1142 1562 1198 quidem
1583 1154 1767 1194 numm0‚

290 1203 326 1246 si
364 1202 499 1245 Alexii
534 1203 608 1254 est,
650 1202 951 1246 Constantinus
995 1201 1136 1244 Ducas
1177 1199 1576 1255 Porphyrogenneta
1621 1198 1768 1242 Alexio

290 1255 633 1313 συμβασιλεὺων,
666 1259 785 1302 0111113
816 1271 965 1301 nomen
996 1258 1041 1300 in
1071 1270 1117 1300 00
1154 1257 1417 1309 describitur,
1459 1256 1669 1300 videretur
1704 1268 1770 1298 re-

290 1315 895 1427 ἓῖῗθέἓὲῗὲξέἒξῗᾶἒὲἔὲξέἶω
906 1314 1285 1426 ,(1311οέᾱέὲῂἓῖἰὲἓὲ
1293 1312 1771 1424 ,1111113111-

864 1405 873 1424 2

290 1430 436 1484 patum
466 1442 585 1472 nemo
616 1442 741 1472 sanus
763 1429 926 1480 dixerit,
946 1428 1017 1471 sed
1047 1428 1089 1470 et
1112 1428 1286 1483 genuini
1307 1439 1410 1482 quos
1432 1426 1570 1470 videre
1591 1425 1771 1480 contigit

289 1485 426 1529 Alexii
458 1486 499 1528 et
530 1485 737 1529 Manuelis
765 1485 927 1527 nummi
962 1485 1077 1528 aurei
1107 1485 1149 1528 et
1185 1484 1371 1536 concavi,
1403 1483 1637 1526 cuiusmodi
1667 1497 1771 1523 καυ-

289 1541 411 1593 κίους
440 1543 582 1585 vocari
621 1543 665 1585 in
695 1542 802 1585 Nov.
826 1543 919 1585 105.
950 1555 1037 1597 cap.
1060 1543 1100 1584 2.
1131 1542 1325 1585 observat
1358 1539 1566 1596 CuJacius,
1599 1540 1644 1582 in
1676 1539 1771 1581 Mu-

289 1612 381 1642 saeo
405 1599 455 1642 V.
485 1598 529 1642 C.
562 1599 611 1642 D.
643 1598 847 1643 Charroni
876 1599 921 1641 in
952 1598 1127 1642 Camera
1159 1598 1352 1653 Comput.
1383 1597 1518 1640 Paris.
1549 1595 1770 1639 Auditoris

288 1657 367 1698 τοῦ
402 1654 658 1710 μακαρίτου,
706 1668 809 1711 quos
852 1656 923 1698 hic
969 1656 1081 1698 ultro
1125 1655 1369 1699 subiicimus
1415 1653 1528 1705 [vide
1555 1654 1642 1696 tab.
1676 1652 1770 1703 IV].

289 1712 410 1755 Prior
440 1726 648 1765 nummus,
680 1712 752 1767 qui
772 1713 834 1755 est
849 1712 1000 1766 Alexii,
1021 1712 1206 1755 eiusdem
1220 1711 1406 1767 Augusti
1428 1710 1575 1754 stolati
1590 1709 1769 1765 effigiem

289 1769 333 1812 in
360 1770 477 1824 parte
508 1782 690 1814 concava
719 1769 894 1822 exhibet,
924 1769 1069 1813 dextra
1087 1769 1354 1820 Narthecem,
1385 1767 1557 1811 sinistra
1583 1767 1769 1822 globum,

289 1826 356 1868 cui
378 1825 486 1869 Crux
504 1826 675 1876 insistit,
697 1826 931 1869 tenentem:
961 1839 1088 1881 supra
1109 1826 1283 1881 globum
1301 1824 1586 1879 Crucigerum,
1609 1835 1770 1874 manus,

289 1883 420 1926 veluti
446 1882 496 1926 de
525 1884 645 1935 nube,
677 1883 730 1926 ad
761 1895 878 1926 oram
906 1883 1069 1926 nummi
1090 1883 1225 1925 exiens
1249 1881 1431 1937 apparet,
1464 1893 1570 1936 quae
1585 1880 1772 1934 Impera-

289 1939 392 1982 toris
413 1939 541 1994 capiti
562 1939 749 1983 Stemma
770 1940 960 1994 imponit.
1017 1939 1085 1982 Ad
1108 1939 1221 1982 latus
1242 1939 1433 1982 devtrum
1459 1937 1590 1992 ipsius
1611 1936 1770 1991 figurae

288 1996 558 2050 Imperatoris
588 1996 733 2051 scripti
751 1997 794 2039 hi
815 1996 1093 2040 characteres:
1123 1995 1377 2038 ΑΛΕΧΙΩ
1406 1994 1656 2038 ΔΕΟΠΟΤ.
1702 1992 1770 2035 Ad

289 2052 505 2096 sinistrum
534 2053 619 2104 isti,
650 2053 856 2108 quantum
892 2053 1116 2096 coniectari
1155 2053 1291 2105 licuit,
1327 2055 1400 2093 Τω
1443 2052 1771 2093 ΚΟΜΝΗΝω.

288 2109 338 2152 In
370 2109 503 2153 altera
532 2110 572 2152 et
603 2123 784 2153 convexa
815 2110 933 2164 parte
963 2109 1153 2153 Christus
1193 2109 1336 2153 sedens
1368 2107 1625 2163 conspicitur
1676 2119 1770 2149 oum

289 2165 400 2208 hisce
443 2166 752 2210 characteribus
796 2166 824 2220 †
854 2168 1013 2210 KEPO
1044 2192 1097 2197 --
1127 2168 1228 2209 ΗΛ
1264 2179 1389 2221 supra
1433 2164 1589 2208 Christi
1633 2163 1772 2218 caput,

290 2231 348 2265 Ic.
378 2232 455 2265 HS.
518 2223 567 2265 In
599 2223 730 2267 altero
762 2236 932 2266 nummo
967 2223 1137 2267 Manuel
1169 2223 1416 2275 0010000113,
1446 2221 1584 2264 Alexii
1614 2233 1661 2263 ex
1685 2219 1772 2262 filio

290 2291 427 2333 nepOS,
472 2279 613 2322 eodem
659 2280 808 2323 habitu
850 2281 1200 2334 repraesentatur,
1245 2279 1361 2323 nullo
1405 2278 1488 2322 3110
1519 2277 1771 2327 discrimine,

291 2348 418 2389 quam
449 2336 559 2390 quod
591 2336 711 2389 Crux,
744 2350 850 2392 quae
879 2338 1004 2391 globo
1034 2337 1206 2389 insistit,
1237 2336 1386 2391 duplex
1416 2335 1491 2378 est.
1548 2333 1772 2377 Characte—

291 2404 354 2434 res
385 2392 456 2446 qui
486 2392 539 2435 ad
570 2392 730 2448 figurae
759 2394 947 2437 dextram
976 2394 1280 2446 describuntur,
1312 2392 1525 2448 perspicue
1546 2390 1773 2434 conficiunt

292 2448 392 2490 haec
424 2450 547 2492 verba
595 2452 900 2492 MANovHA
927 2452 1177 2495 ΔΕΟΠΟΤ.
1237 2450 1305 2496 Ad
1336 2449 1502 2492 laevum
1547 2460 1644 2491 vero
1695 2446 1774 2489 ΊὩ

294 2505 624 2549 ΠΟΡΦΥΡΟΓ.
654 2507 698 2549 id
728 2507 802 2558 est,
834 2507 897 2563 τῷ
927 2502 1341 2564 Πορφυρογεννήτῃ,
1373 2506 1435 2548 ita
1465 2505 1514 2547 ut
1541 2504 1649 2547 forte
1677 2503 1771 2546 Ma-

292 2561 388 2625 nuel
416 2574 460 2604 eo
491 2563 673 2616 epitheto
703 2564 747 2606 in
776 2564 947 2618 Imperii
977 2564 1233 2607 successione
1262 2562 1426 2606 Isaacio
1463 2561 1599 2612 fratri,
1631 2573 1773 2615 super-

291 2617 383 2659 st1t1
412 2618 510 2661 licet
540 2620 581 2661 et
610 2620 901 2675 primogenito,
939 2621 1028 2664 iure
1058 2620 1257 2675 praeferri
1298 2619 1488 2662 debuisse
1532 2616 1772 2667 ostenderit,

293 2686 387 2715 cum
413 2675 565 2717 caeteri
596 2676 764 2719 Ioannis
795 2678 978 2731 parentis
1008 2677 1098 2730 filii,
1130 2676 1337 2721 Manuelis
1377 2675 1529 2719 fratres
1563 2674 1773 2729 primoge-

295 2730 384 2782 niti,
415 2730 597 2784 Alexius,
629 2733 894 2776 Andronicus
928 2735 969 2776 et
1000 2734 1188 2777 Isaacius
1233 2734 1331 2777 ante
1377 2732 1570 2787 adeptam
1602 2744 1626 2774 a
1656 2730 1774 2784 patre

293 2787 608 2840 Imperatoriam
638 2789 891 2843 dignitatem
921 2791 964 2832 in
1008 2791 1143 2834 lucem
1178 2790 1281 2834 editi
1319 2789 1417 2842 sint,
1461 2788 1573 2832 solus
1603 2786 1774 2830 Manuel

293 2843 388 2899 post
417 2843 550 2887 Alexii
579 2845 647 2888 avi
678 2859 883 2889 excessum
915 2847 1032 2902 patre
1052 2847 1306 2902 Imperatore
1326 2847 1450 2890 natus
1470 2844 1617 2888 fuerit:
1649 2844 1774 2898 atque
