1768 3152
195 257 221 298 4
511 253 514 257 '
700 265 865 300 ANNAE
906 262 1174 299 COMNENAE

194 386 351 443 στῆσαι
375 380 455 442 τὴν
485 379 687 441 σφοδρὰν
716 384 802 425 τοῦ
832 383 968 424 κακοῦ
1006 381 1143 439 ῥύμην
1180 379 1439 437 βουληθείς,
1478 376 1588 432 τούς
1621 381 1700 438 τῆς

195 451 424 510 ἐκκλησίας
453 448 641 509 λογάδας
671 447 924 507 συναγαγών
944 446 1162 493 σύνοδον
1151 449 1258 505 περὶ
1278 465 1466 500 τουτους
1490 448 1699 505 γενέσθαι

194 524 317 582 κοινῇ
362 521 682 573 συνεσκέψατο.
757 520 830 563 καὶ
873 522 1019 577 παρῆν
1071 520 1307 576 τηνικαῦτα
1351 515 1469 561 α’παν
1511 514 1564 561 τὸ
1609 518 1699 560 τῶν

194 589 435 647 ἀρχιερέων
464 586 685 649 πλήρωμα
714 589 786 632 καὶ
817 583 951 640 αυτὸς
982 585 1005 631 ὁ
1040 584 1314 644 πατριάρχης
1343 582 1577 638 Νικόλαος.
1626 585 1699 628 καὶ

195 677 220 703 ο
254 660 415 712 Νεῖλος
446 676 510 712 εις
540 676 592 702 το
624 657 762 714 μέσον
791 655 904 713 μετὰ
932 659 1022 700 τῶν
1055 652 1304 737 Ἀρμενίων
1334 658 1504 712 ιστατο,
1535 655 1608 698 καὶ
1642 652 1733 698 τά5

154 725 356 772 Οτούτου
386 722 743 771 ανεκαλ-ίπτοντο
791 723 1000 783 δόγματα,
1050 726 1122 769 καὶ
1168 743 1218 778 ος
1248 726 1433 784 λαμπρᾷ
1469 726 1523 783 τῇ
1569 725 1699 783 φωνῇ

193 800 331 841 ταῦτα
363 795 565 841 ἐδίδασκε
593 796 667 839 καὶ
699 794 888 851 ἰσχυρῶς
915 789 1062 838 αὐτῶν
1092 791 1165 838 διὰ
1202 788 1426 838 πλειόνων
1456 787 1696 847 αντείχετο.

192 866 236 909 τί
261 863 313 910 τὸ
346 865 577 917 ἑντεῦθενς
605 862 630 925 ἡ
659 861 892 920 ob‘vodog,
882 864 953 906 ι’να
978 864 1159 907 πολλῶν
1179 858 1409 922 απαλλάξη
1444 858 1591 917 ψυχας
1621 864 1700 919 τῆς

192 934 525 994 διεφθαρμένης
557 929 696 977 αι’·τοῦ
741 934 931 991 διδαχῆς,
973 931 1139 991 αἰωνίῳ
1183 935 1344 976 τοῦτον
1384 931 1700 987 καθυπέβαλεν

192 1000 441 1060 άναθέματι
470 1003 542 1047 καὶ
572 1000 651 1060 τὴν
692 1002 796 1046 καθ’
844 999 1093 1046 ὑπόστασιν
1135 1000 1293 1045 ἕνωσιν
1337 998 1448 1044 κατὰ
1489 997 1568 1053 τὰς
1609 1002 1700 1044 τῶν
1717 1012 1760 1046 10

193 1069 328 1130 ἁγίων
372 1068 644 1128 παραδόσεις
687 1069 1016 1130 ἐμφανέστερον
1054 1065 1308 1128 memor-‚56
1376 1086 1490 1126 ιιετα
1534 1071 1698 1113 τοῦτον

194 1137 225 1220 ἢ1
251 1141 417 1185 μᾶλλον
446 1139 593 1185 εἰπεῖν
620 1138 699 1184 σῦν
731 1138 876 1198 τοίτω
906 1139 978 1183 καὶ
1001 1157 1024 1182 ο
1053 1138 1343 1196 Βλαχερνίτης
1378 1136 1697 1196 δεδηιιοσίευτο

194 1204 336 1267 οἷσεβῆ
367 1210 439 1253 καὶ
471 1209 641 1269 ἔκφυλα
668 1211 749 1267 τῆς
780 1182 1009 1266 ἐκκλησίας
1035 1210 1228 1267 φρονῶν,
1262 1224 1341 1251 καν
1362 1204 1604 1264 ιερωμένος
1632 1197 1695 1264 ἦν.

193 1274 566 1331 Ἐνθοισιασταῖς
593 1295 671 1335 γαρ
705 1275 919 1336 ομιλῄσας
950 1277 1022 1321 καὶ
1060 1279 1138 1335 τῆς
1171 1277 1348 1320 τούτων
1388 1272 1534 1334 λύμης
1561 1292 1697 1331 μετα-

193 1344 312 1402 σχών
342 1345 538 1399 πολλούς
566 1364 615 1391 τε
647 1347 879 1402 ἐξαπατῶν
909 1346 980 1389 καὶ
1010 1343 1202 1403 μεγάλας
1232 1348 1322 1389 τῶν
1352 1345 1397 1389 ἐν
1426 1347 1480 1405 τῇ
1509 1345 1696 1402 μεγαλο-
1717 1357 1767 1390 15

149 1413 325 1460 Βπόλει
357 1414 511 1469 ζοὶκίας
555 1413 821 1472 ὑπορύττων
863 1415 935 1459 καὶ
982 1412 1262 1471 παραδιδοῦς
1293 1411 1347 1458 τὰ
1381 1416 1459 1473 τῆς
1493 1413 1701 1469 ἀσεβείας

194 1482 405 1543 δόγματα,
438 1484 536 1529 ἐπεὶ
575 1482 722 1528 πολλὰ
765 1482 981 1537 πολλάκις
1008 1480 1417 1540 μεταπεμπόμενος
1446 1483 1520 1526 καὶ
1552 1483 1700 1527 διδασ-

193 1550 382 1610 κόμενος
421 1551 544 1610 παρὰ
592 1556 671 1597 τοῦ
717 1548 1050 1610 αὐτοκράτορος
1101 1547 1192 1597 οὐδ’
1237 1550 1356 1604 ὅλως
1407 1554 1489 1610 τῆς
1535 1549 1701 1603 οἰκείας

193 1622 455 1677 κακοδοξίας
484 1618 717 1681 ἀφίστατο,
749 1624 802 1682 τῇ
834 1621 1040 1680 ἐκκλησίᾳ
1071 1622 1143 1664 καὶ
1173 1623 1333 1665 τοῦτον
1364 1618 1389 1665 ὁ
1410 1614 1699 1676 αὐτοκράτωρ

195 1690 510 1747 παρέπεμψεν.
588 1686 630 1733 οἳ
672 1689 720 1733 δὲ
765 1689 842 1734 ἐπὶ
886 1690 1024 1749 πλέον
1070 1692 1230 1733 τοῦτον
1289 1685 1582 1744 ἐξετάσαντες,
1638 1684 1702 1740 ὦς
1715 1699 1762 1732 20

42 1770 82 1806 P.
111 1753 475 1815 271ἆμετάθετον
505 1759 578 1802 καὶ
598 1753 726 1802 αὐτοὶ
748 1757 1006 1815 ἐγνώκεσαν,
1025 1754 1159 1802 αὐτόν
1182 1775 1229 1801 τε·
1257 1755 1423 1814 αἰωνίῳ
1447 1751 1695 1812 άναθέματι

194 1827 267 1870 καὶ
296 1825 351 1870 τά
375 1823 542 1871 τούτου
574 1823 770 1884 δόγματα
799 1826 1131 1882 καθυπέβαλον.

332 1925 363 1960 l.
393 1923 569 1973 σφοδρὰν
586 1925 629 1968 F,
650 1922 802 1974 σφόδρα
821 1925 862 1961 Ρ.
976 1928 1010 1962 2.
1036 1921 1165 1960 τούτου
1189 1925 1265 1960 AV.
1379 1925 1412 1959 3.
1441 1925 1702 1968 συνεσκέψατο

331 1973 437 2017 CGV,
458 1975 777 2020 συνεσκέψατοΡ.
964 1977 997 2010 5.
1027 1977 1078 2013 εἰς
1102 1973 1143 2010 τὸ
1171 1986 1242 2010 om.
1273 1973 1350 2008 GV.
1544 1973 1598 2008 10.
1628 1973 1703 2007 τῶν

330 2034 391 2058 om
412 2001 457 2059 G.
640 2026 693 2059 12.
735 2022 755 2058 ὁ
786 2022 932 2063 FGVA‚
959 2035 1031 2059 om.
1059 2023 1101 2059 P.
1286 2023 1341 2057 15.
1383 2033 1420 2056 τε
1447 2020 1557 2064 FGV,
1589 2021 1631 2055 δὲ
1660 2020 1701 2056 Ρ,

329 2071 418 2118 τῶν]
445 2069 509 2111 τὰς
544 2071 651 2107 CGV.
795 2073 854 2107 22.
882 2074 1150 2117 καθυπέβαλον
1175 2070 1252 2116 FV,
1279 2072 1568 2116 καθυπέβαλλον
1587 2069 1627 2105 Ρ.

193 2150 270 2184 tica
296 2150 386 2184 unio
410 2149 488 2184 fere
514 2149 767 2196 ignoraretur,
800 2150 957 2186 nimiam
986 2149 1244 2196 improbitatis
1282 2149 1358 2185 vim
1397 2147 1602 2194 profligare
1640 2159 1702 2183 eu-

194 2198 301 2243 piens
329 2198 505 2234 ecclesiae
544 2210 718 2244 proceres
745 2199 965 2235 convocavit
1000 2199 1258 2245 synodumque
1286 2197 1334 2233 de
1371 2197 1430 2232 his
1454 2196 1539 2232 fieri
1564 2196 1702 2232 consti-

193 2247 281 2282 tuit.
332 2248 509 2283 convenit
548 2248 744 2283 universus
782 2248 1044 2294 episcoporum
1085 2251 1215 2284 coetus
1248 2258 1334 2283 eum
1375 2246 1458 2292 ipso
1484 2245 1702 2291 patriarcha

193 2295 360 2331 Nicolao.
410 2295 516 2331 Nilus
548 2296 588 2331 in
615 2296 739 2332 medio
780 2309 865 2332 cum
893 2297 1085 2332 Armeniis
1111 2296 1340 2332 constitut-us
1369 2297 1425 2330 est
1451 2297 1565 2340 atque
1600 2293 1703 2329 edita

193 2344 373 2391 dogmata
398 2344 489 2380 eius.
541 2347 622 2380 tum
651 2345 713 2380 ille
752 2345 854 2381 clara
891 2357 981 2382 voce
1018 2357 1060 2381 ea
1101 2345 1232 2381 docuit
1267 2347 1306 2380 et
1338 2346 1490 2379 strenue
1529 2342 1702 2389 pluribus

192 2392 344 2428 firmare
370 2397 526 2429 conatus
553 2399 619 2429 est.
671 2406 786 2440 quare
814 2394 988 2441 synodus,
1017 2398 1058 2429 ut
1083 2394 1290 2430 multorum
1321 2393 1464 2428 animas
1482 2404 1503 2428 a
1520 2395 1702 2438 corrupta

193 2442 272 2478 eius
298 2441 473 2478 doctrina
496 2445 680 2486 tueretur,
707 2446 892 2489 perpetuo
917 2455 1002 2479 eum
1029 2443 1269 2478 anathemate
1299 2441 1505 2483 damnavit,
1530 2440 1701 2487 hyposti-

194 2502 275 2526 eam
300 2491 476 2527 unionem
504 2491 708 2527 seeundum
732 2498 948 2528 sanctorum
974 2492 1200 2528 traditiones
1214 2490 1449 2527 manifestius
1467 2490 1699 2536 praedicans.

195 2542 281 2585 post
306 2539 406 2576 hunc
429 2540 488 2576 vel
514 2541 641 2586 potius
667 2553 742 2576 una
767 2553 851 2577 cum
878 2541 950 2577 hoe
985 2541 1100 2576 etiam
1127 2540 1366 2577 Blachernita
1398 2539 1599 2575 damnatus
1633 2542 1699 2583 est,

195 2588 272 2634 qui,
310 2588 400 2624 lieet
440 2589 611 2625 sacerdos
650 2592 756 2635 esset,
795 2591 912 2635 impia
947 2593 985 2625 et
1011 2590 1058 2625 ab
1086 2589 1240 2626 eeclesia
1266 2589 1389 2625 aliena
1413 2588 1612 2624 sentiebat.
1668 2587 1700 2622 is

195 2637 294 2672 enim
334 2637 664 2673 Enthusiastarum
711 2639 982 2675 consuetudine
1022 2651 1110 2674 usus
1154 2642 1192 2674 et
1237 2639 1298 2674 lue
1338 2649 1467 2673 eorum
1503 2638 1700 2673 contaetus

195 2686 334 2721 multos
359 2686 514 2722 fallebat
559 2699 787 2734 magnasque
817 2687 1163 2734 Constantinopolis
1197 2687 1327 2723 domos
1368 2686 1554 2722 subruens
1579 2685 1699 2730 impia

194 2734 373 2781 dogmata
414 2736 705 2782 promulgabat3
757 2748 919 2783 cumque
961 2748 1071 2783 saepe
1127 2737 1174 2772 ab
1227 2737 1457 2782 imperatore
1501 2734 1700 2770 arcessitus

194 2782 422 2830 edoctusque
460 2785 614 2819 minime
636 2788 762 2820 tamen
797 2786 844 2820 ab
872 2786 1066 2821 erroribus
1099 2786 1174 2820 suis
1199 2785 1408 2829 desisteret,
1446 2783 1528 2829 ipse
1552 2793 1700 2829 quoque

195 2832 244 2868 ad
267 2832 461 2868 eeclesiam
487 2833 632 2869 delatus
659 2837 725 2869 est.
783 2834 883 2870 hune
920 2838 1046 2880 patres
1082 2834 1286 2880 diligenter
1327 2811 1593 2873 exaininatum,
1634 2831 1699 2867 ubi

195 2893 270 2917 non
297 2893 405 2927 posse
429 2893 514 2916 eum
539 2883 680 2918 mutari
703 2882 982 2928 intellexerunt,
1007 2886 1045 2919 et
1062 2884 1186 2929 ipsum
1214 2886 1251 2919 et
1276 2883 1457 2928 dogmata
1475 2881 1554 2916 eius
1569 2891 1700 2926 perpe-

195 2933 261 2966 tuo
293 2929 525 2966 anathemati
552 2931 808 2968 subiecerunt.
