<?xml version="1.0" encoding="UTF-8"?>
<!DOCTYPE html PUBLIC "-//W3C//DTD XHTML 1.0 Transitional//EN"
    "http://www.w3.org/TR/xhtml1/DTD/xhtml1-transitional.dtd">
<html xmlns="http://www.w3.org/1999/xhtml" xml:lang="en" lang="en">
 <head>
  <title>
</title>
<meta http-equiv="Content-Type" content="text/html;charset=utf-8" />
  <meta name='ocr-system' content='tesseract 3.04.00' />
  <meta name='ocr-capabilities' content='ocr_page ocr_carea ocr_par ocr_line ocrx_word'/>
</head>
<body>
  <div class='ocr_page' id='page_1' title='image "./corpusscriptorum03niebuoft/corpusscriptorum03niebuoft_0157.png"; bbox 0 0 1780 3138; ppageno 0'>
   <div class='ocr_carea' id='block_1_1' title="bbox 502 229 1541 271">
    <p class='ocr_par' dir='ltr' id='par_1_1' title="bbox 502 229 1541 271">
     <span class='ocr_line' id='line_1_1' title="bbox 502 229 1541 271; baseline 0.001 -2"><span class='ocrx_word' id='word_1_1' title='bbox 502 235 770 271; x_wconf 81' lang='lat' dir='ltr'>ALEXIADIS</span> <span class='ocrx_word' id='word_1_2' title='bbox 799 235 895 269; x_wconf 83' lang='lat' dir='ltr'>LIB.</span> <span class='ocrx_word' id='word_1_3' title='bbox 925 235 1012 270; x_wconf 84' lang='lat' dir='ltr'>XII.</span> <span class='ocrx_word' id='word_1_4' title='bbox 1043 229 1081 268; x_wconf 83' lang='grc'><strong><em>2.</em></strong></span> <span class='ocrx_word' id='word_1_5' title='bbox 1461 230 1541 270; x_wconf 84' lang='grc'><strong><em>139</em></strong></span> 
     </span>
    </p>
   </div>
   <div class='ocr_carea' id='block_1_2' title="bbox 0 344 1697 1861">
    <p class='ocr_par' dir='ltr' id='par_1_2' title="bbox 0 344 1697 1861">
     <span class='ocr_line' id='line_1_2' title="bbox 48 344 1544 413; baseline 0 -15"><span class='ocrx_word' id='word_1_6' title='bbox 48 354 283 412; x_wconf 81' lang='grc' dir='ltr'><strong><em>πεποίηκε.</em></strong></span> <span class='ocrx_word' id='word_1_7' title='bbox 335 353 383 398; x_wconf 87' lang='grc' dir='ltr'><em>τί</em></span> <span class='ocrx_word' id='word_1_8' title='bbox 409 344 487 397; x_wconf 72' lang='grc' dir='ltr'><strong><em>οὖν</em></strong></span> <span class='ocrx_word' id='word_1_9' title='bbox 518 351 610 398; x_wconf 78' lang='grc' dir='ltr'><strong><em>ἔδει</em></strong></span> <span class='ocrx_word' id='word_1_10' title='bbox 640 357 812 397; x_wconf 74' lang='grc' dir='ltr'><strong><em>παθεῖν</em></strong></span> <span class='ocrx_word' id='word_1_11' title='bbox 841 350 920 406; x_wconf 81' lang='grc' dir='ltr'><strong><em>τὰς</em></strong></span> <span class='ocrx_word' id='word_1_12' title='bbox 945 353 1127 406; x_wconf 87' lang='grc' dir='ltr'><strong><em>Κίλικας</em></strong></span> <span class='ocrx_word' id='word_1_13' title='bbox 1158 352 1314 408; x_wconf 82' lang='grc' dir='ltr'><strong><em>πόλεις</em></strong></span> <span class='ocrx_word' id='word_1_14' title='bbox 1344 354 1435 399; x_wconf 70' lang='grc' dir='ltr'><strong><em>ὑπὸ</em></strong></span> <span class='ocrx_word' id='word_1_15' title='bbox 1465 373 1544 413; x_wconf 88' lang='grc' dir='ltr'><strong><em>τη-</em></strong></span> 
     </span>
     <span class='ocr_line' id='line_1_3' title="bbox 46 417 1542 480; baseline 0.001 -13"><span class='ocrx_word' id='word_1_16' title='bbox 46 419 251 467; x_wconf 81' lang='grc' dir='ltr'><strong><em>λικούτου</em></strong></span> <span class='ocrx_word' id='word_1_17' title='bbox 292 422 783 480; x_wconf 77' lang='grc' dir='ltr'><strong><em>καταστρατηγουμένας</em></strong></span> <span class='ocrx_word' id='word_1_18' title='bbox 825 417 1009 478; x_wconf 73' lang='grc' dir='ltr'><strong><em>α’νδρόςς</em></strong></span> <span class='ocrx_word' id='word_1_19' title='bbox 1048 420 1104 466; x_wconf 83' lang='grc' dir='ltr'><strong><em>τά</em></strong></span> <span class='ocrx_word' id='word_1_20' title='bbox 1148 440 1197 468; x_wconf 84' lang='grc' dir='ltr'><strong><em>τε</em></strong></span> <span class='ocrx_word' id='word_1_21' title='bbox 1243 422 1323 480; x_wconf 82' lang='grc' dir='ltr'><strong><em>γὰρ</em></strong></span> <span class='ocrx_word' id='word_1_22' title='bbox 1366 418 1476 468; x_wconf 65' lang='grc' dir='ltr'><strong><em>ἄλλα</em></strong></span> <span class='ocrx_word' id='word_1_23' title='bbox 1516 423 1542 468; x_wconf 74' lang='grc' dir='ltr'><strong><em>ό</em></strong></span> 
     </span>
     <span class='ocr_line' id='line_1_4' title="bbox 52 487 1543 550; baseline 0.001 -14"><span class='ocrx_word' id='word_1_24' title='bbox 52 492 217 549; x_wconf 83' lang='grc' dir='ltr'><strong><em>Ταγγρὲ</em></strong></span> <span class='ocrx_word' id='word_1_25' title='bbox 245 488 598 550; x_wconf 78' lang='grc' dir='ltr'><strong><em>ῥωμαλεώτατος</em></strong></span> <span class='ocrx_word' id='word_1_26' title='bbox 625 494 716 536; x_wconf 84' lang='grc' dir='ltr'><strong><em>τῶν</em></strong></span> <span class='ocrx_word' id='word_1_27' title='bbox 734 492 827 536; x_wconf 82' lang='grc' dir='ltr'><strong><em>κατ’</em></strong></span> <span class='ocrx_word' id='word_1_28' title='bbox 846 487 983 537; x_wconf 73' lang='grc' dir='ltr'><strong><em>αὖτὸν</em></strong></span> <span class='ocrx_word' id='word_1_29' title='bbox 1014 492 1203 550; x_wconf 78' lang='grc' dir='ltr'><strong><em>ἐγεγόνει</em></strong></span> <span class='ocrx_word' id='word_1_30' title='bbox 1234 494 1306 538; x_wconf 85' lang='grc' dir='ltr'><strong><em>καὶ</em></strong></span> <span class='ocrx_word' id='word_1_31' title='bbox 1326 493 1391 547; x_wconf 84' lang='grc' dir='ltr'><strong><em>εἷς</em></strong></span> <span class='ocrx_word' id='word_1_32' title='bbox 1410 511 1543 550; x_wconf 86' lang='grc' dir='ltr'><strong><em>στρα-</em></strong></span> 
     </span>
     <span class='ocr_line' id='line_1_5' title="bbox 45 558 1540 621; baseline 0.002 -17"><span class='ocrx_word' id='word_1_33' title='bbox 45 558 223 620; x_wconf 72' lang='grc' dir='ltr'><strong><em>τηγικὴν</em></strong></span> <span class='ocrx_word' id='word_1_34' title='bbox 250 559 486 618; x_wconf 79' lang='grc' dir='ltr'><strong><em>ἐμπειρίαν</em></strong></span> <span class='ocrx_word' id='word_1_35' title='bbox 516 563 609 605; x_wconf 78' lang='grc' dir='ltr'><strong><em>τῶν</em></strong></span> <span class='ocrx_word' id='word_1_36' title='bbox 640 558 819 620; x_wconf 84' lang='grc' dir='ltr'><strong><em>σφόδρα</em></strong></span> <span class='ocrx_word' id='word_1_37' title='bbox 847 562 1213 618; x_wconf 76' lang='grc' dir='ltr'><strong><em>θαυμαζομένων,</em></strong></span> <span class='ocrx_word' id='word_1_38' title='bbox 1247 564 1540 621; x_wconf 77' lang='grc' dir='ltr'><strong><em>πολιορκῆσαι</em></strong></span> 
     </span>
     <span class='ocr_line' id='line_1_6' title="bbox 10 625 1544 711; baseline 0.001 -37"><span class='ocrx_word' id='word_1_39' title='bbox 10 629 94 674; x_wconf 81' lang='grc' dir='ltr'><strong><em>5δὲ</em></strong></span> <span class='ocrx_word' id='word_1_40' title='bbox 123 625 281 682; x_wconf 84' lang='grc' dir='ltr'><strong><em>πόλεις</em></strong></span> <span class='ocrx_word' id='word_1_41' title='bbox 298 626 610 689; x_wconf 85' lang='grc' dir='ltr'><strong><em>α’φυκτότατος</em></strong></span> <span class='ocrx_word' id='word_1_42' title='bbox 629 627 884 711; x_wconf 74' lang='grc' dir='ltr'><strong><em>στρατηγός.</em></strong></span> <span class='ocrx_word' id='word_1_43' title='bbox 929 630 1002 674; x_wconf 84' lang='grc' dir='ltr'><strong><em>καὶ</em></strong></span> <span class='ocrx_word' id='word_1_44' title='bbox 1024 629 1274 687; x_wconf 68' lang='grc' dir='ltr'><strong><em>θαυμάσειε</em></strong></span> <span class='ocrx_word' id='word_1_45' title='bbox 1302 648 1370 684; x_wconf 86' lang='grc' dir='ltr'><strong><em>τις</em></strong></span> <span class='ocrx_word' id='word_1_46' title='bbox 1394 632 1544 676; x_wconf 77' lang='grc' dir='ltr'><strong><em>ἐνταυ-</em></strong></span> 
     </span>
     <span class='ocr_line' id='line_1_7' title="bbox 46 694 1543 757; baseline 0.001 -15"><span class='ocrx_word' id='word_1_47' title='bbox 46 702 132 744; x_wconf 73' lang='grc' dir='ltr'><strong><em>θοῖ</em></strong></span> <span class='ocrx_word' id='word_1_48' title='bbox 152 695 354 757; x_wconf 84' lang='grc' dir='ltr'><strong><em>γεγονώς,</em></strong></span> <span class='ocrx_word' id='word_1_49' title='bbox 379 701 481 752; x_wconf 83' lang='grc' dir='ltr'><strong><em>πῶς</em></strong></span> <span class='ocrx_word' id='word_1_50' title='bbox 494 716 574 742; x_wconf 90' lang='grc' dir='ltr'><strong><em>τον</em></strong></span> <span class='ocrx_word' id='word_1_51' title='bbox 591 694 898 756; x_wconf 76' lang='grc' dir='ltr'><strong><em>αὐτοκράτορα</em></strong></span> <span class='ocrx_word' id='word_1_52' title='bbox 918 699 1101 744; x_wconf 70' lang='grc' dir='ltr'><strong><em>διέλαθε</em></strong></span> <span class='ocrx_word' id='word_1_53' title='bbox 1125 717 1177 743; x_wconf 91' lang='grc' dir='ltr'><strong><em>το</em></strong></span> <span class='ocrx_word' id='word_1_54' title='bbox 1198 703 1278 744; x_wconf 76' lang='grc' dir='ltr'><strong><em>τοῦ</em></strong></span> <span class='ocrx_word' id='word_1_55' title='bbox 1297 696 1543 745; x_wconf 78' lang='grc' dir='ltr'><strong><em>’Λσπιέτου</em></strong></span> 
     </span>
     <span class='ocr_line' id='line_1_8' title="bbox 44 765 1542 852; baseline 0.001 -41"><span class='ocrx_word' id='word_1_56' title='bbox 44 765 422 824; x_wconf 84' lang='grc' dir='ltr'><strong><em>απειροπόλεμον.</em></strong></span> <span class='ocrx_word' id='word_1_57' title='bbox 438 767 523 825; x_wconf 80' lang='grc' dir='ltr'><strong><em>ἐγω</em></strong></span> <span class='ocrx_word' id='word_1_58' title='bbox 538 765 614 813; x_wconf 75' lang='grc' dir='ltr'><strong><em>δ”</em></strong></span> <span class='ocrx_word' id='word_1_59' title='bbox 592 785 650 812; x_wconf 91' lang='grc' dir='ltr'><strong><em>αν</em></strong></span> <span class='ocrx_word' id='word_1_60' title='bbox 666 765 902 825; x_wconf 84' lang='grc' dir='ltr'><strong><em>υπεραπολ</em></strong></span> <span class='ocrx_word' id='word_1_61' title='bbox 905 770 1147 827; x_wconf 86' lang='grc' dir='ltr'><strong><em>ογησαίμην</em></strong></span> <span class='ocrx_word' id='word_1_62' title='bbox 1166 765 1339 826; x_wconf 84' lang='grc' dir='ltr'><strong><em>τουμοῦ</em></strong></span> <span class='ocrx_word' id='word_1_63' title='bbox 1357 766 1542 852; x_wconf 73' lang='grc' dir='ltr'><strong><em>πατρός,</em></strong></span> 
     </span>
     <span class='ocr_line' id='line_1_9' title="bbox 47 832 1697 898; baseline 0.001 -18"><span class='ocrx_word' id='word_1_64' title='bbox 47 834 116 881; x_wconf 83' lang='grc' dir='ltr'><strong><em>ότι</em></strong></span> <span class='ocrx_word' id='word_1_65' title='bbox 131 853 184 880; x_wconf 89' lang='grc' dir='ltr'><strong><em>το</em></strong></span> <span class='ocrx_word' id='word_1_66' title='bbox 199 839 280 881; x_wconf 88' lang='grc' dir='ltr'><strong><em>τοῦ</em></strong></span> <span class='ocrx_word' id='word_1_67' title='bbox 298 837 451 895; x_wconf 85' lang='grc' dir='ltr'><strong><em>γένους</em></strong></span> <span class='ocrx_word' id='word_1_68' title='bbox 466 836 687 895; x_wconf 77' lang='grc' dir='ltr'><strong><em>ἐπίσημον</em></strong></span> <span class='ocrx_word' id='word_1_69' title='bbox 705 854 785 881; x_wconf 90' lang='grc' dir='ltr'><strong><em>τον</em></strong></span> <span class='ocrx_word' id='word_1_70' title='bbox 804 832 1110 894; x_wconf 73' lang='grc' dir='ltr'><strong><em>αἰτοκράτορα</em></strong></span> <span class='ocrx_word' id='word_1_71' title='bbox 1125 838 1351 892; x_wconf 79' lang='grc' dir='ltr'><strong><em>πέπεικεν,</em></strong></span> <span class='ocrx_word' id='word_1_72' title='bbox 1372 835 1435 891; x_wconf 73' lang='grc' dir='ltr'><strong><em>(ὃς</em></strong></span> <span class='ocrx_word' id='word_1_73' title='bbox 1455 835 1481 898; x_wconf 77' lang='grc' dir='ltr'><em>ἦ</em></span> <span class='ocrx_word' id='word_1_74' title='bbox 1495 855 1544 882; x_wconf 89' lang='grc' dir='ltr'><strong><em>τε</em></strong></span> <span class='ocrx_word' id='word_1_75' title='bbox 1556 843 1596 878; x_wconf 89' lang='lat' dir='ltr'><strong><em>P.</em></strong></span> <span class='ocrx_word' id='word_1_76' title='bbox 1623 843 1697 878; x_wconf 80' lang='lat'><strong><em>35⁰</em></strong></span> 
     </span>
     <span class='ocr_line' id='line_1_10' title="bbox 47 900 1547 965; baseline 0.002 -17"><span class='ocrx_word' id='word_1_77' title='bbox 47 908 132 950; x_wconf 89' lang='grc' dir='ltr'><strong><em>τοῦ</em></strong></span> <span class='ocrx_word' id='word_1_78' title='bbox 146 905 299 962; x_wconf 83' lang='grc' dir='ltr'><strong><em>γένους</em></strong></span> <span class='ocrx_word' id='word_1_79' title='bbox 317 902 580 964; x_wconf 76' lang='grc' dir='ltr'><strong><em>λαμπρότης</em></strong></span> <span class='ocrx_word' id='word_1_80' title='bbox 597 906 669 949; x_wconf 85' lang='grc' dir='ltr'><strong><em>καὶ</em></strong></span> <span class='ocrx_word' id='word_1_81' title='bbox 692 904 745 949; x_wconf 79' lang='grc' dir='ltr'><strong><em>τό</em></strong></span> <span class='ocrx_word' id='word_1_82' title='bbox 766 909 846 950; x_wconf 82' lang='grc' dir='ltr'><strong><em>τοῦ</em></strong></span> <span class='ocrx_word' id='word_1_83' title='bbox 862 900 1083 962; x_wconf 73' lang='grc' dir='ltr'><strong><em>ὀνόματος</em></strong></span> <span class='ocrx_word' id='word_1_84' title='bbox 1106 904 1377 965; x_wconf 74' lang='grc' dir='ltr'><strong><em>περιβόητον</em></strong></span> <span class='ocrx_word' id='word_1_85' title='bbox 1399 904 1547 951; x_wconf 82' lang='grc' dir='ltr'><strong><em>πολλὰ</em></strong></span> 
     </span>
     <span class='ocr_line' id='line_1_11' title="bbox 0 967 1546 1036; baseline 0.001 -17"><span class='ocrx_word' id='word_1_86' title='bbox 0 982 38 1019; x_wconf 79' lang='grc'><strong><em>[0</em></strong></span> <span class='ocrx_word' id='word_1_87' title='bbox 48 978 392 1031; x_wconf 83' lang='grc' dir='ltr'><strong><em>συνεισενεγκεῖν</em></strong></span> <span class='ocrx_word' id='word_1_88' title='bbox 418 972 513 1029; x_wconf 78' lang='grc' dir='ltr'><strong><em>ἔχοι</em></strong></span> <span class='ocrx_word' id='word_1_89' title='bbox 533 977 587 1034; x_wconf 84' lang='grc' dir='ltr'><strong><em>τῇ</em></strong></span> <span class='ocrx_word' id='word_1_90' title='bbox 602 977 682 1018; x_wconf 80' lang='grc' dir='ltr'><strong><em>τοῦ</em></strong></span> <span class='ocrx_word' id='word_1_91' title='bbox 702 969 947 1020; x_wconf 76' lang='grc' dir='ltr'><strong><em>’Λσπιέτου</em></strong></span> <span class='ocrx_word' id='word_1_92' title='bbox 963 971 1087 1036; x_wconf 73' lang='grc' dir='ltr'><strong><em>ἀρχῇ.</em></strong></span> <span class='ocrx_word' id='word_1_93' title='bbox 1119 967 1168 1035; x_wconf 70' lang='grc' dir='ltr'><strong><em>ἦν</em></strong></span> <span class='ocrx_word' id='word_1_94' title='bbox 1183 974 1263 1032; x_wconf 78' lang='grc' dir='ltr'><strong><em>γὰρ</em></strong></span> <span class='ocrx_word' id='word_1_95' title='bbox 1280 979 1369 1019; x_wconf 82' lang='grc' dir='ltr'><strong><em>τῶν</em></strong></span> <span class='ocrx_word' id='word_1_96' title='bbox 1382 971 1546 1032; x_wconf 79' lang='grc' dir='ltr'><strong><em>Ἀρσα-</em></strong></span> 
     </span>
     <span class='ocr_line' id='line_1_12' title="bbox 47 1038 1548 1102; baseline 0.002 -16"><span class='ocrx_word' id='word_1_97' title='bbox 47 1044 184 1087; x_wconf 87' lang='grc' dir='ltr'><strong><em>κιδῶν</em></strong></span> <span class='ocrx_word' id='word_1_98' title='bbox 207 1040 264 1086; x_wconf 81' lang='grc' dir='ltr'><strong><em>τὰ</em></strong></span> <span class='ocrx_word' id='word_1_99' title='bbox 286 1045 446 1099; x_wconf 83' lang='grc' dir='ltr'><strong><em>πρῶτα</em></strong></span> <span class='ocrx_word' id='word_1_100' title='bbox 467 1043 619 1102; x_wconf 80' lang='grc' dir='ltr'><strong><em>φέρων</em></strong></span> <span class='ocrx_word' id='word_1_101' title='bbox 640 1043 809 1097; x_wconf 78' lang='grc' dir='ltr'><strong><em>ἐκεῖνος</em></strong></span> <span class='ocrx_word' id='word_1_102' title='bbox 827 1046 899 1088; x_wconf 83' lang='grc' dir='ltr'><strong><em>καὶ</em></strong></span> <span class='ocrx_word' id='word_1_103' title='bbox 921 1044 968 1088; x_wconf 78' lang='grc' dir='ltr'><strong><em>ἐκ</em></strong></span> <span class='ocrx_word' id='word_1_104' title='bbox 993 1038 1225 1100; x_wconf 74' lang='grc' dir='ltr'><strong><em>βασιλικοῦ</em></strong></span> <span class='ocrx_word' id='word_1_105' title='bbox 1250 1042 1548 1102; x_wconf 78' lang='grc' dir='ltr'><strong><em>καταγόμενος</em></strong></span> 
     </span>
     <span class='ocr_line' id='line_1_13' title="bbox 46 1108 1547 1171; baseline 0.002 -16"><span class='ocrx_word' id='word_1_106' title='bbox 46 1112 247 1167; x_wconf 77' lang='grc' dir='ltr'><strong><em>αἵματος.</em></strong></span> <span class='ocrx_word' id='word_1_107' title='bbox 279 1109 415 1156; x_wconf 73' lang='grc' dir='ltr'><strong><em>ἔνθεν</em></strong></span> <span class='ocrx_word' id='word_1_108' title='bbox 433 1129 502 1157; x_wconf 92' lang='grc' dir='ltr'><strong><em>τοι</em></strong></span> <span class='ocrx_word' id='word_1_109' title='bbox 522 1113 595 1156; x_wconf 84' lang='grc' dir='ltr'><strong><em>καὶ</em></strong></span> <span class='ocrx_word' id='word_1_110' title='bbox 614 1110 1007 1170; x_wconf 71' lang='grc' dir='ltr'><strong><em>στρατοπεδάρχην</em></strong></span> <span class='ocrx_word' id='word_1_111' title='bbox 1026 1108 1163 1158; x_wconf 76' lang='grc' dir='ltr'><strong><em>αι’·τὸν</em></strong></span> <span class='ocrx_word' id='word_1_112' title='bbox 1190 1108 1370 1171; x_wconf 77' lang='grc' dir='ltr'><strong><em>η’ξιώκει</em></strong></span> <span class='ocrx_word' id='word_1_113' title='bbox 1396 1111 1547 1171; x_wconf 80' lang='grc' dir='ltr'><strong><em>πάσης</em></strong></span> 
     </span>
     <span class='ocr_line' id='line_1_14' title="bbox 47 1176 1548 1241; baseline 0.001 -18"><span class='ocrx_word' id='word_1_114' title='bbox 47 1176 264 1240; x_wconf 72' lang='grc' dir='ltr'><strong><em>ἀνατολῆς</em></strong></span> <span class='ocrx_word' id='word_1_115' title='bbox 291 1181 366 1225; x_wconf 83' lang='grc' dir='ltr'><strong><em>καὶ</em></strong></span> <span class='ocrx_word' id='word_1_116' title='bbox 409 1179 476 1234; x_wconf 82' lang='grc' dir='ltr'><strong><em>εἷς</em></strong></span> <span class='ocrx_word' id='word_1_117' title='bbox 507 1178 824 1241; x_wconf 71' lang='grc' dir='ltr'><strong><em>ὑπερηφάνους</em></strong></span> <span class='ocrx_word' id='word_1_118' title='bbox 860 1182 1090 1237; x_wconf 68' lang='grc' dir='ltr'><strong><em>βαθμίδας</em></strong></span> <span class='ocrx_word' id='word_1_119' title='bbox 1128 1177 1363 1240; x_wconf 68' lang='grc' dir='ltr'><strong><em>α’νὴνεγκεν</em></strong></span> <span class='ocrx_word' id='word_1_120' title='bbox 1401 1176 1548 1235; x_wconf 70' lang='grc' dir='ltr'><strong><em>ἄλλως</em></strong></span> 
     </span>
     <span class='ocr_line' id='line_1_15' title="bbox 47 1246 1547 1309; baseline 0.001 -16"><span class='ocrx_word' id='word_1_121' title='bbox 47 1266 95 1293; x_wconf 88' lang='grc' dir='ltr'><strong><em>τε</em></strong></span> <span class='ocrx_word' id='word_1_122' title='bbox 126 1250 199 1293; x_wconf 82' lang='grc' dir='ltr'><strong><em>καὶ</em></strong></span> <span class='ocrx_word' id='word_1_123' title='bbox 228 1253 391 1307; x_wconf 79' lang='grc' dir='ltr'><strong><em>πεῖραν</em></strong></span> <span class='ocrx_word' id='word_1_124' title='bbox 416 1252 499 1303; x_wconf 84' lang='grc' dir='ltr'><strong><em>τῆς</em></strong></span> <span class='ocrx_word' id='word_1_125' title='bbox 525 1246 729 1307; x_wconf 71' lang='grc' dir='ltr'><strong><em>ἀνδρείας</em></strong></span> <span class='ocrx_word' id='word_1_126' title='bbox 761 1251 930 1295; x_wconf 75' lang='grc' dir='ltr'><strong><em>ἐκείνου</em></strong></span> <span class='ocrx_word' id='word_1_127' title='bbox 959 1248 1123 1307; x_wconf 83' lang='grc' dir='ltr'><strong><em>λαβών.</em></strong></span> <span class='ocrx_word' id='word_1_128' title='bbox 1179 1250 1352 1309; x_wconf 80' lang='grc' dir='ltr'><strong><em>καὶγὰρ</em></strong></span> <span class='ocrx_word' id='word_1_129' title='bbox 1374 1249 1547 1297; x_wconf 76' lang='grc' dir='ltr'><strong><em>ὁπόταν</em></strong></span> 
     </span>
     <span class='ocr_line' id='line_1_16' title="bbox 0 1315 1547 1378; baseline 0.003 -17"><span class='ocrx_word' id='word_1_130' title='bbox 0 1321 35 1362; x_wconf 70' lang='lat'><strong><em>15</em></strong></span> <span class='ocrx_word' id='word_1_131' title='bbox 46 1321 111 1376; x_wconf 81' lang='grc' dir='ltr'><strong><em>τῷ</em></strong></span> <span class='ocrx_word' id='word_1_132' title='bbox 136 1315 396 1377; x_wconf 80' lang='grc' dir='ltr'><strong><em>Ῥομπέρτῳ</em></strong></span> <span class='ocrx_word' id='word_1_133' title='bbox 424 1317 718 1378; x_wconf 77' lang='grc' dir='ltr'><strong><em>συνεκρότησε</em></strong></span> <span class='ocrx_word' id='word_1_134' title='bbox 747 1317 950 1376; x_wconf 84' lang='grc' dir='ltr'><strong><em>πόλεμον</em></strong></span> <span class='ocrx_word' id='word_1_135' title='bbox 977 1318 1001 1364; x_wconf 79' lang='grc' dir='ltr'><em>ὃ</em></span> <span class='ocrx_word' id='word_1_136' title='bbox 1021 1315 1310 1378; x_wconf 70' lang='grc' dir='ltr'><strong><em>αἰτοκράτωρ</em></strong></span> <span class='ocrx_word' id='word_1_137' title='bbox 1342 1321 1415 1365; x_wconf 83' lang='grc' dir='ltr'><strong><em>καὶ</em></strong></span> <span class='ocrx_word' id='word_1_138' title='bbox 1440 1319 1547 1377; x_wconf 77' lang='grc' dir='ltr'><strong><em>ἐμὸς</em></strong></span> 
     </span>
     <span class='ocr_line' id='line_1_17' title="bbox 47 1383 1548 1448; baseline 0.001 -17"><span class='ocrx_word' id='word_1_139' title='bbox 47 1386 233 1444; x_wconf 78' lang='grc' dir='ltr'><strong><em>γενέτης,</em></strong></span> <span class='ocrx_word' id='word_1_140' title='bbox 265 1383 477 1443; x_wconf 74' lang='grc' dir='ltr'><strong><em>καθάπερ</em></strong></span> <span class='ocrx_word' id='word_1_141' title='bbox 499 1386 812 1447; x_wconf 79' lang='grc' dir='ltr'><strong><em>ἐμνημόνευσα,</em></strong></span> <span class='ocrx_word' id='word_1_142' title='bbox 844 1387 956 1432; x_wconf 78' lang='grc' dir='ltr'><strong><em>κατὰ</em></strong></span> <span class='ocrx_word' id='word_1_143' title='bbox 975 1387 1055 1448; x_wconf 76' lang='grc' dir='ltr'><strong><em>τὴν</em></strong></span> <span class='ocrx_word' id='word_1_144' title='bbox 1085 1391 1171 1434; x_wconf 86' lang='grc' dir='ltr'><strong><em>τοῦ</em></strong></span> <span class='ocrx_word' id='word_1_145' title='bbox 1202 1389 1404 1445; x_wconf 76' lang='grc' dir='ltr'><strong><em>πολέμου</em></strong></span> <span class='ocrx_word' id='word_1_146' title='bbox 1435 1389 1548 1434; x_wconf 80' lang='grc' dir='ltr'><strong><em>ἑκεί-</em></strong></span> 
     </span>
     <span class='ocr_line' id='line_1_18' title="bbox 49 1452 1591 1514; baseline 0.001 -15"><span class='ocrx_word' id='word_1_147' title='bbox 49 1472 126 1499; x_wconf 82' lang='grc' dir='ltr'><strong><em>νου</em></strong></span> <span class='ocrx_word' id='word_1_148' title='bbox 165 1452 380 1513; x_wconf 78' lang='grc' dir='ltr'><strong><em>σύρραξιν</em></strong></span> <span class='ocrx_word' id='word_1_149' title='bbox 419 1453 593 1510; x_wconf 82' lang='grc' dir='ltr'><strong><em>Κελτός</em></strong></span> <span class='ocrx_word' id='word_1_150' title='bbox 631 1474 699 1510; x_wconf 87' lang='grc' dir='ltr'><strong><em>τις</em></strong></span> <span class='ocrx_word' id='word_1_151' title='bbox 739 1455 999 1514; x_wconf 82' lang='grc' dir='ltr'><strong><em>ὗπερωμίας</em></strong></span> <span class='ocrx_word' id='word_1_152' title='bbox 1038 1455 1197 1511; x_wconf 65' lang='grc' dir='ltr'><strong><em>ἷθὺνας</em></strong></span> <span class='ocrx_word' id='word_1_153' title='bbox 1233 1458 1287 1502; x_wconf 76' lang='grc' dir='ltr'><strong><em>τό</em></strong></span> <span class='ocrx_word' id='word_1_154' title='bbox 1325 1455 1433 1514; x_wconf 89' lang='grc' dir='ltr'><strong><em>δόρυ</em></strong></span> <span class='ocrx_word' id='word_1_155' title='bbox 1475 1459 1591 1502; x_wconf 83' lang='grc' dir='ltr'><strong><em>καὶΒ</em></strong></span> 
     </span>
     <span class='ocr_line' id='line_1_19' title="bbox 47 1523 1547 1585; baseline 0.002 -18"><span class='ocrx_word' id='word_1_156' title='bbox 47 1524 287 1578; x_wconf 86' lang='grc' dir='ltr'><strong><em>μυωπίσας</em></strong></span> <span class='ocrx_word' id='word_1_157' title='bbox 315 1523 395 1568; x_wconf 77' lang='grc' dir='ltr'><strong><em>τόν</em></strong></span> <span class='ocrx_word' id='word_1_158' title='bbox 432 1525 582 1569; x_wconf 82' lang='grc' dir='ltr'><strong><em>ἵππον</em></strong></span> <span class='ocrx_word' id='word_1_159' title='bbox 620 1523 832 1582; x_wconf 75' lang='grc' dir='ltr'><strong><em>καθάπερ</em></strong></span> <span class='ocrx_word' id='word_1_160' title='bbox 874 1544 942 1579; x_wconf 85' lang='grc' dir='ltr'><strong><em>τις</em></strong></span> <span class='ocrx_word' id='word_1_161' title='bbox 980 1525 1181 1584; x_wconf 76' lang='grc' dir='ltr'><strong><em>σκηπτὸς</em></strong></span> <span class='ocrx_word' id='word_1_162' title='bbox 1224 1527 1439 1583; x_wconf 73' lang='grc' dir='ltr'><strong><em>ἐμπίπτει</em></strong></span> <span class='ocrx_word' id='word_1_163' title='bbox 1483 1529 1547 1585; x_wconf 80' lang='grc' dir='ltr'><strong><em>τῷ</em></strong></span> 
     </span>
     <span class='ocr_line' id='line_1_20' title="bbox 48 1587 1550 1653; baseline 0.002 -17"><span class='ocrx_word' id='word_1_164' title='bbox 48 1587 279 1653; x_wconf 69' lang='grc' dir='ltr'><strong><em>Ἀσπιέτῃ.</em></strong></span> <span class='ocrx_word' id='word_1_165' title='bbox 340 1591 365 1636; x_wconf 81' lang='grc' dir='ltr'>ὁ</span> <span class='ocrx_word' id='word_1_166' title='bbox 402 1594 451 1638; x_wconf 78' lang='grc' dir='ltr'><strong><em>δὲ</em></strong></span> <span class='ocrx_word' id='word_1_167' title='bbox 482 1596 562 1637; x_wconf 79' lang='grc' dir='ltr'><strong><em>τοῦ</em></strong></span> <span class='ocrx_word' id='word_1_168' title='bbox 594 1594 753 1653; x_wconf 81' lang='grc' dir='ltr'><strong><em>ξίφους</em></strong></span> <span class='ocrx_word' id='word_1_169' title='bbox 782 1594 1132 1650; x_wconf 78' lang='grc' dir='ltr'><strong><em>ἑπιδραξάμενος</em></strong></span> <span class='ocrx_word' id='word_1_170' title='bbox 1160 1596 1331 1651; x_wconf 81' lang='grc' dir='ltr'><strong><em>δέχεται</em></strong></span> <span class='ocrx_word' id='word_1_171' title='bbox 1360 1593 1440 1653; x_wconf 76' lang='grc' dir='ltr'><strong><em>τὴν</em></strong></span> <span class='ocrx_word' id='word_1_172' title='bbox 1469 1597 1550 1639; x_wconf 83' lang='grc' dir='ltr'><strong><em>τοῦ</em></strong></span> 
     </span>
     <span class='ocr_line' id='line_1_21' title="bbox 0 1659 1552 1721; baseline 0.001 -16"><span class='ocrx_word' id='word_1_173' title='bbox 0 1661 227 1708; x_wconf 65' lang='grc' dir='ltr'><strong><em>ωΚελτοῦ</em></strong></span> <span class='ocrx_word' id='word_1_174' title='bbox 253 1661 404 1716; x_wconf 79' lang='grc' dir='ltr'><strong><em>βιαίαν</em></strong></span> <span class='ocrx_word' id='word_1_175' title='bbox 433 1659 580 1719; x_wconf 78' lang='grc' dir='ltr'><strong><em>φορὰν</em></strong></span> <span class='ocrx_word' id='word_1_176' title='bbox 598 1662 671 1706; x_wconf 88' lang='grc' dir='ltr'><strong><em>καὶ</em></strong></span> <span class='ocrx_word' id='word_1_177' title='bbox 701 1661 990 1718; x_wconf 78' lang='grc' dir='ltr'><strong><em>τιτρώσκεται</em></strong></span> <span class='ocrx_word' id='word_1_178' title='bbox 1010 1664 1092 1719; x_wconf 78' lang='grc' dir='ltr'><strong><em>μὲν</em></strong></span> <span class='ocrx_word' id='word_1_179' title='bbox 1112 1660 1407 1721; x_wconf 80' lang='grc' dir='ltr'><strong><em>καιριωτάτην</em></strong></span> <span class='ocrx_word' id='word_1_180' title='bbox 1436 1664 1552 1721; x_wconf 79' lang='grc' dir='ltr'><strong><em>πλη-</em></strong></span> 
     </span>
     <span class='ocr_line' id='line_1_22' title="bbox 49 1727 1551 1790; baseline 0.001 -16"><span class='ocrx_word' id='word_1_181' title='bbox 49 1727 127 1790; x_wconf 74' lang='grc' dir='ltr'><strong><em>γὴν</em></strong></span> <span class='ocrx_word' id='word_1_182' title='bbox 155 1732 234 1773; x_wconf 83' lang='grc' dir='ltr'><strong><em>τοῦ</em></strong></span> <span class='ocrx_word' id='word_1_183' title='bbox 264 1727 455 1787; x_wconf 82' lang='grc' dir='ltr'><strong><em>δόρατος</em></strong></span> <span class='ocrx_word' id='word_1_184' title='bbox 477 1728 557 1773; x_wconf 78' lang='grc' dir='ltr'><strong><em>τὰν</em></strong></span> <span class='ocrx_word' id='word_1_185' title='bbox 589 1728 817 1787; x_wconf 77' lang='grc' dir='ltr'><strong><em>πνεύμονα</em></strong></span> <span class='ocrx_word' id='word_1_186' title='bbox 844 1732 926 1787; x_wconf 82' lang='grc' dir='ltr'><strong><em>μὲν</em></strong></span> <span class='ocrx_word' id='word_1_187' title='bbox 955 1732 1338 1789; x_wconf 83' lang='grc' dir='ltr'><strong><em>παραμείψαντος,</em></strong></span> <span class='ocrx_word' id='word_1_188' title='bbox 1371 1732 1551 1776; x_wconf 76' lang='grc' dir='ltr'><strong><em>ἐκεῖθεν</em></strong></span> 
     </span>
     <span class='ocr_line' id='line_1_23' title="bbox 49 1795 1551 1861; baseline 0.001 -18"><span class='ocrx_word' id='word_1_189' title='bbox 49 1798 99 1843; x_wconf 81' lang='grc' dir='ltr'><strong><em>δὲ</em></strong></span> <span class='ocrx_word' id='word_1_190' title='bbox 127 1795 201 1843; x_wconf 81' lang='grc' dir='ltr'><strong><em>διὰ</em></strong></span> <span class='ocrx_word' id='word_1_191' title='bbox 227 1799 308 1857; x_wconf 84' lang='grc' dir='ltr'><strong><em>τῆς</em></strong></span> <span class='ocrx_word' id='word_1_192' title='bbox 338 1795 507 1857; x_wconf 83' lang='grc' dir='ltr'><strong><em>ῥάχεως</em></strong></span> <span class='ocrx_word' id='word_1_193' title='bbox 534 1799 860 1854; x_wconf 75' lang='grc' dir='ltr'><strong><em>διενεχθέντος·</em></strong></span> <span class='ocrx_word' id='word_1_194' title='bbox 907 1798 931 1844; x_wconf 82' lang='grc' dir='ltr'><em>ὃ</em></span> <span class='ocrx_word' id='word_1_195' title='bbox 967 1801 1016 1845; x_wconf 77' lang='grc' dir='ltr'><strong><em>δὲ</em></strong></span> <span class='ocrx_word' id='word_1_196' title='bbox 1054 1797 1194 1859; x_wconf 83' lang='grc' dir='ltr'><strong><em>μήπω</em></strong></span> <span class='ocrx_word' id='word_1_197' title='bbox 1230 1801 1470 1859; x_wconf 73' lang='grc' dir='ltr'><strong><em>συγχυθεὶς</em></strong></span> <span class='ocrx_word' id='word_1_198' title='bbox 1495 1802 1551 1861; x_wconf 80' lang='grc' dir='ltr'><strong><em>τῇ</em></strong></span> 
     </span>
    </p>
   </div>
   <div class='ocr_carea' id='block_1_3' title="bbox 186 1946 1549 2046">
    <p class='ocr_par' dir='ltr' id='par_1_3' title="bbox 186 1946 1549 2046">
     <span class='ocr_line' id='line_1_24' title="bbox 186 1946 1549 1999; baseline 0.001 -16"><span class='ocrx_word' id='word_1_199' title='bbox 186 1949 221 1985; x_wconf 89' lang='grc'><strong><em>3.</em></strong></span> <span class='ocrx_word' id='word_1_200' title='bbox 247 1946 599 1997; x_wconf 58' lang='grc' dir='ltr'><strong><em>ῥωμαλεώτατοςῐῧ,</em></strong></span> <span class='ocrx_word' id='word_1_201' title='bbox 625 1947 987 1999; x_wconf 76' lang='grc' dir='ltr'><strong><em>ῥωμαλαιώτατοςΡ.</em></strong></span> <span class='ocrx_word' id='word_1_202' title='bbox 1087 1951 1122 1986; x_wconf 85' lang='grc'><strong><em>7.</em></strong></span> <span class='ocrx_word' id='word_1_203' title='bbox 1148 1950 1213 1986; x_wconf 79' lang='grc' dir='ltr'><strong><em>τοῦ</em></strong></span> <span class='ocrx_word' id='word_1_204' title='bbox 1233 1950 1311 1997; x_wconf 82' lang='grc' dir='ltr'><strong><em>μοῦ</em></strong></span> <span class='ocrx_word' id='word_1_205' title='bbox 1322 1948 1363 1995; x_wconf 87' lang='lat' dir='ltr'><strong><em>P,</em></strong></span> <span class='ocrx_word' id='word_1_206' title='bbox 1387 1949 1549 1986; x_wconf 75' lang='lat' dir='ltr'><strong>correxi.</strong></span> 
     </span>
     <span class='ocr_line' id='line_1_25' title="bbox 187 1997 1515 2046; baseline 0 -13"><span class='ocrx_word' id='word_1_207' title='bbox 187 1998 246 2033; x_wconf 87' lang='lat'><strong><em>10.</em></strong></span> <span class='ocrx_word' id='word_1_208' title='bbox 271 2002 568 2045; x_wconf 83' lang='grc' dir='ltr'><strong><em>συνεισενεγκεῖν</em></strong></span> <span class='ocrx_word' id='word_1_209' title='bbox 595 1998 668 2044; x_wconf 90' lang='lat' dir='ltr'><strong><em>FC,</em></strong></span> <span class='ocrx_word' id='word_1_210' title='bbox 694 2003 1026 2046; x_wconf 80' lang='grc' dir='ltr'><strong><em>συνεισενεγκεῖνια</em></strong></span> <span class='ocrx_word' id='word_1_211' title='bbox 1052 1999 1096 2035; x_wconf 89' lang='lat' dir='ltr'><strong><em>P.</em></strong></span> <span class='ocrx_word' id='word_1_212' title='bbox 1193 1999 1275 2046; x_wconf 82' lang='grc' dir='ltr'><strong><em>ἔχοι</em></strong></span> <span class='ocrx_word' id='word_1_213' title='bbox 1299 1997 1344 2044; x_wconf 78' lang='lat' dir='ltr'><strong><em>F,</em></strong></span> <span class='ocrx_word' id='word_1_214' title='bbox 1368 1998 1448 2045; x_wconf 82' lang='grc' dir='ltr'><strong><em>ἔχει</em></strong></span> <span class='ocrx_word' id='word_1_215' title='bbox 1473 1998 1515 2034; x_wconf 90' lang='lat' dir='ltr'><strong><em>P.</em></strong></span> 
     </span>
    </p>
   </div>
   <div class='ocr_carea' id='block_1_4' title="bbox 0 2160 1554 2940">
    <p class='ocr_par' dir='ltr' id='par_1_4' title="bbox 0 2160 1554 2940">
     <span class='ocr_line' id='line_1_26' title="bbox 51 2160 1550 2209; baseline 0.001 -13"><span class='ocrx_word' id='word_1_216' title='bbox 51 2162 172 2208; x_wconf 85' lang='lat' dir='ltr'><strong>igitur</strong></span> <span class='ocrx_word' id='word_1_217' title='bbox 197 2160 349 2198; x_wconf 77' lang='lat' dir='ltr'>Ciliciae</span> <span class='ocrx_word' id='word_1_218' title='bbox 365 2162 524 2198; x_wconf 86' lang='lat' dir='ltr'>urbibus</span> <span class='ocrx_word' id='word_1_219' title='bbox 542 2163 789 2209; x_wconf 84' lang='lat' dir='ltr'><strong>perpetienda</strong></span> <span class='ocrx_word' id='word_1_220' title='bbox 807 2162 912 2199; x_wconf 87' lang='lat' dir='ltr'><strong>fuere</strong></span> <span class='ocrx_word' id='word_1_221' title='bbox 937 2163 986 2198; x_wconf 89' lang='lat' dir='ltr'><strong><em>ab</em></strong></span> <span class='ocrx_word' id='word_1_222' title='bbox 1002 2162 1185 2199; x_wconf 86' lang='lat' dir='ltr'><strong>eiusmodi</strong></span> <span class='ocrx_word' id='word_1_223' title='bbox 1204 2163 1287 2198; x_wconf 86' lang='lat' dir='ltr'><strong>viro</strong></span> <span class='ocrx_word' id='word_1_224' title='bbox 1312 2163 1550 2209; x_wconf 81' lang='lat' dir='ltr'><strong>expugnatis,</strong></span> 
     </span>
     <span class='ocr_line' id='line_1_27' title="bbox 51 2210 1551 2256; baseline 0.001 -11"><span class='ocrx_word' id='word_1_225' title='bbox 51 2211 117 2256; x_wconf 86' lang='lat' dir='ltr'><strong><em>qui</em></strong></span> <span class='ocrx_word' id='word_1_226' title='bbox 141 2212 181 2246; x_wconf 93' lang='lat' dir='ltr'><strong><em>et</em></strong></span> <span class='ocrx_word' id='word_1_227' title='bbox 203 2210 284 2256; x_wconf 83' lang='lat' dir='ltr'><strong>ipse</strong></span> <span class='ocrx_word' id='word_1_228' title='bbox 309 2211 478 2247; x_wconf 85' lang='lat' dir='ltr'><strong>omnium</strong></span> <span class='ocrx_word' id='word_1_229' title='bbox 504 2211 733 2248; x_wconf 82' lang='lat' dir='ltr'><strong>fortissimus</strong></span> <span class='ocrx_word' id='word_1_230' title='bbox 764 2211 839 2248; x_wconf 78' lang='lat' dir='ltr'><strong>fuit</strong></span> <span class='ocrx_word' id='word_1_231' title='bbox 862 2215 902 2248; x_wconf 90' lang='lat' dir='ltr'><strong><em>et</em></strong></span> <span class='ocrx_word' id='word_1_232' title='bbox 926 2211 1188 2247; x_wconf 74' lang='lat' dir='ltr'><strong>admirandam</strong></span> <span class='ocrx_word' id='word_1_233' title='bbox 1216 2223 1302 2248; x_wconf 86' lang='lat' dir='ltr'><strong><em>eum</em></strong></span> <span class='ocrx_word' id='word_1_234' title='bbox 1338 2214 1551 2247; x_wconf 75' lang='lat' dir='ltr'><strong>ceterarum</strong></span> 
     </span>
     <span class='ocr_line' id='line_1_28' title="bbox 0 2258 1550 2307; baseline 0.001 -13"><span class='ocrx_word' id='word_1_235' title='bbox 0 2259 1 2262; x_wconf 73' lang='grc'>’</span> <span class='ocrx_word' id='word_1_236' title='bbox 51 2258 106 2294; x_wconf 85' lang='lat' dir='ltr'><strong><em>rei</em></strong></span> <span class='ocrx_word' id='word_1_237' title='bbox 132 2258 288 2295; x_wconf 74' lang='lat' dir='ltr'><strong>bellioee</strong></span> <span class='ocrx_word' id='word_1_238' title='bbox 313 2259 455 2295; x_wconf 80' lang='lat' dir='ltr'><strong>artium</strong></span> <span class='ocrx_word' id='word_1_239' title='bbox 488 2264 571 2296; x_wconf 92' lang='lat' dir='ltr'><strong>tum</strong></span> <span class='ocrx_word' id='word_1_240' title='bbox 598 2261 786 2307; x_wconf 80' lang='lat' dir='ltr'><strong>imprimis</strong></span> <span class='ocrx_word' id='word_1_241' title='bbox 823 2260 1161 2307; x_wconf 75' lang='lat' dir='ltr'><strong>oppugnandarum</strong></span> <span class='ocrx_word' id='word_1_242' title='bbox 1187 2260 1340 2296; x_wconf 89' lang='lat' dir='ltr'><strong>urbium</strong></span> <span class='ocrx_word' id='word_1_243' title='bbox 1373 2260 1550 2305; x_wconf 78' lang='lat' dir='ltr'><strong>peritiam</strong></span> 
     </span>
     <span class='ocr_line' id='line_1_29' title="bbox 51 2307 1552 2355; baseline 0 -12"><span class='ocrx_word' id='word_1_244' title='bbox 51 2307 125 2343; x_wconf 89' lang='lat' dir='ltr'><strong>sibi</strong></span> <span class='ocrx_word' id='word_1_245' title='bbox 148 2308 375 2354; x_wconf 74' lang='lat' dir='ltr'><strong><em>paraverat‘.&gt;</em></strong></span> <span class='ocrx_word' id='word_1_246' title='bbox 423 2320 467 2345; x_wconf 78' lang='lat' dir='ltr'><strong><em>ae</em></strong></span> <span class='ocrx_word' id='word_1_247' title='bbox 491 2309 523 2344; x_wconf 92' lang='lat' dir='ltr'><strong><em>si</em></strong></span> <span class='ocrx_word' id='word_1_248' title='bbox 552 2308 638 2355; x_wconf 89' lang='lat' dir='ltr'><strong>quis</strong></span> <span class='ocrx_word' id='word_1_249' title='bbox 667 2308 766 2345; x_wconf 74' lang='lat' dir='ltr'><strong>forte</strong></span> <span class='ocrx_word' id='word_1_250' title='bbox 791 2311 961 2354; x_wconf 86' lang='lat' dir='ltr'><strong>miretur,</strong></span> <span class='ocrx_word' id='word_1_251' title='bbox 988 2308 1177 2355; x_wconf 91' lang='lat' dir='ltr'><strong>quomodo</strong></span> <span class='ocrx_word' id='word_1_252' title='bbox 1207 2309 1415 2355; x_wconf 80' lang='lat' dir='ltr'><strong>imperator</strong></span> <span class='ocrx_word' id='word_1_253' title='bbox 1439 2309 1552 2344; x_wconf 82' lang='lat' dir='ltr'><strong>istam</strong></span> 
     </span>
     <span class='ocr_line' id='line_1_30' title="bbox 53 2355 1553 2404; baseline 0.001 -13"><span class='ocrx_word' id='word_1_254' title='bbox 53 2355 233 2402; x_wconf 82' lang='lat' dir='ltr'><strong>Aspietae</strong></span> <span class='ocrx_word' id='word_1_255' title='bbox 257 2356 314 2391; x_wconf 88' lang='lat' dir='ltr'><strong><em>rei</em></strong></span> <span class='ocrx_word' id='word_1_256' title='bbox 338 2356 517 2393; x_wconf 88' lang='lat' dir='ltr'><strong>militaris</strong></span> <span class='ocrx_word' id='word_1_257' title='bbox 542 2358 771 2404; x_wconf 77' lang='lat' dir='ltr'><strong>imperitiam</strong></span> <span class='ocrx_word' id='word_1_258' title='bbox 798 2359 1034 2404; x_wconf 81' lang='lat' dir='ltr'><strong>ignoraverit</strong></span> <span class='ocrx_word' id='word_1_259' title='bbox 1057 2360 1277 2404; x_wconf 78' lang='lat' dir='ltr'><strong>tantamque</strong></span> <span class='ocrx_word' id='word_1_260' title='bbox 1301 2357 1335 2392; x_wconf 91' lang='lat' dir='ltr'><strong><em>ei</em></strong></span> <span class='ocrx_word' id='word_1_261' title='bbox 1360 2358 1553 2393; x_wconf 74' lang='lat' dir='ltr'><strong>commise-</strong></span> 
     </span>
     <span class='ocr_line' id='line_1_31' title="bbox 0 2404 1552 2452; baseline 0.001 -13"><span class='ocrx_word' id='word_1_262' title='bbox 0 2441 2 2445; x_wconf 74' lang='grc'>,</span> <span class='ocrx_word' id='word_1_263' title='bbox 50 2404 106 2440; x_wconf 88' lang='lat' dir='ltr'><strong><em>rit</em></strong></span> <span class='ocrx_word' id='word_1_264' title='bbox 129 2404 376 2450; x_wconf 78' lang='lat' dir='ltr'><strong>provinciam,</strong></span> <span class='ocrx_word' id='word_1_265' title='bbox 399 2405 447 2441; x_wconf 84' lang='lat' dir='ltr'><strong><em>ad</em></strong></span> <span class='ocrx_word' id='word_1_266' title='bbox 472 2409 620 2452; x_wconf 86' lang='lat' dir='ltr'><strong>patrem</strong></span> <span class='ocrx_word' id='word_1_267' title='bbox 645 2405 921 2442; x_wconf 79' lang='lat' dir='ltr'><strong>defendendum</strong></span> <span class='ocrx_word' id='word_1_268' title='bbox 954 2410 1013 2442; x_wconf 89' lang='lat' dir='ltr'><strong><em>sat</em></strong></span> <span class='ocrx_word' id='word_1_269' title='bbox 1038 2406 1253 2452; x_wconf 85' lang='lat' dir='ltr'><strong>argumenti</strong></span> <span class='ocrx_word' id='word_1_270' title='bbox 1278 2406 1417 2441; x_wconf 82' lang='lat' dir='ltr'><strong>eximia</strong></span> <span class='ocrx_word' id='word_1_271' title='bbox 1441 2405 1552 2441; x_wconf 82' lang='lat' dir='ltr'><strong>affert</strong></span> 
     </span>
     <span class='ocr_line' id='line_1_32' title="bbox 54 2453 1553 2502; baseline 0.001 -14"><span class='ocrx_word' id='word_1_272' title='bbox 54 2453 232 2500; x_wconf 83' lang='lat' dir='ltr'><strong>Aspietae</strong></span> <span class='ocrx_word' id='word_1_273' title='bbox 255 2453 435 2490; x_wconf 80' lang='lat' dir='ltr'><strong>nobilitas</strong></span> <span class='ocrx_word' id='word_1_274' title='bbox 464 2455 703 2502; x_wconf 84' lang='lat' dir='ltr'><strong>nominisque</strong></span> <span class='ocrx_word' id='word_1_275' title='bbox 729 2455 840 2491; x_wconf 83' lang='lat' dir='ltr'><strong>fama.</strong></span> <span class='ocrx_word' id='word_1_276' title='bbox 905 2454 1118 2502; x_wconf 82' lang='lat' dir='ltr'><strong>principem</strong></span> <span class='ocrx_word' id='word_1_277' title='bbox 1156 2454 1255 2490; x_wconf 86' lang='lat' dir='ltr'><strong>enim</strong></span> <span class='ocrx_word' id='word_1_278' title='bbox 1292 2454 1416 2490; x_wconf 79' lang='lat' dir='ltr'><strong>locum</strong></span> <span class='ocrx_word' id='word_1_279' title='bbox 1451 2455 1553 2490; x_wconf 83' lang='lat' dir='ltr'><strong>inter</strong></span> 
     </span>
     <span class='ocr_line' id='line_1_33' title="bbox 54 2501 1553 2550; baseline -0.001 -11"><span class='ocrx_word' id='word_1_280' title='bbox 54 2501 254 2539; x_wconf 71' lang='lat' dir='ltr'><strong>Arsacidas</strong></span> <span class='ocrx_word' id='word_1_281' title='bbox 277 2502 475 2539; x_wconf 85' lang='lat' dir='ltr'><strong>obtinebat</strong></span> <span class='ocrx_word' id='word_1_282' title='bbox 499 2503 605 2550; x_wconf 79' lang='lat' dir='ltr'><strong>regio</strong></span> <span class='ocrx_word' id='word_1_283' title='bbox 630 2515 766 2550; x_wconf 82' lang='lat' dir='ltr'><strong>genere</strong></span> <span class='ocrx_word' id='word_1_284' title='bbox 791 2507 912 2540; x_wconf 85' lang='lat' dir='ltr'><strong>natus.</strong></span> <span class='ocrx_word' id='word_1_285' title='bbox 960 2515 1076 2549; x_wconf 87' lang='lat' dir='ltr'><strong>quare</strong></span> <span class='ocrx_word' id='word_1_286' title='bbox 1101 2502 1150 2538; x_wconf 88' lang='lat' dir='ltr'><strong><em>ad</em></strong></span> <span class='ocrx_word' id='word_1_287' title='bbox 1187 2515 1272 2538; x_wconf 87' lang='lat' dir='ltr'><strong><em>eum</em></strong></span> <span class='ocrx_word' id='word_1_288' title='bbox 1298 2502 1553 2548; x_wconf 82' lang='lat' dir='ltr'><strong>stratopedar-</strong></span> 
     </span>
     <span class='ocr_line' id='line_1_34' title="bbox 52 2549 1554 2608; baseline -0.001 -21"><span class='ocrx_word' id='word_1_289' title='bbox 52 2550 146 2587; x_wconf 80' lang='lat' dir='ltr'><strong>cbae</strong></span> <span class='ocrx_word' id='word_1_290' title='bbox 169 2550 288 2586; x_wconf 84' lang='lat' dir='ltr'><strong>totius</strong></span> <span class='ocrx_word' id='word_1_291' title='bbox 312 2549 479 2587; x_wconf 81' lang='lat' dir='ltr'><strong>Orientis</strong></span> <span class='ocrx_word' id='word_1_292' title='bbox 502 2552 692 2599; x_wconf 82' lang='lat' dir='ltr'><strong>dignitate</strong></span> <span class='ocrx_word' id='word_1_293' title='bbox 716 2556 893 2588; x_wconf 83' lang='lat' dir='ltr'><strong>ornatum</strong></span> <span class='ocrx_word' id='word_1_294' title='bbox 919 2551 1170 2608; x_wconf 41' lang='lat' dir='ltr'><strong>amplinssimos</strong></span> <span class='ocrx_word' id='word_1_295' title='bbox 1194 2551 1363 2587; x_wconf 89' lang='lat' dir='ltr'><strong>omnium</strong></span> <span class='ocrx_word' id='word_1_296' title='bbox 1392 2550 1554 2587; x_wconf 86' lang='lat' dir='ltr'><strong>honores</strong></span> 
     </span>
     <span class='ocr_line' id='line_1_35' title="bbox 53 2597 1552 2647; baseline 0.001 -13"><span class='ocrx_word' id='word_1_297' title='bbox 53 2597 254 2644; x_wconf 83' lang='lat' dir='ltr'><strong>detulerat,</strong></span> <span class='ocrx_word' id='word_1_298' title='bbox 280 2600 502 2645; x_wconf 82' lang='lat' dir='ltr'><strong>praesertim</strong></span> <span class='ocrx_word' id='word_1_299' title='bbox 518 2612 603 2636; x_wconf 87' lang='lat' dir='ltr'><strong><em>eum</em></strong></span> <span class='ocrx_word' id='word_1_300' title='bbox 621 2605 855 2647; x_wconf 77' lang='lat' dir='ltr'><strong>perspectam</strong></span> <span class='ocrx_word' id='word_1_301' title='bbox 879 2600 981 2636; x_wconf 88' lang='lat' dir='ltr'><strong>illius</strong></span> <span class='ocrx_word' id='word_1_302' title='bbox 1007 2600 1081 2636; x_wconf 85' lang='lat' dir='ltr'><strong>viri</strong></span> <span class='ocrx_word' id='word_1_303' title='bbox 1098 2599 1365 2636; x_wconf 84' lang='lat' dir='ltr'><strong>fortitudinem</strong></span> <span class='ocrx_word' id='word_1_304' title='bbox 1381 2599 1552 2635; x_wconf 81' lang='lat' dir='ltr'><strong>haberet-</strong></span> 
     </span>
     <span class='ocr_line' id='line_1_36' title="bbox 3 2647 1554 2695; baseline 0 -12"><span class='ocrx_word' id='word_1_305' title='bbox 3 2647 11 2689; x_wconf 59' lang='grc' dir='ltr'><em>ᾖ</em></span> <span class='ocrx_word' id='word_1_306' title='bbox 54 2658 141 2684; x_wconf 82' lang='lat' dir='ltr'><strong><em>nam</em></strong></span> <span class='ocrx_word' id='word_1_307' title='bbox 185 2648 426 2693; x_wconf 85' lang='lat' dir='ltr'><strong>imperatore,</strong></span> <span class='ocrx_word' id='word_1_308' title='bbox 457 2652 569 2695; x_wconf 88' lang='lat' dir='ltr'><strong>patre</strong></span> <span class='ocrx_word' id='word_1_309' title='bbox 607 2661 703 2692; x_wconf 88' lang='lat' dir='ltr'><strong>meo,</strong></span> <span class='ocrx_word' id='word_1_310' title='bbox 744 2649 921 2685; x_wconf 81' lang='lat' dir='ltr'><strong>adversus</strong></span> <span class='ocrx_word' id='word_1_311' title='bbox 954 2648 1163 2685; x_wconf 86' lang='lat' dir='ltr'><strong>Robertum</strong></span> <span class='ocrx_word' id='word_1_312' title='bbox 1202 2648 1343 2684; x_wconf 86' lang='lat' dir='ltr'><strong>bellum</strong></span> <span class='ocrx_word' id='word_1_313' title='bbox 1386 2651 1554 2694; x_wconf 82' lang='lat' dir='ltr'><strong>gerente,</strong></span> 
     </span>
     <span class='ocr_line' id='line_1_37' title="bbox 54 2695 1551 2744; baseline 0.001 -12.965"><span class='ocrx_word' id='word_1_314' title='bbox 54 2695 156 2742; x_wconf 88' lang='lat' dir='ltr'><strong>quod</strong></span> <span class='ocrx_word' id='word_1_315' title='bbox 197 2707 312 2742; x_wconf 87' lang='lat' dir='ltr'><strong>supra</strong></span> <span class='ocrx_word' id='word_1_316' title='bbox 354 2698 623 2739; x_wconf 77' lang='lat' dir='ltr'><strong>enarravimus,</strong></span> <span class='ocrx_word' id='word_1_317' title='bbox 663 2698 704 2733; x_wconf 91' lang='lat' dir='ltr'><strong><em>in</em></strong></span> <span class='ocrx_word' id='word_1_318' title='bbox 740 2698 885 2744; x_wconf 87' lang='lat' dir='ltr'><strong>proelio</strong></span> <span class='ocrx_word' id='word_1_319' title='bbox 928 2697 1056 2733; x_wconf 83' lang='lat' dir='ltr'><strong>Gallus</strong></span> <span class='ocrx_word' id='word_1_320' title='bbox 1101 2697 1254 2743; x_wconf 90' lang='lat' dir='ltr'><strong>quidam</strong></span> <span class='ocrx_word' id='word_1_321' title='bbox 1297 2696 1385 2732; x_wconf 87' lang='lat' dir='ltr'><strong>altis</strong></span> <span class='ocrx_word' id='word_1_322' title='bbox 1422 2697 1551 2732; x_wconf 86' lang='lat' dir='ltr'><strong>hume·</strong></span> 
     </span>
     <span class='ocr_line' id='line_1_38' title="bbox 0 2737 1553 2792; baseline -0.002 -9"><span class='ocrx_word' id='word_1_323' title='bbox 0 2737 20 2783; x_wconf 61' lang='grc' dir='ltr'><strong><em>,Ξ</em></strong></span> <span class='ocrx_word' id='word_1_324' title='bbox 53 2744 107 2780; x_wconf 71' lang='lat' dir='ltr'><strong><em>ris</em></strong></span> <span class='ocrx_word' id='word_1_325' title='bbox 160 2756 290 2780; x_wconf 87' lang='lat' dir='ltr'><strong>omnes</strong></span> <span class='ocrx_word' id='word_1_326' title='bbox 335 2757 517 2791; x_wconf 87' lang='lat' dir='ltr'><strong>superans</strong></span> <span class='ocrx_word' id='word_1_327' title='bbox 561 2746 700 2782; x_wconf 82' lang='lat' dir='ltr'><strong>infesta</strong></span> <span class='ocrx_word' id='word_1_328' title='bbox 760 2746 869 2782; x_wconf 84' lang='lat' dir='ltr'><strong>hasta</strong></span> <span class='ocrx_word' id='word_1_329' title='bbox 914 2745 1150 2791; x_wconf 84' lang='lat' dir='ltr'><strong>subditisque</strong></span> <span class='ocrx_word' id='word_1_330' title='bbox 1201 2757 1297 2792; x_wconf 87' lang='lat' dir='ltr'><strong>equo</strong></span> <span class='ocrx_word' id='word_1_331' title='bbox 1344 2744 1553 2781; x_wconf 73' lang='lat' dir='ltr'><strong>caleat-ibus</strong></span> 
     </span>
     <span class='ocr_line' id='line_1_39' title="bbox 0 2779 1550 2859; baseline -0.002 -28"><span class='ocrx_word' id='word_1_332' title='bbox 0 2779 27 2859; x_wconf 54' lang='grc' dir='ltr'>ξ</span> <span class='ocrx_word' id='word_1_333' title='bbox 53 2792 220 2830; x_wconf 77' lang='lat' dir='ltr'><strong>turbinis</strong></span> <span class='ocrx_word' id='word_1_334' title='bbox 242 2793 365 2829; x_wconf 80' lang='lat' dir='ltr'><strong>instar</strong></span> <span class='ocrx_word' id='word_1_335' title='bbox 400 2794 441 2829; x_wconf 92' lang='lat' dir='ltr'><strong><em>in</em></strong></span> <span class='ocrx_word' id='word_1_336' title='bbox 465 2795 646 2840; x_wconf 72' lang='lat' dir='ltr'><strong>Aspieten</strong></span> <span class='ocrx_word' id='word_1_337' title='bbox 682 2795 830 2838; x_wconf 86' lang='lat' dir='ltr'><strong>incidit,</strong></span> <span class='ocrx_word' id='word_1_338' title='bbox 867 2795 944 2841; x_wconf 88' lang='lat' dir='ltr'><strong>qui,</strong></span> <span class='ocrx_word' id='word_1_339' title='bbox 981 2794 1071 2830; x_wconf 85' lang='lat' dir='ltr'><strong>lieet</strong></span> <span class='ocrx_word' id='word_1_340' title='bbox 1107 2805 1261 2840; x_wconf 85' lang='lat' dir='ltr'><strong>gravem</strong></span> <span class='ocrx_word' id='word_1_341' title='bbox 1298 2793 1397 2829; x_wconf 78' lang='lat' dir='ltr'><strong>Galli</strong></span> <span class='ocrx_word' id='word_1_342' title='bbox 1434 2795 1550 2839; x_wconf 86' lang='lat' dir='ltr'><strong>impe·</strong></span> 
     </span>
     <span class='ocr_line' id='line_1_40' title="bbox 55 2841 1553 2889; baseline 0.001 -13"><span class='ocrx_word' id='word_1_343' title='bbox 55 2842 137 2877; x_wconf 79' lang='lat' dir='ltr'><strong>tum</strong></span> <span class='ocrx_word' id='word_1_344' title='bbox 162 2841 296 2877; x_wconf 77' lang='lat' dir='ltr'><strong>stricto</strong></span> <span class='ocrx_word' id='word_1_345' title='bbox 328 2841 455 2888; x_wconf 80' lang='lat' dir='ltr'><strong>gladio</strong></span> <span class='ocrx_word' id='word_1_346' title='bbox 481 2843 641 2889; x_wconf 78' lang='lat' dir='ltr'><strong>excepit,</strong></span> <span class='ocrx_word' id='word_1_347' title='bbox 675 2844 891 2880; x_wconf 83' lang='lat' dir='ltr'><strong>saevissimo</strong></span> <span class='ocrx_word' id='word_1_348' title='bbox 926 2842 1080 2879; x_wconf 87' lang='lat' dir='ltr'><strong>vulnere</strong></span> <span class='ocrx_word' id='word_1_349' title='bbox 1113 2841 1269 2879; x_wconf 81' lang='lat' dir='ltr'><strong>affectus</strong></span> <span class='ocrx_word' id='word_1_350' title='bbox 1303 2845 1360 2878; x_wconf 79' lang='lat' dir='ltr'><strong><em>est</em></strong></span> <span class='ocrx_word' id='word_1_351' title='bbox 1396 2841 1553 2888; x_wconf 78' lang='lat' dir='ltr'><strong>cuspide</strong></span> 
     </span>
     <span class='ocr_line' id='line_1_41' title="bbox 29 2889 1546 2940; baseline 0 -14"><span class='ocrx_word' id='word_1_352' title='bbox 29 2892 212 2939; x_wconf 78' lang='lat' dir='ltr'><strong>praeter</strong></span> <span class='ocrx_word' id='word_1_353' title='bbox 249 2889 466 2937; x_wconf 88' lang='lat' dir='ltr'><strong>pulmonem</strong></span> <span class='ocrx_word' id='word_1_354' title='bbox 510 2891 559 2928; x_wconf 83' lang='lat' dir='ltr'><strong><em>ad</em></strong></span> <span class='ocrx_word' id='word_1_355' title='bbox 596 2891 700 2929; x_wconf 87' lang='lat' dir='ltr'><strong>dorsi</strong></span> <span class='ocrx_word' id='word_1_356' title='bbox 735 2893 880 2940; x_wconf 89' lang='lat' dir='ltr'><strong>spinam</strong></span> <span class='ocrx_word' id='word_1_357' title='bbox 919 2894 1154 2938; x_wconf 85' lang='lat' dir='ltr'><strong>penetrante.</strong></span> <span class='ocrx_word' id='word_1_358' title='bbox 1218 2902 1339 2938; x_wconf 86' lang='lat' dir='ltr'><strong>neque</strong></span> <span class='ocrx_word' id='word_1_359' title='bbox 1369 2902 1459 2926; x_wconf 82' lang='lat' dir='ltr'><strong>vero</strong></span> <span class='ocrx_word' id='word_1_360' title='bbox 1495 2890 1546 2926; x_wconf 90' lang='lat' dir='ltr'><strong><em>ob</em></strong></span> 
     </span>
    </p>
   </div>
   <div class='ocr_carea' id='block_1_5' title="bbox 0 2863 44 3138">
    <p class='ocr_par' dir='ltr' id='par_1_5' title="bbox 0 2863 30 3138">
     <span class='ocr_line' id='line_1_42' title="bbox 0 2863 26 2897; baseline 0 -2"><span class='ocrx_word' id='word_1_361' title='bbox 0 2863 26 2897; x_wconf 62' lang='lat' dir='ltr'><strong><em>&#39;n</em></strong></span> 
     </span>
     <span class='ocr_line' id='line_1_43' title="bbox 0 2951 32 3019; baseline 0 0"><span class='ocrx_word' id='word_1_362' title='bbox 0 2951 32 3019; x_wconf 62' lang='grc' dir='ltr'>ζ</span> 
     </span>
     <span class='ocr_line' id='line_1_44' title="bbox 0 3025 27 3064; baseline 0 -9"><span class='ocrx_word' id='word_1_363' title='bbox 0 3025 27 3064; x_wconf 91' lang='grc' dir='ltr'><strong><em>’Ξῖ</em></strong></span> 
     </span>
     <span class='ocr_line' id='line_1_45' title="bbox 3 3057 31 3091; baseline 0 -7"><span class='ocrx_word' id='word_1_364' title='bbox 3 3057 31 3091; x_wconf 52' lang='grc' dir='ltr'><strong><em>ἐξ</em></strong></span> 
     </span>
     <span class='ocr_line' id='line_1_46' title="bbox 0 3098 44 3138; baseline 0 0"><span class='ocrx_word' id='word_1_365' title='bbox 0 3098 44 3138; x_wconf 65' lang='lat'><strong><em>{³}-</em></strong></span> 
     </span>
    </p>
   </div>
  </div>
 </body>
</html>
