1794 3132
489 243 544 278 m
571 243 862 279 mmm
888 245 1052 280 NOTAE
1426 239 1510 283 467

33 359 214 404 Exarchi
265 358 455 414 satelles,
514 359 748 413 promiscue
794 359 998 416 Armiger
1049 363 1091 406 et
1144 363 1399 417 Spatharius
1450 366 1516 408 di-

28 418 196 461 cuntur.

166 469 256 530 Τὴν
281 467 579 527 Ἀκρόπολιν]
611 473 766 515 Extitit
795 474 1017 529 Acropolis
1049 474 1514 532 Constantinopolitana
1526 487 1722 532 Pag.66.A

27 531 82 574 ad
113 530 342 581 Orientem,
369 529 415 572 in
448 529 484 572 1.
515 529 643 572 Urbis
672 529 859 585 Regione
897 532 939 574 et
972 532 1016 574 in
1055 533 1190 586 primo
1229 534 1346 586 colle,
1389 547 1410 578 e
1448 548 1515 578 re-

23 588 149 643 gione
178 585 376 637 Scutarii,
405 586 495 629 sive
524 586 735 628 Damalici
766 585 1063 640 Promontorii‚
1092 589 1137 631 in
1177 591 1358 634 extremo
1388 591 1514 635 Urbis

27 644 198 699 angulo,
228 643 302 698 qui
330 655 356 686 a
385 642 558 697 Templo
586 642 725 685 vicino
755 643 797 687 S.
833 643 1038 687 Demetrii
1062 647 1257 697 vocatur;
1292 647 1401 690 unde
1418 650 1515 690 Με-

24 698 319 758 γαδημήτριον
346 692 609 754 οἷκρόπολιν,
642 711 714 742 seu
742 700 991 755 Acropolim
1020 701 1063 744 S.
1094 701 1303 747 Demetrii
1331 704 1514 759 appellat

26 758 168 801 Ducas
197 770 286 812 cap.
307 757 374 800 38.
405 757 448 800 et
472 757 542 799 39.
573 756 645 798 ubi
674 756 776 799 olim
812 759 911 801 ante
950 759 1235 802 instauratum
1260 761 1513 816 Byzantium

26 814 191 866 similis,
220 814 256 856 si
288 826 373 857 non
402 813 548 856 eadem
577 812 728 867 fuerat,
759 814 808 856 ut
837 816 961 858 autor
989 816 1051 858 est
1079 816 1310 871 Xenophon
1361 818 1403 860 et
1433 817 1513 860 Co-

24 871 148 914 dinus
176 871 221 913 in
251 869 368 926 Orig.
390 869 472 913 ΟΡ.
505 871 547 913 et
576 869 650 912 ubi
670 870 882 924 Bosporus
901 872 1062 926 impetu
1089 874 1271 916 maximo
1304 873 1357 916 ad
1377 874 1510 929 ipsam

24 928 277 983 crepidinem
307 926 428 970 collis
458 926 521 979 (in
553 939 635 981 quo
664 926 965 980 Eskisaraium,
1008 941 1082 971 seu
1126 942 1279 972 novum
1318 930 1511 974 Saraium

23 984 146 1028 bodie
188 983 374 1039 positum
417 984 498 1036 est)
545 983 590 1025 in
625 983 926 1038 Propontidem
968 985 1104 1028 irruit.
1167 987 1217 1029 V.
1246 986 1435 1042 Gyllium
1466 988 1508 1030 in

24 1040 104 1084 ΟΡ.
133 1041 206 1084 lib.
228 1041 267 1083 2.
298 1053 388 1095 cap.
404 1041 444 1082 2.
477 1040 519 1082 et
546 1039 714 1082 Leuncl.
747 1053 836 1096 cap.
859 1043 954 1084 139.

158 1095 289 1153 Μέγα
319 1094 571 1151 Παλάτιον]
609 1096 731 1150 Quod
759 1111 807 1141 ea
833 1099 1081 1153 tempestate
1111 1099 1552 1143 ConstantinianumA

658 1154 929 1266 pezae&
972 1155 1105 1255 ss·
1118 1156 1507 1267 §guimas

21 1269 179 1367 pollihet
189 1267 420 1367 dSophiana
449 1267 565 1311 Aede
591 1267 919 1312 inaedificatum.
964 1269 1070 1312 Vide
1097 1269 1231 1313 Notas
1260 1270 1425 1313 nostras
1453 1270 1508 1313 ad

44 1325 76 1367 *i
140 1338 188 1368 ar
219 1358 230 1368 .

159 1379 382 1436 I'ewpyt'ov
408 1382 671 1438 Συκεωτοῦ]
717 1382 914 1437 Superest
957 1384 1187 1426 etiamnum
1235 1383 1287 1425 D.
1336 1382 1550 1440 GeorgiiD

21 1438 157 1481 Aedes
185 1438 230 1481 in
261 1438 392 1495 SyciS,
421 1439 511 1482 sive
541 1438 741 1483 Galatino
767 1441 930 1495 oppido,
961 1442 1026 1483 uti
1056 1442 1238 1484 testatur
1257 1440 1383 1484 Mart.
1402 1440 1506 1485 Cru-

21 1496 106 1538 sius
127 1495 171 1538 in
203 1495 304 1539 Not.
332 1495 387 1538 ad
415 1495 643 1539 Malaxum.

158 1548 248 1594 Τὸν
277 1545 402 1594 οἶκον
431 1545 671 1610 Ἰβηρίτζη]
703 1554 886 1596 Domum
916 1554 1121 1597 lberitzae
1150 1555 1304 1597 statuit
1325 1554 1551 1598 CodinusD

20 1608 73 1650 ad
104 1608 369 1663 Acropolim:
412 1606 508 1652 ἔστι
547 1609 597 1652 δὲ
626 1609 699 1652 καὶ
730 1606 754 1651 ὃ
785 1604 908 1660 οἶκος
936 1612 1015 1653 τοῦ
1046 1607 1275 1667 Το-υβάκης
1319 1611 1391 1653 καὶ
1428 1613 1507 1653 τοῦ

18 1658 252 1721 Ὀβηρίτζη,
282 1661 420 1720 ὅνπερ
453 1663 544 1720 ἔχει
572 1663 597 1709 ὁ
630 1661 965 1723 Ἄκροπολίτης.
1015 1667 1215 1723 Scylitzes
1246 1668 1413 1722 pariter,
1435 1668 1507 1722 qui

19 1721 190 1764 domum
222 1723 350 1765 fuisse
378 1723 524 1766 scribit
554 1723 778 1779 Gregorae,
810 1725 1086 1779 cognomento
1117 1724 1333 1776 Iberitzae,
1365 1725 1505 1779 digni-

18 1779 109 1821 tate
137 1778 349 1834 Magistri,
382 1779 651 1823 Constantini
677 1781 831 1832 Ducae,
863 1781 936 1835 qui
962 1781 1188 1835 Imperium
1218 1780 1298 1823 sibi
1326 1793 1505 1823 asserere

20 1835 196 1882 conatus
224 1836 288 1879 est
315 1837 411 1891 post
458 1837 684 1880 Alexandri
729 1838 949 1880 interitum
1006 1838 1157 1880 soceri:
1206 1834 1278 1878 διὰ
1323 1835 1505 1887 πυλίδος

19 1888 239 1934 εἰσελθών
266 1893 347 1934 τοῦ
375 1893 799 1948 Πρωτοβεστιαρίου
820 1890 1013 1952 ΖΡΙιχαήλ,
1046 1892 1236 1949 πλησίον
1266 1886 1399 1948 οἷῗσης
1426 1894 1504 1949 τῆς

20 1941 347 2002 Ἀκροπόλεως,
381 1948 427 1992 ἐν
454 1952 519 2007 τῷ
548 1946 656 2007 οἴκῳ
676 1952 757 1992 τοῦ
782 1950 1040 2006 Μαγίστρου
1056 1951 1255 2006 Ιρηγορᾶ
1283 1951 1366 1992 τοῦ
1394 1945 1501 2005 Ἰβη-

19 2005 150 2061 ρίτζη.
211 2005 351 2049 Huius
377 2005 591 2062 Gregorae
618 2008 811 2051 meminit
839 2008 1052 2062 praeterea
1081 2008 1161 2050 Leo
1192 2007 1502 2050 Grammaticus

19 2063 63 2104 in
93 2062 241 2112 Leone,
272 2076 368 2118 pag.
388 2064 487 2106 484.

154 2118 351 2175 Mallon]
392 2119 575 2164 Miliare
617 2135 793 2164 aureum
832 2121 876 2163 in
918 2122 957 2163 5.
1008 2120 1133 2163 Urbis
1173 2120 1340 2173 regione
1383 2119 1502 2173 ponit
1514 2118 1710 2163 Peg-GS-ss·

18 2176 156 2219 Autor
199 2176 326 2219 Urbis
366 2177 670 2244 descriptionis,
715 2178 841 2228 solus,
886 2177 996 2232 quod
1041 2176 1183 2225 sclam,
1221 2175 1293 2229 qui
1321 2175 1503 2218 Miliare

19 2232 182 2284 dixerit,
214 2245 310 2276 cum
339 2233 415 2276 alii
436 2233 605 2276 Μιλιον
634 2234 857 2288 appellent.
902 2233 982 2276 Sed
1013 2233 1081 2275 hic
1101 2230 1267 2273 Μίλιον
1290 2244 1363 2285 pro
1396 2232 1499 2282 foro,

17 2289 61 2331 in
91 2301 173 2344 quo
204 2289 287 2332 fuit
314 2289 496 2333 Miliaris
526 2291 602 2334 illa
631 2290 848 2341 Columna,
879 2290 1011 2344 accipi
1041 2289 1220 2339 videtur,
1250 2288 1314 2329 uti
1344 2289 1499 2342 passim

16 2345 127 2400 apud
156 2345 399 2401 Scriptores»,
430 2348 503 2402 qui
531 2346 699 2389 Μιλίου
731 2347 985 2389 mentionem
1014 2346 1160 2401 agunt,
1201 2344 1309 2399 quod
1340 2341 1501 2399 ἀγορὰν

16 2403 95 2443 τοῦ
118 2401 287 2445 Malloi)
316 2405 443 2446 vocat
461 2405 600 2447 Autor
624 2405 809 2447 incertus
838 2404 881 2445 in
902 2403 1035 2446 Leone
1056 2402 1219 2444 Bardae
1247 2400 1347 2443 filio.
1387 2400 1497 2443 Illud

17 2472 105 2502 aese
132 2459 244 2514 quod
265 2460 557 2516 Augustaeum
591 2461 856 2514 nuncupatur
886 2460 927 2501 et
954 2460 998 2501 in
1028 2458 1169 2502 eadem
1204 2458 1385 2512 regione,
1416 2470 1498 2512 qua

18 2515 199 2568 Miliare,
228 2517 472 2572 collocatur,
517 2520 656 2561 censet
687 2516 864 2572 Gyllius.
937 2515 1046 2559 Sane
1077 2515 1381 2569 Augustaeum,
1426 2525 1499 2556 seu

17 2572 346 2627 Augusteonem,
374 2574 513 2617 forum
543 2574 606 2617 ita
635 2574 795 2616 dictum
826 2573 867 2614 et
901 2572 1067 2614 Miliare
1098 2571 1235 2613 vicina
1264 2570 1404 2624 fuisse,
1424 2583 1497 2613 nec

17 2629 162 2684 procul
189 2643 214 2672 a
243 2629 456 2684 Sophiana
488 2631 614 2685 Aede,
651 2630 832 2673 testatur
862 2628 1049 2691 Nicetas·
1072 2628 1116 2692 in
1157 2628 1273 2669 Alex.
1305 2626 1419 2669 Mau.
1450 2627 1495 2669 F.

15 2687 311 2797 amris?
330 2687 537 2786 {⁸333ssss
558 2683 1498 2795 32³³·3331312u33p1ll322‚⁵35p323¹33p13333¹83

16 2798 175 2842 Paulus
205 2800 325 2842 Diac.
350 2802 393 2843 et
421 2801 510 2844 alii.
582 2801 630 2843 In
674 2811 720 2842 eo
766 2799 893 2841 etiam
938 2798 1077 2840 varias
1109 2797 1243 2839 Aedes
1287 2797 1497 2839 extructas

15 2855 140 2898 autor
168 2857 231 2898 est
251 2855 473 2910 Cedrenus,
503 2856 699 2907 CodinuS,
732 2855 774 2898 et
802 2853 912 2897 unde
941 2853 1108 2897 evidens
1136 2854 1198 2896 oet
1228 2865 1309 2895 non
1339 2864 1499 2906 semper
