1734 3120
462 218 727 254 ALEXIADIS
757 219 853 253 LIB.
877 220 978 255 xlv.
1012 216 1050 253 6.
1438 214 1519 255 287

34 332 170 391 μέσην
196 329 396 392 φρλακῆν
425 333 506 390 τῆς
534 328 701 384 νυκτός,
734 331 834 375 ε’πεὶ
863 330 946 390 τήν
955 333 1179 412 βασιλίδα
1208 331 1272 385 εἶς
1302 330 1355 376 τὰ
1385 330 1521 390 ὖ-περ

33 402 212 458 κείμενα
242 404 334 445 τῶν
361 396 620 457 ἀνακτόρων
649 400 881 457 ἐγίνωσκεν
919 417 1067 453 ουσαν,
1110 404 1231 445 κεῖθι
1264 399 1521 456 καταλαβών

32 465 251 514 πατάσσει
279 466 359 528 τὴν
391 469 496 525 περὶ
524 465 603 512 τὸν
631 465 828 525 αἰγιαλὸν
858 465 1013 525 πύλην.
1085 471 1175 511 τῶν
1202 468 1252 512 δὲ
1283 467 1518 525 ἐρομένων,

31 537 99 589 τίς
126 533 181 580 ἂν
209 533 290 595 εἴη,
321 534 400 594 τὴν
427 533 545 581 ἷδιάν
565 531 644 580 οὗκ
674 529 841 593 ἤθελεν
861 530 1201 580 α’ποκαλύπτειν
1222 537 1389 593 κλῆσιν,
1411 532 1522 580 ἄλλα

0 603 114 658 ὔτᾶς
156 602 300 658 πύλας
340 601 491 665 ᾐτεῖτο
534 599 886 662 ἆποζιτγωθῆναί
930 601 984 649 οἱ.
1055 601 1182 661 μόγις
1225 596 1302 648 οὖν
1328 598 1523 661 τοῖνομα

1139 669 1151 685 (

30 668 316 730 ἀνακαλύψας
357 676 686 731 παραχωρεῖται-
728 673 809 732 τῆς
855 669 1045 716 εἰσόδου.
1124 689 1150 729 η
1200 672 1249 716 δὲ
1282 666 1523 730 Λῖίγοτστα

31 739 276 798 περιχαρής
302 745 505 799 γεγονυῖα
543 740 721 796 ἐδέξατο
762 742 922 784 τοῦτον
960 739 1047 795 ἔξω
1086 741 1165 798 τῆς
1195 743 1273 784 τοῦ
1311 744 1524 794 κοιτῶνος

30 807 176 867 θύρας
205 805 508 868 (Λριστήριον
536 811 670 852 τοῦτο
700 809 841 852 πάλαι
874 803 1050 864 uirbpmg
1031 809 1134 864 “¹m)‚
1178 809 1432 867 θεασαμένη
1474 810 1524 853 δὲ

30 879 190 923 τοῦτον
223 880 476 935 Τουρκικῶς
505 876 769 934 ἐσταλμένον
797 877 870 920 καὶ
899 877 1106 931 θατέρων
1135 879 1225 920 τῶν
1252 878 1409 921 ποδῶν
1436 894 1523 932 χω-

0 944 216 991 ὓλεύοντα
240 944 314 991 διὰ
343 945 395 990 τὸ
422 947 638 1006 πληγῆναι
668 945 714 989 ἐν
742 948 805 1003 τῷ
838 947 977 1002 καιρῷ
1015 947 1094 1004 τῆς
1123 942 1274 1004 μάχης,
1306 946 1413 1002 περὶ
1441 947 1521 990 τοῖ’

1533 342 1561 379 C

1532 390 1576 426 V
1602 392 1670 428 351

30 1010 356 1071 αυτοκράτορος
385 1011 577 1073 πρώτως
614 1013 797 1071 ἐρομένη
828 1016 1109 1072 καθεσθῆναι
1150 1013 1382 1069 ἐπέταξεν·
1423 1009 1566 1061 sivan

30 1083 135 1141 περὶ
163 1080 344 1126 πάντων
374 1082 611 1140 πυθομένη
648 1082 720 1126 καὶ
760 1080 839 1140 τὴν
875 1079 1026 1141 καινὴν
1065 1081 1231 1140 ἐκείνην
1267 1082 1317 1137 ἐξ
1350 1099 1520 1140 απροσ-

30 1148 222 1210 δοκήτου
253 1151 375 1210 νίκτν
401 1154 690 1209 μεμαθηκιῖα
715 1153 796 1194 τοῦ
826 1145 1155 1206 αὐτοκράτορος
1182 1151 1255 1194 καὶ
1282 1150 1360 1194 τόν
1389 1151 1520 1206 δορυ-

30 1217 203 1263 ἀλωτον
246 1217 486 1277 ἐλεύθερον
529 1216 682 1275 ορῶσα
728 1217 808 1262 οὐκ
849 1214 965 1273 εἶχεν
1004 1216 1084 1278 ὑφ’
1126 1216 1288 1277 ἡδονῆς
1322 1216 1349 1262 ο’
1376 1236 1418 1263 τι
1447 1219 1519 1263 καὶ

0 1289 212 1347 ὅγένοιτο.
271 1289 495 1346 ἐπέτρεψε
524 1288 572 1332 δὲ
601 1290 766 1331 τοῦτον
798 1285 1187 1333 διαναπαὺσασθαι
1227 1288 1379 1344 μέχρις
1419 1285 1520 1348 ημέ·

30 1373 109 1413 ρας
135 1373 325 1401 καπειτα
354 1353 597 1412 ἐξελθόντα
613 1353 668 1398 τὰ
684 1352 994 1413 συμβεβηκότα
1020 1353 1387 1413 διακηρικεύειν(
1368 1372 1521 1400 απασι.

29 1426 102 1468 καὶ
130 1422 155 1468 ὁ
186 1424 266 1480 μὲν
293 1424 503 1480 πρωΐθεν
533 1421 769 1479 ἐξαναστὰς
797 1425 871 1468 καὶ
902 1421 1061 1479 ἐπιβὰς
1078 1424 1227 1467 ἵππου
1260 1422 1381 1476 τινὸς
1410 1421 1522 1480 μετὰ

30 1495 119 1536 τῶν
146 1489 416 1551 ἐσθημάτων
446 1492 637 1545 ἐκείνων,
668 1493 775 1548 μεθ’
809 1483 871 1536 ὦν
899 1487 1064 1550 ἀφῖκτο
1103 1493 1183 1550 τῆς
1222 1489 1521 1547 αἰχμαλωσίας

30 1557 295 1618 παραδόξως
339 1560 690 1617 ἑλευθερωθείς,
738 1560 814 1604 ἐπὶ
854 1560 932 1604 τὸν
981 1560 1334 1604 Κωνσταντίνιον
1378 1557 1523 1618 φόρον

0 1626 236 1688 ῠὲλήλι·θε.
284 1629 358 1672 καὶ
387 1631 511 1673 πᾶσα
538 1629 566 1687 ἦ
598 1630 732 1682 πόλις
761 1624 900 1682 eti-9133
921 1629 991 1673 ἐπ’
1022 1625 1141 1687 αὐτῷ
1163 1628 1385 1685 ἐκεκίνητο
1406 1626 1522 1684 ὁμοῦ

30 1714 79 1741 τε
108 1698 181 1741 καὶ
206 1695 262 1741 τὰ
290 1699 385 1741 κατ7
426 1692 561 1740 αὖτὸν
597 1701 766 1753 μαθεῖν
796 1697 1070 1755 ἐπειγομένη,
1118 1694 1233 1752 ὁμοῦ
1279 1696 1328 1740 δὲ
1371 1697 1442 1740 καὶ
1468 1694 1524 1739 τὰ

30 1763 143 1809 κατὰ
176 1763 255 1810 τὸν
281 1762 588 1823 αὐτοκράτορα
615 1765 753 1809 πλέον
781 1766 1017 1810 ποθοῦσα.
1065 1760 1198 1817 αὐτὸς
1227 1765 1276 1808 δὲ
1294 1780 1523 1820 περιστοι-

168 1886 202 1920 5.
227 1882 513 1940 ἀποζυγωθῆναι
540 1885 585 1927 F,
609 1881 929 1932 ιἰπογυμνωθῆναι
955 1884 995 1920 Ρ.
1197 1884 1231 1919 8.
1258 1879 1452 1930 ὠνόμαζον
1475 1883 1520 1923 F.

166 1930 448 1981 ὀνομαζόμενον
470 1933 509 1968 Ρ.
684 1935 740 1970 14.
767 1934 817 1980 ἐφ
820 1933 830 1949 ’
854 1933 895 1975 P,
920 1933 1075 1969 correxi.
1245 1933 1300 1967 15.
1322 1934 1434 1988 μέχρι
1439 1931 1520 1970 ςἙ.

164 1984 277 2039 μέχρι
302 1981 343 2018 Ρ.
499 1981 556 2017 16.
580 1992 698 2017 απασι
724 1981 768 2026 F,
789 1979 934 2017 ἅπασιν
957 1981 997 2017 Ρ.
1147 1982 1201 2016 18.
1228 1980 1454 2028 ἔσθηματων
1478 1979 1520 2023 F,

166 2030 339 2075 ἐσθητων
360 2029 400 2066 P.
548 2031 606 2067 21.
630 2030 685 2077 τε]
711 2030 816 2078 μέν’)

29 2156 230 2182 conscensa
253 2146 354 2182 circa
385 2145 548 2182 mediam
584 2148 706 2183 noctis
747 2146 917 2193 vigiliam
958 2146 1005 2181 ad
1031 2145 1202 2191 superius
1231 2144 1426 2190 palatium,
1451 2144 1518 2180 ubi

31 2194 241 2240 Augustam
280 2206 358 2230 esse
398 2198 593 2250 cognorat,
627 2195 806 2242 appulsus
845 2198 992 2241 portam
1034 2195 1157 2230 littori
1195 2194 1355 2229 vicinam
1381 2192 1517 2238 pulsat.

29 2243 85 2277 ibi
121 2242 351 2286 custodibus,
387 2246 471 2289 quis
507 2248 614 2290 esset,
654 2245 933 2289 quaerentibus,
970 2255 1055 2279 cum
1093 2242 1201 2278 edere
1240 2253 1375 2277 nomen
1409 2253 1517 2277 suum

29 2291 140 2326 init-io
165 2291 356 2334 noluisset,
380 2291 446 2328 sed
470 2292 587 2338 pandi
627 2293 699 2328 sibi
723 2293 822 2328 ostia
857 2292 1034 2337 iussisset,
1075 2290 1226 2326 tandem
1266 2301 1401 2325 nomen
1429 2301 1518 2335 pro-

29 2339 145 2375 fessus
170 2339 328 2376 introire
358 2341 558 2386 permissus
582 2344 621 2376 et
645 2341 693 2376 ab
722 2342 891 2388 Augusta
916 2344 1004 2375 ante
1032 2339 1195 2375 cubiculi
1220 2339 1381 2377 ianuam.
1406 2349 1516 2383 quem

28 2387 152 2424 locum
178 2388 405 2424 Aristerium
430 2389 520 2425 olim
545 2390 743 2431 vocabant,
782 2392 958 2434 exceptus
985 2391 1051 2424 est.
1117 2399 1226 2433 quem
1266 2387 1332 2422 ubi
1357 2386 1515 2421 Turcica.

29 2436 205 2472 indutum
229 2440 332 2473 vaete
358 2437 649 2494 vulneribusque
673 2439 713 2473 in
737 2449 864 2484 pugna
902 2438 1064 2483 acceptis
1098 2440 1259 2481 utroque
1299 2434 1393 2480 pede
1417 2434 1518 2470 clau-

29 2484 219 2520 dicantem
240 2485 350 2530 vidit,
375 2489 463 2522 ante
486 2487 612 2522 omnia
628 2486 675 2522 de
692 2487 919 2532 imperatore
936 2487 1157 2531 percontata
1181 2483 1287 2518 iubet
1303 2482 1515 2527 considere3

29 2545 188 2580 cumque
211 2536 334 2570 totum
358 2546 486 2570 rerum
510 2538 650 2571 statum
676 2545 885 2580 novamque
910 2534 1012 2568 illam
1029 2544 1075 2568 ex
1099 2532 1302 2577 improviso
1319 2531 1517 2567 victoriam

30 2582 268 2628 imperatoris
290 2583 538 2629 cognovisset,
561 2585 683 2630 ipsum
711 2584 823 2618 etiam
849 2583 1039 2627 captivum
1066 2591 1193 2616 coram
1218 2591 1257 2614 se
1273 2579 1435 2614 liberum
1459 2580 1514 2614 in-

29 2634 212 2675 tueretur,
235 2642 311 2666 non
335 2631 482 2674 habuit,
507 2644 582 2678 quo
620 2632 711 2667 satis
743 2630 922 2677 gaudium
963 2641 1069 2664 suum
1109 2627 1358 2674 significaret3
1382 2627 1517 2663 deinde

29 2679 140 2714 iussit
162 2678 210 2714 ad
234 2678 353 2715 lucem
378 2691 496 2726 usque
522 2692 607 2716 eum
632 2681 833 2726 quiescere,
852 2682 934 2714 tum
956 2689 1045 2713 vero
1072 2677 1224 2722 prodire
1250 2679 1287 2711 et
1312 2687 1408 2721 quae
1431 2688 1518 2712 con·

29 2727 204 2774 tigissent
242 2727 380 2774 ubique
410 2728 613 2775 divulgare.
675 2729 805 2774 itaque
829 2738 937 2762 mane
976 2726 1099 2771 surgit
1121 2735 1290 2771 equoque
1317 2735 1517 2760 conscenso

11 2775 69 2811 *in
96 2776 331 2812 Constantini
358 2776 482 2812 forum
507 2778 631 2813 evolat
656 2777 746 2822 ipsis
782 2775 856 2811 illis
882 2775 1047 2811 vestibus
1084 2773 1254 2819 insignis,
1295 2773 1516 2828 quibuscum

21 2822 127 2860 liber
167 2835 189 2859 e
238 2825 420 2861 servitute
466 2826 563 2861 miro
598 2825 709 2860 modo
746 2827 923 2860 evaserat.
999 2822 1191 2858 concurrit
1230 2822 1358 2856 statim
1397 2821 1518 2856 omnis

1 2873 173 2917 lcivitas,
195 2884 292 2918 cum,
317 2873 409 2920 quid
434 2873 505 2909 hoc
529 2874 584 2910 rei
624 2876 732 2916 esset,
770 2876 851 2908 tum
891 2872 1051 2907 maxime
1085 2881 1183 2906 nova
1218 2868 1267 2904 de
1290 2869 1516 2915 imperatore

1531 1226 1668 1262 Ρ.444
