1734 3120
185 204 266 258 256
692 211 856 255 ANNAE·
886 210 1152 256 commun

185 340 264 399 τὴν
290 336 561 395 Ἀντιόχειαν
598 337 900 392 διισχυρίζετο,
943 332 1022 379 κᾶν
1058 333 1283 392 ἐμπύρους
1319 333 1500 395 φέροιεν
1527 337 1676 393 χεῖρας

186 406 228 453 οὶ
259 409 492 465 μέλλοντες
521 403 639 463 πρὸς
658 401 792 448 αὐτόν
816 399 1159 460 οἷντιμάχεσθαι·
1189 405 1262 448 καὶ
1282 402 1439 449 ἑαυτὸν
1464 405 1544 462 μὲν
1564 400 1677 449 εἶναι

184 475 262 522 τὸν
277 480 421 521 Νῖνον
447 473 525 519 τὸν
552 471 790 531 μέγαντὸν
820 468 1056 529 Ἀσσύριον
1085 472 1158 515 καὶ
1191 469 1344 530 ὥσπερ
1374 471 1471 518 τινὰ
1501 473 1677 531 γίγαντα

184 546 319 603 μέγαν
341 545 413 588 καὶ
453 538 759 587 ἀνυπόστατον
800 542 873 586 καὶ
913 535 1057 596 ἄχθος
1093 536 1284 598 ἀρούρης
1320 539 1491 586 ἑστῶτα
1527 545 1580 603 τῇ
1610 545 1675 602 γῇ,

38 625 76 660 Ρ.
103 625 172 659 424
186 611 290 666 τοὺς
320 612 367 657 δὲ·
393 610 634 668 Ῥωμαίους
671 607 925 667 ξύμπαντας
952 606 1188 668 μύρμηκας
1227 609 1445 667 ἐλογίζετο
1476 611 1549 654 καὶ
1587 612 1714 654 τῶν5

34 673 77 710 V·
105 675 174 707 33ss
190 678 314 738 ζώων
341 679 395 724 τὰ
425 674 742 724 ἀσθενέστατα.
801 678 979 722 ἐκεῖθεν
1017 678 1065 722 δὲ
1095 681 1183 721 τῶν
1222 678 1456 734 πρέσβεων
1496 678 1679 722 ἐπανελ-

187 747 366 794 θόντων
393 749 466 792 καὶ
495 745 573 806 τὴν
603 748 682 800 τοῦ
715 747 890 790 Κελτοῦ
922 741 1141 790 οἷπόνοιαν
1161 747 1488 804 διηγησαμένων
1508 744 1680 806 πλήρης

188 815 212 861 ὁ
249 814 452 873 βασιλεὺς
488 812 676 872 ἐγεγόνει
711 816 862 871 θυμοῦ
908 814 979 858 καὶ
1026 809 1178 858 ου’κέτι
1217 811 1441 867 καθεκτὸς
1481 806 1544 875 ἦν,
1585 809 1678 858 ἄλλ’

187 880 324 944 ἤθελε
354 885 620 942 παραχρῆμα
656 882 735 943 τὴν
761 878 992 938 Ἀντιόχου
1020 884 1259 941 ἀναζητεῖν.
1324 881 1575 940 συναγαγών
1604 873 1681 925 οὖν

187 954 290 1006 τούς
320 949 696 1011 ἑλλογιμώτατους
718 953 802 996 τοῦ
835 953 1154 1008 στρατιωτικοῦ
1176 948 1420 1008 καταλόγου
1448 952 1520 994 καὶ
1541 948 1680 993 ἅπαν·
1698 959 1734 993 lc

187 1040 265 1076 τας
294 1021 397 1074 τοὺς
424 1025 501 1080 τῆς
531 1018 773 1079 συγκλήτου
813 1020 977 1078 βουλῆς
1005 1017 1169 1080 βουλὴν
1202 1019 1251 1075 ἐξ
1275 1016 1487 1063 ἁπάντων
1516 1013 1681 1080 ᾐτεῖτο.

188 1089 383 1143 ἅπαντες
413 1091 461 1134 δὲ
490 1092 724 1148 τηνικαῦτα
761 1083 964 1133 ἀνένευον
993 1085 1110 1144 πρὸς
1138 1086 1217 1147 τὴν
1255 1085 1369 1132 κατὰ
1401 1091 1481 1132 τοῦ
1518 1086 1681 1145 Ταγγρὲ

188 1161 266 1204 τοῦ
307 1154 633 1217 αὐτοκράτορος
673 1153 910 1202 οἷπέλευσιν
947 1157 1048 1201 δέον
1085 1157 1284 1214 λέγοντες
1321 1154 1544 1214 πρότερον
1578 1153 1683 1207 τοὺς

147 1233 176 1268 Β
188 1222 347 1282 ἄλλους
376 1224 750 1287 ὑποποιήσασθαι
780 1227 975 1284 κόμητας
1001 1223 1106 1278 τοὺς
1135 1223 1247 1270 κατὰ
1279 1222 1357 1278 τὰς
1374 1225 1682 1282 περικειμένας

188 1299 240 1357 τῇ
280 1291 510 1351 Ἀντιόχου
550 1292 683 1340 πόλει
721 1293 1054 1350 ἕξουσιάζοντας
1093 1294 1167 1338 καὶ
1205 1289 1341 1338 αὐτὸν
1380 1291 1433 1352 δὴ
1466 1290 1544 1338 τόν
1573 1295 1683 1351 ῥῆγα
1698 1299 1734 1331 15

185 1362 500 1421 Ἱεροσολύμων
531 1365 805 1408 Βαλδουῖνον
837 1364 909 1407 καὶ
940 1361 1023 1416 τας
1053 1360 1223 1407 τούτων
1252 1359 1427 1421 γνώμας
1455 1364 1679 1417 πειρᾶσαι,

189 1431 229 1478 εἰ
269 1435 565 1492 συνεπαρῆξαι
610 1428 861 1477 ἀπελθόντι
903 1426 1023 1491 αὐτῷ
1068 1429 1301 1488 βούλοιντο
1332 1428 1444 1475 κατὰ
1475 1433 1552 1491 τῆς
1581 1427 1681 1473 Ἁν-

189 1498 351 1556 τιόχου,
392 1501 464 1545 καὶ
494 1499 533 1545 εἰ
562 1500 642 1558 μὲν
670 1501 792 1558 γνοίη
821 1497 1007 1552 τούτους
1039 1497 1149 1544 κατὰ
1179 1501 1258 1543 τοῦ
1296 1498 1461 1557 Ταγγρὲ
1488 1496 1680 1554 ἔχοντας,

190 1567 291 1613 τότε
319 1563 634 1627 οἷποθαρρῆσαι
671 1566 750 1627 τὴν
780 1571 873 1612 κατ’
905 1563 1040 1613 αὐτοῦ
1072 1566 1255 1621 ἔλευσιν,
1289 1565 1328 1612 εἰ
1358 1567 1407 1612 δὲ
1438 1564 1511 1626 μή,
1540 1560 1684 1619 ἄλλως

189 1638 426 1695 μετελθεῖν
462 1635 517 1681 τὰ
559 1635 669 1681 κατὰ
709 1635 788 1696 τὴν
829 1632 1073 1692 Ἀντιόχου.
1150 1634 1174 1681 ὁ
1206 1636 1255 1681 δὲ
1283 1632 1572 1693 αὐτοκράτωρ
1605 1632 1685 1695 τὴν
1697 1643 1734 1679 2(

161 1703 163 1705 ’
189 1706 351 1766 βουλὴν
378 1703 538 1764 ταύτην
568 1706 802 1759 ἐπαινέσας
839 1702 994 1750 αὐτίκα
1022 1701 1434 1763 μεταπεμψάμενος
1464 1702 1684 1762 ΖΡΙανουήλ

190 1772 270 1819 τόν
300 1775 604 1833 Βουτουμίτην
635 1775 709 1818 καί
752 1791 849 1819 τινα
890 1774 1043 1832 ἕτερον
1086 1777 1165 1834 τῆς
1193 1777 1436 1833 Λατινικῆς
1472 1770 1685 1832 εἶδήμονα

328 1846 360 1880 3.
388 1849 507 1880 Νῖνον
532 1845 680 1890 scripsi:
707 1846 797 1881 νοῦν
821 1844 905 1890 ΑΡ;
944 1845 1085 1881 scilicet
1110 1845 1230 1880 Ninus
1259 1845 1358 1880 idem
1383 1855 1460 1880 esse
1485 1843 1683 1880 dicebatur

327 1896 439 1939 atque
464 1893 642 1939 Nimrod3
670 1893 716 1929 cf.
746 1905 773 1929 e.
800 1906 830 1930 c.
860 1893 996 1929 Chron.
1024 1893 1149 1939 pasch.
1179 1893 1270 1929 150.
1434 1893 1467 1928 6.
1495 1893 1614 1927 ἐκεῖσε
1642 1893 1679 1927 C.

330 1944 384 1976 11.
422 1940 556 1986 βουλὴν
589 1942 627 1982 ἐξ
656 1938 832 1978 ἁπάντων
866 1939 982 1991 ᾐτεῖτο
1011 1942 1054 1986 F,
1081 1943 1119 1981 ἐξ
1142 1937 1319 1978 ἁπάντων
1342 1938 1458 1990 ᾐτεῖτο
1484 1938 1619 1986 βουλήν
1643 1940 1684 1977 P.

330 1991 382 2025 13.
411 1991 603 2026 ἔπε’λευσιν
627 1990 662 2026 C.
740 1993 792 2027 17.
821 1988 918 2038 αὐτῷ
943 1987 1132 2035 βούλοιντο
1157 1990 1306 2036 scripsi:
1333 1987 1430 2036 αὐτῷ
1454 1986 1621 2035 βούλοιτο
1638 1989 1681 2034 F,

326 2035 492 2083 βούλοιτο
517 2036 614 2084 αὐτῷ
632 2039 671 2074 P.
735 2037 921 2087 Ἀντιόχου
939 2039 979 2083 F,
1004 2037 1221 2086 Ἀντιοχείας
1249 2039 1287 2074 P.
1386 2040 1442 2073 21.
1468 2041 1529 2073 καὶ
1554 2036 1681 2072 αὐτίκα

327 2086 367 2130 Ρ,
396 2089 456 2122 καὶ
480 2099 552 2123 om.
580 2088 622 2123 F.

192 2157 332 2194 tiochia
363 2157 591 2194 destiturum
629 2158 854 2204 affirmabat,
903 2159 1050 2195 etiamsi
1091 2159 1333 2195 mitterentur
1385 2158 1425 2193 in
1472 2169 1510 2193 se
1547 2157 1686 2193 milites

193 2206 320 2251 igneas
346 2218 478 2242 manus
502 2210 694 2253 gerentes:
729 2219 806 2244 sese
831 2207 928 2244 enim
955 2219 1133 2254 magnum
1158 2219 1235 2243 esse
1262 2206 1401 2243 Ninum
1428 2206 1621 2252 Assyrium
1651 2208 1689 2241 et

193 2255 311 2290 veluti
335 2256 556 2291 immensum
581 2256 836 2303 invictumque
862 2257 1053 2302 gigantem
1089 2268 1131 2292 ac
1167 2259 1292 2291 terrae
1331 2266 1424 2290 onus
1467 2266 1542 2290 non
1581 2265 1688 2300 posse

194 2302 345 2339 deloco
382 2303 530 2350 depelli,
569 2304 755 2341 Romanos
782 2308 909 2341 autem
949 2316 1077 2340 omnes
1118 2304 1361 2340 formicarum
1398 2303 1689 2349 animaliumque

195 2352 354 2386 maxime
379 2352 621 2388 imbecillium
648 2354 767 2389 instar
792 2366 880 2390 esse.
929 2353 1017 2388 inde
1053 2353 1192 2389 reversi
1229 2353 1345 2399 legati
1381 2363 1466 2388 cum
1502 2352 1686 2387 insaniam

196 2400 293 2435 Galli
316 2401 542 2443 retulissent,
576 2402 782 2447 imperator
808 2403 866 2438 ira
891 2413 1065 2439 accensus
1090 2402 1250 2447 amplius
1288 2401 1408 2437 teneri
1446 2411 1520 2437 non
1547 2400 1684 2446 potuit,

196 2449 286 2493 quin
311 2449 507 2486 confestim
526 2450 769 2486 Antiochiam
792 2454 985 2498 pergeret3
1011 2453 1306 2496 convocatosque
1329 2449 1378 2485 ob
1401 2449 1442 2484 id
1466 2449 1688 2495 praecipuos

196 2507 215 2530 e
239 2496 395 2532 militari
431 2498 562 2534 ordine
600 2502 862 2546 senatoresque
898 2499 1103 2543 universos,
1153 2498 1244 2544 quid
1281 2498 1475 2543 sentirent,
1525 2497 1686 2543 rogavit.

197 2555 324 2579 verum
350 2557 475 2582 omnes
501 2547 740 2592 imperatoris
764 2548 804 2583 in
830 2547 1065 2584 Tancredum
1106 2547 1384 2593 expeditionem
1422 2546 1688 2592 improbarunt

196 2591 463 2640 dixeruntque,
489 2595 593 2640 prius
618 2595 874 2632 adsciscendos
899 2599 1043 2632 ceteros
1067 2598 1235 2638 comites,
1274 2595 1340 2641 qui
1380 2595 1687 2633 circumiacentes

196 2641 417 2677 Antiochiae
442 2644 612 2679 civitates
634 2645 861 2688 obtinerent,
907 2648 1019 2691 atque
1054 2645 1177 2691 ipsum
1203 2645 1318 2680 etiam
1342 2643 1686 2689 Hierosolymorum

196 2700 320 2734 regem
336 2689 570 2737 Balduinum,
596 2703 797 2738 eorumque
822 2694 965 2729 animos
993 2693 1242 2739 experiundos
1268 2704 1355 2737 esse,
1380 2691 1515 2738 ecquid
1541 2692 1576 2727 ei
1602 2691 1686 2726 sub-

196 2738 378 2782 venirent,
405 2740 435 2774 si
463 2741 701 2776 Antiochiam
736 2744 893 2787 peteret.
943 2745 1025 2777 tum
1066 2744 1096 2778 si
1134 2753 1262 2777 omnes
1300 2743 1432 2776 contra
1454 2739 1687 2776 Tancredum
1720 2767 1722 2769 .

195 2786 466 2832 conspirarent,
519 2788 749 2825 confidenter
802 2801 886 2825 eum
940 2801 1048 2836 posse
1096 2790 1202 2825 illum
1240 2788 1406 2836 aggredi,
1458 2789 1516 2824 sin
1553 2789 1688 2832 minus,

196 2833 467 2870 Antiochenam
490 2839 784 2873 controversiam
813 2839 886 2874 alia
910 2839 1057 2874 ratione
1079 2838 1375 2885 transigendam.
1425 2836 1483 2872 his
1522 2836 1688 2872 consiliis
1718 2865 1722 2867 Α

195 2882 402 2928 imperator
427 2885 595 2929 probatis
620 2885 829 2921 Manuelem
858 2887 1077 2923 Butumiten
1104 2890 1142 2922 et
1183 2888 1297 2923 alium
1324 2885 1510 2932 quendam
1536 2885 1689 2932 linguae
1706 2885 1734 2912 ί]

1718 2973 1734 3000 5¹4.
