1806 3132
486 212 541 247 m
566 210 856 246 ALEXIADEM
885 211 1049 248 NOTAE
1426 203 1510 250 529

29 330 329 382 amputarunt.-
360 340 477 382 quae,
496 326 612 381 proh
633 326 807 381 pudor!
830 326 1171 381 reprehensibilis
1190 330 1228 370 et
1246 341 1359 372 vana
1377 329 1513 372 curio-

28 385 137 428 sitas
163 385 276 427 inter
294 383 470 427 Nobiles
487 383 566 427 huc
591 397 722 438 usque
751 384 945 438 viquerai
972 387 1011 426 ei
1035 387 1134 426 tunc
1162 384 1388 428 terminata
1414 384 1514 438 fuit.

29 441 145 495 Quae
173 440 342 496 quidem
379 452 464 483 non
507 439 730 483 minimum
773 439 992 483 illustrant
1031 440 1143 483 hunc
1172 440 1321 484 Annae
1362 441 1514 486 locum.

26 497 178 541 Nescio
223 510 278 540 an
322 496 377 540 ad
420 496 608 540 Orderici
637 495 842 552 Piyaeias
885 496 1074 552 spectent
1117 496 1193 540 illa
1217 497 1420 541 willelmi
1464 498 1515 541 de

28 553 313 609 Guignevilla,
343 553 500 597 Poetae
521 553 766 596 Vernaculi:

55 627 128 670 Au
147 626 323 683 liynolet
352 626 390 670 le
408 640 516 670 veux
539 626 747 679 cauchier,
792 625 861 669 De
890 626 957 669 las
986 626 1037 669 de
1063 627 1151 670 soie
1181 627 1408 682 desquisee‚

54 683 116 727 Et
143 697 272 727 neuve
297 683 396 726 robe
421 683 455 726 li
485 683 666 739 baillier,
792 682 963 738 Rouyes
992 687 1031 726 ei
1058 697 1151 726 vers
1179 684 1456 736 entremeslez,

55 740 112 783 Li
138 741 324 784 contoier
354 740 405 783 de
430 740 612 794 Joielles‚
793 738 869 782 Du
892 740 1142 783 cointement
1161 750 1488 785 ESPIGACHIER

57 796 125 840 De
153 797 345 840 tablettes
371 801 411 840 et
438 797 504 854 de,
527 796 746 852 coudelles‚
794 796 855 840 Le
873 811 980 839 veum
1004 797 1207 851 tovijours,
1238 801 1275 840 et
1296 797 1487 841 couchier

55 853 125 897 De
149 854 281 910 qresie
309 854 446 897 coroie
464 854 614 908 ferree,
797 853 949 896 Toutes
963 853 1022 896 les
1036 854 1136 897 nuis
1146 854 1253 897 mult
1268 854 1513 910 noblement,

54 910 117 954 Et
145 911 196 954 de
225 911 374 954 bow-se
398 910 634 965 papdotde,
793 909 855 952 Et
885 910 917 953 li
941 911 1062 964 faire
1089 924 1168 954 son
1197 911 1412 954 aisement,

27 983 89 1027 At
118 984 228 1027 unde
255 983 538 1040 Piyaciarum
569 996 648 1027 vox
682 983 735 1026 iis
764 983 914 1027 seculis
935 984 1108 1028 inducta
1137 984 1205 1037 sit,
1245 984 1381 1028 fateor
1409 984 1515 1027 nihil

26 1041 132 1084 mihi
161 1053 388 1094 occurrere,
416 1042 466 1084 ut
495 1041 536 1084 et
564 1053 693 1096 quare
723 1041 833 1096 apud
849 1040 1083 1084 Martinum
1101 1041 1151 1084 de
1165 1040 1515 1085 Bosco-Gualteri

25 1097 69 1140 in
100 1098 190 1141 vita
215 1098 266 1140 B.
299 1097 461 1141 Mariae
491 1098 541 1141 de
565 1097 764 1141 Malliaco
796 1097 992 1140 dicantur
1032 1098 1237 1141 eiusmodi
1281 1098 1515 1142 calceorum

25 1155 162 1198 rostra
191 1154 448 1198 Poulainiae
477 1154 680 1198 vocabulo
723 1154 848 1197 istius
878 1154 1053 1198 Autoris
1094 1167 1209 1208 aevo,
1255 1155 1332 1198 hoc
1375 1156 1438 1198 est
1469 1154 1513 1198 G.

25 1211 77 1255 A.
107 1221 279 1255 Moch.
307 1211 553 1255 innotuisse.
625 1210 695 1255 Sic
733 1224 830 1254 vero
876 1211 948 1254 ille
978 1211 1167 1267 Scriptor
1209 1224 1297 1267 cap.
1318 1212 1356 1254 5.
1387 1211 1424 1267 ξ.
1445 1212 1512 1254 36.

24 1267 81 1311 In
103 1268 193 1312 illis
221 1268 367 1312 diebus
393 1268 554 1311 nobiles
593 1271 632 1310 et
650 1271 846 1322 potentes
871 1267 994 1311 illam
1035 1269 1288 1312 sotularium
1332 1269 1515 1312 acutiam

25 1324 328 1381 lonyissimam‚
361 1339 488 1380 quam
514 1324 792 1368 Poulainiam
821 1325 1038 1380 vocabant,
1062 1326 1237 1379 penitus
1263 1329 1511 1379 contempse-

23 1385 148 1425 runt.-
183 1383 297 1425 inter
326 1396 428 1437 quos
455 1381 589 1425 Miles
619 1382 792 1437 quidam
824 1382 1093 1437 Re'yinaldus
1121 1383 1300 1434 nomine,
1341 1382 1446 1425 tibia
1476 1385 1514 1425 et

15 1439 128 1493 pede
150 1440 368 1493 protensis
396 1438 519 1482 illam
547 1453 575 1482 a
614 1438 875 1482 sotularibus
915 1440 1006 1482 suis
1049 1440 1266 1493 amputari
1305 1439 1511 1492 permisit,

22 1495 155 1539 voluit
183 1499 223 1539 et
258 1496 503 1550 praecepit.-
538 1499 577 1538 et
606 1495 678 1539 hoc
708 1496 756 1538 in
784 1496 905 1540 domo
933 1495 1137 1551 Reqinae,
1175 1500 1223 1539 ut
1255 1496 1428 1539 caeteris
1465 1496 1513 1538 in

16 1556 236 1607 posterum
264 1553 470 1596 transiret
498 1553 546 1595 in
574 1553 821 1607 exemplum.

23 1665 39 1708 l
159 1607 436 1709 ζξοῖίσαλος]
498 1609 688 1664 Idipsum
735 1610 930 1653 observat
976 1608 1227 1653 Guillelmus
1270 1608 1751 1663 ApuliensisPag.141.A

43 1677 116 1709 oco
145 1679 183 1709 cl
206 1679 231 1710 a
253 1679 290 1710 o.
1104 1699 1106 1701 -

157 1722 406 1779 Σαλαβρία]
450 1723 519 1767 Ita
548 1723 687 1766 dictus
716 1722 938 1766 recentiori
968 1734 1069 1765 aevo
1102 1722 1276 1766 Peneus.
1316 1722 1554 1766 Eustath.B

24 1779 79 1822 ad
105 1780 278 1836 Dionys.
318 1777 511 1836 Πήνειος
550 1776 574 1823 ὁ
615 1781 691 1822 νῦν
719 1778 966 1835 Σαλαβρίας
1003 1774 1282 1834 καλούμενος.
1343 1779 1512 1822 Tzetzes

27 1835 135 1880 Chil.
158 1837 197 1880 9.
230 1849 318 1892 cap.
340 1838 435 1881 280.

215 1904 307 1947 Καὶ
326 1903 584 1961 Σαλαμβρία
603 1904 708 1961 παρ’
730 1899 885 1956 αὗτοῖς
902 1899 1148 1960 βαρβάροις
1170 1899 1378 1954 ἰδιώταις.

163 1965 333 2027 Οὗζᾶς]
369 1974 477 2018 Usas
498 1974 565 2017 vel
585 1974 695 2017 Usus
726 1987 751 2017 a
781 1974 906 2028 gente
940 1974 982 2016 et
1002 1973 1183 2029 natione,
1213 1971 1353 2026 inquit
1372 1970 1509 2024 Anna,
1524 1973 1612 2020 Pag.
1628 1973 1745 2011 1420

25 2041 176 2072 nomen
203 2030 393 2073 sortitus.
461 2029 570 2074 Sunt
602 2043 699 2074 vero
732 2031 809 2074 Usi
849 2030 1035 2085 Scythici
1068 2028 1211 2084 populi
1242 2029 1283 2071 et
1311 2028 1512 2081 Hunnici,

26 2085 267 2130 Patzinacis
297 2088 339 2130 et
380 2087 544 2142 generis
584 2087 844 2142 praestantia
883 2088 925 2130 et
961 2085 1234 2129 multitudine
1264 2084 1376 2128 haud
1405 2084 1513 2127 infe-

24 2142 167 2195 riores,
198 2143 314 2187 Husi
350 2143 590 2187 Raimundo
628 2144 679 2187 de
705 2143 855 2199 Ayiles
903 2143 944 2186 et
974 2141 1198 2186 Tudebodo
1228 2141 1300 2185 lib.
1322 2142 1361 2184 2.
1396 2141 1511 2183 dicti.

25 2199 88 2242 De
116 2200 182 2242 his
211 2201 347 2256 agunt
376 2201 558 2244 Zonaras
589 2201 634 2243 in
664 2199 807 2243 Const.
838 2201 958 2243 Duca
987 2200 1028 2243 et
1057 2199 1246 2242 Romano
1267 2197 1390 2253 Diog.
1409 2197 1514 2253 Scy-

24 2254 144 2299 litzes
172 2256 217 2299 in
246 2257 522 2301 Monomaeho
568 2258 609 2301 et
655 2257 795 2301 Const.
840 2257 972 2309 Duce,
1020 2249 1418 2310 Porphyrogenneta
1462 2253 1512 2296 de

24 2311 150 2357 Adm.
188 2313 297 2369 Imp.
335 2326 424 2369 cap.
453 2315 492 2357 9.
524 2314 591 2358 10.
622 2314 664 2357 et
694 2314 762 2356 37.
809 2313 977 2356 Tzetzes
1014 2311 1120 2355 Chil.
1142 2312 1180 2355 8.
1214 2323 1303 2365 cap.
1333 2311 1429 2354 224.
1469 2310 1512 2353 et

25 2369 151 2412 Anna
181 2383 278 2426 pag.
303 2371 395 2414 170.
426 2371 521 2414 201.

165 2421 218 2469 Οἱ
247 2422 326 2482 γὰρ
357 2425 558 2479 Σικελοί]
610 2428 673 2470 De
715 2426 951 2471 Siculorum
995 2423 1227 2467 defectione
1270 2436 1295 2466 a
1341 2421 1509 2466 Graecis
1522 2424 1742 2471 Pag.143.D

25 2483 162 2537 agunt
191 2483 406 2538 Scylitzes,
461 2484 643 2527 Zonaras
684 2485 726 2526 et
754 2483 983 2525 Malaterra
1011 2481 1083 2523 lib.
1109 2481 1145 2522 l.
1173 2493 1261 2534 cap.
1281 2479 1319 2522 7.
1350 2479 1391 2522 et
1422 2492 1507 2534 seq.

159 2538 340 2598 Μιχαὴλ
367 2540 433 2597 τῷ
468 2539 644 2597 Ψέλλῳ]
698 2540 760 2582 De
802 2538 1006 2581 Michaele
1049 2536 1187 2579 Psello
1234 2535 1508 2578 consulendus
1522 2540 1611 2587 Pag.
1628 2539 1749 2575 144.ss

26 2596 194 2639 omnino
222 2597 288 2640 vir
317 2597 494 2640 diffusae
535 2597 728 2640 lectionis
758 2596 839 2638 Leo
869 2594 1057 2637 Allatius
1093 2593 1138 2635 in
1167 2592 1242 2635 issa
1273 2591 1437 2635 erudita
1468 2593 1509 2634 et

25 2652 161 2706 ubere,
191 2666 318 2708 quam
348 2653 398 2696 de
427 2654 577 2697 Psellis
602 2653 802 2705 instituit,
842 2650 1146 2703 dissertatione,
1187 2649 1345 2692 Romae
1381 2648 1507 2701 edita,

25 2708 75 2751 ut
101 2709 149 2751 in
174 2709 372 2753 Diatriba
401 2710 451 2753 de
481 2710 759 2754 Simeonibus.

161 2769 270 2823 Ναῷ
295 2766 375 2809 τοῦ
406 2763 588 2821 Κύρου]
640 2765 776 2808 Aedes
805 2763 933 2807 Sacra
963 2762 1180 2817 Deiparaa
1212 2761 1310 2818 Cyri
1338 2761 1453 2804 dicta
1482 2764 1548 2804 ac

27 2821 241 2866 conditore
282 2822 388 2880 Cyro
432 2823 610 2867 Consule
655 2823 696 2866 et
740 2820 956 2864 Praefecto
999 2819 1230 2872 Praetorio,
1276 2818 1507 2862 Theodosio

160 2906 277 2945 Anna
302 2906 496 2946 Gomnena.
542 2906 602 2945 Π.
1194 2903 1242 2940 34
