1780 3138
509 222 775 257 ALEXIADIS
804 222 900 256 LIB.
928 222 1014 256 XII.
1048 216 1084 256 4.
1462 216 1542 256 147

49 336 105 382 τὰ
132 339 271 396 βαρέα
297 340 389 382 τῶν
416 335 643 394 σωμάτιον
675 337 753 381 ἐπὶ
788 337 947 393 κέντρα
984 337 1179 396 φέρεται,
1213 335 1335 382 οὕτω
1379 338 1432 398 δὴ
1472 342 1545 385 καί-

49 406 244 462 ἅπαντες
280 405 398 464 πρὸς
423 401 560 451 αὗτόν
588 406 795 466 ἐφοίτων
856 401 982 462 ἄκρὶς
1016 423 1100 462 μεν
1138 423 1221 451 ουν
1259 406 1312 452 οὗ
1350 407 1545 470 προηγή-

49 493 160 521 σατο
189 479 281 521 τῶν
300 477 486 520 Κελτῶν
504 475 758 531 καθαπερεὶ
787 477 918 518 τῶν
904 471 1129 532 πρότερον
1164 474 1460 522 διελθόντων·
1502 479 1547 522 ἕν

51 541 225 604 ουρανῷ
243 546 293 590 δὲ
307 541 502 603 κομήτης
521 541 661 603 ἐφάνη
679 543 815 601 μέγας
831 544 905 588 καὶ
924 547 1015 588 τῶν
1034 542 1177 590 πάλαι
1190 547 1418 605 φανέντων
1434 547 1459 591 ὃ
1470 547 1548 603 μέ-

794 607 822 625 ²-

13 625 209 674 5γιστος,
231 632 285 658 ον
302 631 345 659 οι
366 614 448 670 μὲν
467 614 634 665 δοκίδα,
654 629 698 657 οι
717 614 757 657 δ’
777 613 985 657 ακοντίαν
1006 611 1179 673 ἔφασαν
1196 610 1320 661 εἶναι.
1352 614 1444 660 ἔδει
1460 614 1545 697 γὰρ

49 686 140 727 τῶν
157 681 412 740 μελλόντων
423 684 706 741 καινισθῆναι
727 682 1020 738 ξενοπρεπῶν
1039 680 1312 740 πραγμάτιον
1329 683 1549 741 προοίμιά

49 769 146 797 τινα
165 747 569 810 προκαταγγελτικά
596 746 769 794 τούτων
796 753 1046 810 μηνυθῆναι
1066 745 1270 802 ‹ivm-93„
1302 754 1376 797 καὶ
1394 751 1475 810 γὰρ
1495 745 1551 812 ἧν
1564 755 1593 790 Β

50 823 212 865 τοῦτον
239 822 444 865 θεᾶσθαι
476 819 554 863 ἐπὶ
587 814 915 874 τεσσαράκοντα
947 820 1245 878 νυχθημέροις
1280 818 1402 874 ὅλοις
1431 839 1553 878 παμ-

52 889 291 948 φαίνοντα·
335 885 544 947 ἐφαίνετο
576 886 627 930 δὲ
654 880 748 930 dmi
776 888 868 929 τῶν
896 887 1087 931 δυτικῶν
1124 891 1275 945 μερῶν
1315 887 1444 945 ἕξιιιῗν
1479 890 1551 934 καὶ

0 964 40 998 10
52 954 170 1014 πρὸς
197 951 416 1009 ἇνατολάς
443 953 570 1014 ἡλίου
597 952 774 999 διίκων.
844 950 895 1000 ὃν
921 951 962 999 οἳ
991 952 1216 1012 θεώμενοι
1260 954 1454 1011 ἅπαντες
1484 958 1554 1002 ἑκ-

53 1021 394 1081 δειματοῦμενοι
422 1020 618 1081 ἐζήτουν,
652 1023 787 1067 τίνων
817 1021 842 1068 ὁ
870 1019 1009 1084 ἆστήρ
1041 1018 1224 1083 ἷίγγελός
1253 1025 1385 1070 ἐστιν.
1449 1023 1474 1069 ὁ
1506 1027 1554 1070 δὲ

52 1088 338 1150 αὐτοκράτωρ
367 1091 480 1150 μηδὲ
509 1088 628 1135 πάνυ
658 1095 757 1145 τοῖς
785 1090 1010 1146 τοιούτοις
1038 1093 1286 1150 προσέχων,
1329 1087 1440 1138 ἄλλα
1459 1096 1555 1154 ’φυ-

53 1164 181 1220 σικῆς
210 1177 331 1214 τινος
375 1160 648 1219 ἐξηρτῆσθαι
690 1157 746 1203 τὰ
774 1163 959 1205 τοιαῦτα
1000 1158 1146 1214 αἷτίας
1186 1160 1395 1219 δοξάζων,
1432 1160 1555 1219 ὅμως

53 1246 206 1287 ηρωτα
239 1245 347 1281 τους
384 1228 492 1285 περὶ
525 1226 610 1272 τὰ
622 1231 807 1273 τοιαῦτα
836 1227 1029 1283 δεινούς·
1065 1228 1477 1287 μεταπεμψάμενος
1506 1231 1554 1275 δὲ

0 1307 40 1342 15
53 1298 126 1342 καὶ
154 1297 233 1342 τὸν
252 1300 332 1359 τῆς
346 1297 560 1353 ἐπαρχίας
573 1301 654 1342 τοῦ
671 1302 737 1342 Bt
741 1298 914 1354 ζαντίου
932 1296 1013 1357 τὴν
1026 1298 1151 1354 ἀξίαν
1165 1296 1324 1357 πρώην
1339 1296 1555 1359 εἰληφότα

56 1367 293 1412 Βασίλειον
322 1362 459 1425 (ανὴρ
489 1366 538 1410 δὲ
558 1383 691 1419 ουτος
717 1365 889 1426 πολλην
917 1365 997 1427 τὴν
1016 1368 1123 1425 περὶ
1143 1366 1222 1412 τὸν
1245 1363 1595 1425 αυτοκράτοραῦ

55 1452 232 1480 ευνοιαν
257 1432 603 1491 ἐνδεικνύμενος)
634 1436 742 1492 περὶ
779 1438 860 1480 τοῦ
896 1436 1112 1496 φανέντος
1140 1432 1326 1494 αστὲρος
1355 1435 1556 1481 ἐπυνθά-

56 1521 171 1549 νετο.
229 1501 255 1548 ὁ
283 1504 333 1548 δὲ
363 1503 409 1556 ἐς
446 1504 589 1548 νέωτα
627 1501 840 1562 φυλάξειν
876 1504 1165 1563 ἐπηγγείλατο
1203 1503 1284 1563 τὴν
1316 1500 1557 1562 ἀπόκρισιν

53 1574 128 1617 καὶ
171 1567 392 1616 ἀπελθών
434 1563 487 1616 οὗ
531 1573 714 1617 κατέλυε
760 1573 963 1629 (τέμενος
1007 1573 1056 1618 δὲ
1094 1577 1228 1618 τοῦτο
1268 1574 1339 1618 ἐπ’
1372 1569 1557 1631 ὀνόματι

0 1645 134 1686 20τοῦ
162 1637 475 1699 εὔαγγελιστοῦ
495 1635 697 1685 Ἰωάννου
726 1638 866 1686 πάλαι
896 1638 1282 1700 ἄνοικοδομηθέν),
1308 1643 1408 1687 ἐπεὶ
1439 1641 1557 1700 πρὸς

54 1708 225 1767 δυσμὰς
255 1708 280 1755 ὃ
311 1708 434 1769 ἣλιος
464 1701 527 1769 ἦν,
561 1708 854 1767 περιεσκόπει
884 1708 966 1755 τὸν
993 1706 1169 1767 ἀστέρα.
1215 1712 1556 1770 διαπορουμένῳ

53 1778 103 1823 δὲ
132 1779 206 1822 καὶ
234 1776 419 1835 καμόντι
448 1781 547 1831 τοῖς
566 1779 797 1836 λογισμοῖς
816 1777 1020 1822 ὑπνῶσαι
1049 1775 1313 1838 ξυμβεβήκει
1341 1780 1415 1823 καὶ
1439 1796 1559 1837 τηνι-

195 1874 226 1906 l.
255 1873 393 1927 κέντρῳ
420 1871 466 1906 A.
565 1872 598 1907 6.
625 1870 865 1917 ξενοπρεπῶν
877 1871 921 1915 F,
944 1871 1234 1917 ξενοπρεπῶςΡ.
1332 1872 1367 1906 8.
1393 1871 1558 1906 θεᾶσθαι

192 1919 237 1962 F,
262 1915 479 1955 θεάσασθαι
504 1919 546 1955 Ρ.
690 1922 935 1976 νιχθηαέροις
963 1918 1003 1964 Ρ,
1027 1920 1189 1956 correxi.
1332 1918 1473 1977 ἡμέρας
1498 1922 1559 1954 καὶ

191 1964 324 2007 νύκτας
351 1965 445 2006 ὅλως
462 1967 508 2003 A
657 1970 714 2005 15.
738 1966 806 2003 τὸν
829 1966 871 2010 C,
898 1979 971 2003 om.
989 1967 1029 2004 P.
1114 1968 1273 2024 βυζωτοῦ
1292 1968 1336 2003 Α.
1430 1966 1497 2012 τὴν
1513 1968 1559 2007 Α.

191 2028 267 2054 om.
280 2016 321 2052 P.
373 2012 502 2072 πρώην
516 2015 588 2061 FC,
615 2012 817 2062 πρώτηνΡ.
916 2018 975 2052 20.
1001 2012 1214 2051 ἀποστόλου
1238 2013 1500 2063 ευαγγελισιοῦ
1515 2017 1558 2052 F.

192 2066 251 2101 22.
276 2060 498 2113 ξυμβεβὴκει
526 2065 569 2105 A,
596 2065 830 2112 ξυμβέβηκεν
854 2065 899 2108 F,
926 2066 1133 2113 ξυμβέβηκε
1157 2065 1198 2100 Ρ.

58 2164 195 2199 porum
233 2156 382 2200 petunt,
420 2152 586 2199 undique
622 2152 831 2188 confluunt.
899 2152 1094 2188 Gallorum
1131 2156 1225 2189 tunc
1264 2152 1447 2189 adventus
1485 2164 1561 2188 non

58 2202 245 2247 praeiens,
269 2205 315 2237 ut
339 2204 462 2247 antea,
479 2202 626 2237 locusta
642 2202 784 2237 indicio
809 2201 896 2243 fuit,
922 2201 987 2237 aed
1010 2202 1051 2237 in
1067 2201 1174 2238 caelo
1191 2213 1377 2247 apparens
1401 2204 1562 2237 cometes

59 2261 218 2296 magnus
245 2251 305 2286 vel
330 2251 459 2296 potius
484 2250 664 2294 omnium,
693 2251 759 2297 qui
789 2250 882 2285 olim
906 2251 978 2286 viai
1002 2254 1101 2294 sunt,
1126 2251 1323 2293 maximus,
1358 2261 1471 2296 quem
1497 2250 1562 2285 alii

60 2298 107 2334 ad
120 2310 239 2345 genua
257 2299 472 2340 trabalium,
488 2298 556 2334 alii
571 2310 662 2335 vero
687 2298 910 2335 iacularium
928 2300 1119 2345 pertinere
1140 2299 1429 2335 contendebant.
1455 2310 1563 2344 opor-

60 2348 138 2382 tuit
159 2348 260 2384 enim
285 2359 384 2383 nova
408 2351 522 2394 atque
561 2347 716 2383 insolita
747 2359 842 2394 quae
867 2351 1051 2383 eventura
1088 2351 1197 2383 erant
1235 2347 1458 2383 caelestibus
1482 2347 1563 2393 qui-

0 2426 3 2428 .
62 2396 222 2432 busdam
263 2396 415 2432 iudiciis
453 2397 726 2442 praenuntiari.
790 2408 878 2432 nam
913 2396 1031 2432 oculis
1068 2396 1132 2431 ille
1170 2396 1279 2442 pleno
1315 2396 1458 2431 lumine
1486 2407 1564 2431 sese

61 2445 268 2490 praebebat
295 2444 549 2491 quadraginta
566 2445 715 2481 dierum
740 2446 984 2491 noctiumque
1014 2445 1137 2490 spatio
1170 2449 1283 2490 atque
1322 2445 1370 2480 ab
1396 2443 1562 2480 occiduis

61 2494 236 2539 partibus
259 2498 367 2529 ortus
393 2494 431 2528 in
458 2494 644 2529 orientem
679 2493 798 2529 solem
822 2493 1016 2529 tendebat.
1084 2505 1158 2538 quo
1196 2494 1276 2528 viso
1310 2492 1563 2539 obstupefacti

62 2552 202 2587 omnes,
239 2542 347 2578 cuius
386 2542 451 2577 ille
485 2542 544 2577 rei
582 2542 736 2578 afferret
775 2542 965 2586 nuntium,
993 2541 1293 2578 sciscitabantur.
1354 2543 1565 2587 imperator

62 2601 164 2674 330,
189 2591 262 2646 etsi
286 2591 428 2674 talitllilus
445 2590 729 2674 rebpssmffme
745 2590 934 2674 adzdictmz3
956 2590 1021 2625 sed
1036 2589 1274 2674 nggnralibus
1291 2601 1356 2645 ena
1372 2589 1563 2645 assignan-

156 2651 277 2674 causxs
301 2650 345 2674 ra
390 2651 407 2674 s
469 2650 525 2675 eri
568 2651 586 2675 s
656 2650 741 2674 men
799 2650 871 2674 unc
936 2650 1058 2674 musm
1110 2650 1123 2673 ι
1160 2649 1288 2674 rernm
1319 2649 1423 2674 mos
1497 2650 1563 2673 uin

0 2683 13 2737 ’,ς
64 2687 180 2722 etiam
209 2667 429 2723 arcaesitmii
442 2651 503 2723 lad
527 2699 566 2722 ae
590 2687 786 2733 Basiliam,
815 2687 988 2733 Byzantii
1023 2687 1264 2732 praefectura
1296 2667 1433 2733 nuper,
1450 2650 1562 2722 dgna-

63 2738 159 2780 tum,
183 2747 295 2782 quem
327 2736 550 2782 imperatori
586 2737 749 2772 maxime
789 2735 961 2771 deditum
1002 2747 1080 2770 esse
1118 2735 1327 2780 constabat,
1367 2746 1411 2770 ea
1449 2735 1496 2770 de
1521 2746 1563 2770 re

63 2784 264 2820 consuluit.
312 2784 377 2820 ille
402 2785 576 2831 proximo
610 2784 673 2820 die
698 2796 737 2820 se
761 2795 1029 2829 responsurum
1061 2794 1140 2819 esse
1175 2783 1275 2819 dixit
1301 2787 1341 2819 et
1365 2786 1406 2820 in
1430 2783 1566 2826 locum,

66 2832 132 2868 ubi
157 2833 382 2877 deverterat,
406 2844 577 2869 reversus
604 2832 803 2878 (templum
826 2832 867 2867 id
892 2832 967 2868 fuit
992 2833 1032 2867 in
1054 2831 1241 2867 honorem
1265 2831 1416 2868 Ioannis
1455 2843 1566 2867 evan-

17 2898 19 2903 .
66 2881 221 2928 galiatae
257 2881 350 2917 olim
393 2884 627 2927 extructum)
666 2884 753 2927 post
800 2881 889 2916 solis
937 2892 1111 2916 occasum
1149 2884 1294 2916 astrum
1332 2880 1563 2916 intuebatur.
