1768 3152
184 226 237 267 58
692 225 857 261 ANNAE
888 214 1155 258 COMNENA'E

183 343 376 409 κήρυκες,
418 341 626 401 καθάπερ
663 341 776 386 ποτὲ
816 338 867 383 τὸ
902 334 1164 397 Ἑλληνικόν,
1211 332 1404 390 τούτους
1453 332 1679 393 βοόωντες

141 414 379 475 Βέρήτυον,
413 409 504 459 ἄλλ’
535 410 777 469 {naveh-ml
806 411 995 467 γενναῖοι
1025 404 1209 450 ὁπλῖται
1241 402 1283 450 οἱ
1312 401 1491 459 τούτοις
1510 402 1677 465 ἐφεπό-

182 502 309 543 μενοι
335 487 431 536 τοῖς
459 485 539 527 τοῦ
569 474 894 537 αὐτοκράτορος
925 472 1215 532 κελεύσμασιν
1256 472 1459 519 ὑπείκειν
1494 469 1676 519 οἷνέπει-

183 558 283 599 θον.
340 548 525 603 τούτους
551 549 599 594 δὲ
631 547 654 593 ὁ
684 546 895 604 βασιλεῦς
924 541 1198 601 βουλόμενος
1230 540 1322 588 ὑπὸ
1352 540 1432 587 τὸν
1459 544 1540 588 τοῦ
1571 547 1611 586 Γ
1607 560 1676 588 ον-

182 621 322 682 τοφρέ·
379 615 614 666 συνελάσαι
670 614 802 673 ὅρκον
854 613 1126 673 διῃρημένως
1198 612 1524 669 προσεκαλεῖτο
1557 673 1561 676 .
1586 609 1714 671 ἶδίᾳὸ

182 690 482 747 προσομιλῶν,
515 685 623 731 ἅττα
650 685 724 730 καὶ
751 681 972 741 βούλοιτο,
1014 682 1087 727 καὶ
1114 685 1212 734 τοῖς
1253 676 1680 739 εὐγνωμονεστέρας

183 759 410 816 χριόμενος
437 759 677 813 μεσασταῖς
704 756 793 797 τῶν
824 752 1179 808 ἆπειθεστέρων.
1238 751 1340 795 ἐπεὶ
1367 750 1406 795 δ’
1445 745 1526 795 οὖκ
1557 749 1681 795 ἐπεί·-

184 833 326 873 θοντο
372 824 452 885 τὴν
490 828 570 869 τοῦ
615 820 894 880 Βαϊμούντου
936 822 1285 877 καραδοκοῦντες
1334 817 1520 874 ἔλευσιν,
1567 813 1680 863 α’λλοὶ

1405 881 1429 899 31

185 896 414 948 ποικίλους
457 890 651 950 τρόπους
679 889 952 949 εὑρίσκοντες
990 886 1254 948 ἐξαιτήσεων
1279 883 1371 933 ἶίλΐ
1400 905 1510 933 αττα
1539 904 1680 946 προσ-

146 968 475 1017 Οαπαιτοῦντες
507 955 626 1021 ἦσαν,
661 959 684 1004 ὃ
714 957 919 1018 βασιλεὺς
945 958 997 1003 τὸ
1030 959 1139 1016 παρ’
1173 953 1321 1003 αὐτῶν
1347 957 1680 1014 προτιθέμενον
1695 964 1740 998 10

186 1037 324 1095 ῥᾷστα
354 1029 543 1077 διαλύων
571 1031 643 1074 καὶ
674 1029 899 1082 παντοίως
927 1025 1115 1081 τούτους
1156 1023 1395 1085 μετελθών
1435 1023 1681 1085 συνήλασεν

186 1103 250 1157 εἷς
291 1099 369 1146 τὸν
409 1102 489 1145 τοῦ
533 1099 760 1158 Ιόντοφρὲ
804 1096 937 1156 ὅρκον
979 1092 1396 1154 μεταπεμψάμενος
1436 1094 1510 1139 καὶ
1544 1089 1682 1139 αὗτὸν

185 1167 281 1217 dm}
312 1172 396 1215 τοῦ
426 1168 680 1213 Πελεκάνου
711 1167 787 1212 ἐπὶ
815 1169 879 1226 τῷ
911 1170 1118 1223 παρεῖναι
1151 1167 1232 1210 τοῦ
1256 1162 1392 1222 ὅρκου
1411 1163 1679 1221 τελουμένου

186 1237 456 1286 διαπόντιον.
512 1238 693 1282 πάντων
723 1227 799 1281 οὖν
832 1232 1202 1294 συνεληλυθότων
1239 1233 1313 1278 καὶ
1347 1228 1484 1278 αὐτοῦ
1515 1230 1568 1292 δὴ
1599 1234 1681 1277 τοῦ

734 1304 746 1320 t

185 1308 424 1369 Ιοντοφρέ,
471 1307 571 1352 ἐπεὶ
614 1306 686 1351 καὶ
724 1324 748 1350 ο
790 1303 922 1363 ὅρκος
963 1299 1044 1364 ἤδη
1084 1304 1314 1349 τετέλεστο
1361 1300 1453 1347 ὑπὸ
1499 1299 1682 1347 πάντων
1697 1308 1740 1344 15

184 1381 274 1422 τῶν
317 1373 532 1437 κομήτων,
570 1373 791 1435 τολμήσας
827 1392 894 1427 τις
924 1369 1099 1434 εὖγενὴς
1128 1371 1195 1426 εἷς·
1234 1370 1314 1417 τὸν
1342 1372 1571 1429 σκίμποδα
1600 1374 1681 1417 τοῦ

184 1446 401 1503 βασιλέως
430 1441 650 1489 ἐκάθισεν.
709 1441 733 1488 ὁ
764 1444 812 1488 δὲ
850 1440 1061 1499 βασιλεύς
1102 1436 1297 1502 ἠνείχετο
1343 1438 1505 1485 τούτου
1546 1441 1682 1500 μηδέν

141 1524 227 1560 Du
273 1512 591 1574 φθεγξάμενος,
638 1510 777 1558 πάλαι
812 1509 891 1573 τὴν
934 1506 1156 1569 ἀγέρωχον
1185 1513 1275 1554 τῶν
1304 1510 1518 1558 Λατίνων
1547 1506 1683 1570 φύσιν

187 1581 326 1637 εἰδώς.
374 1579 645 1640 προσελθών
674 1582 722 1626 δὲ
767 1579 790 1625 ὃ
834 1579 975 1639 κόμης
1010 1581 1286 1632 Βαλὸουῖνος
1329 1579 1402 1623 καὶ
1447 1576 1683 1636 ἁψάμενος

186 1652 324 1696 αὖτοῦ
353 1654 431 1710 τῆς
457 1651 605 1708 χειρός
635 1644 803 1711 ἤγειρεν
834 1649 1011 1694 ἐκεῖθεν
1054 1650 1126 1694 καὶ
1156 1645 1304 1693 πολλὰ
1333 1644 1682 1705 καταμεμψάμε-
1693 1652 1743 1688 20

188 1738 261 1774 νος
293 1719 380 1780 ἔφη
414 1714 528 1764 ((οὖκ
560 1720 658 1780 ἐξῆν
692 1735 761 1764 σοι
796 1721 1000 1762 τοιοῦτον
1021 1717 1221 1762 ἐνταῦθα
1252 1719 1443 1778 ποιῆσαι
1483 1716 1684 1761 δουλείαν

187 1793 250 1848 τῷ
278 1790 452 1846 βασιλεῖ
480 1789 553 1832 καὶ
583 1791 719 1832 ταῦτα
749 1785 1062 1846 ὑποσχομένῳ·
1110 1782 1212 1831 οὐδὲ
1256 1783 1336 1844 γὰρ
1385 1784 1551 1843 ἔθιμον
1585 1788 1684 1838 τοῖς

321 1861 354 1895 3.
380 1855 627 1905 κελεύσμασιν
653 1858 724 1905 FC,
749 1854 973 1906 κελεύμασιν
997 1857 1072 1894 PA.
1229 1859 1262 1893 4.
1290 1852 1439 1896 τούτους
1464 1855 1507 1891 δὲ
1532 1854 1553 1891 ὁ
1579 1860 1684 1901 βασι-

321 1905 401 1946 λεὺς
427 1903 653 1955 βουλόμενος
668 1908 711 1954 F,
742 1903 966 1954 βουλόμενος
992 1907 1034 1942 δὲ
1059 1903 1207 1946 τούτους
1231 1904 1251 1942 ὁ
1270 1903 1441 1951 βασιλεὺς
1456 1904 1534 1941 PA.
1617 1902 1685 1941 τὸν

320 1957 364 2000 A,
389 1957 462 1992 τῶν
474 1955 513 1992 P.
612 1958 646 1991 5.
673 1953 785 2003 ὅρκον
802 1956 882 1999 FA,
908 1953 1031 2000 ὅρκων
1045 1956 1084 1992 Ρ.
1169 1958 1205 1991 7.
1236 1955 1270 1990 δ’
1286 1954 1330 1998 Α,
1356 1954 1399 1990 δὲ
1414 1953 1456 1990 P·
1540 1954 1574 1989 9.
1602 1967 1683 1989 ποι·

320 2007 440 2044 κίλους
464 2005 509 2049 A,
535 2007 714 2041 ποικίλων
738 2005 779 2040 Ρ.
929 2001 1065 2040 zimara
1091 2005 1133 2046 F,
1169 2002 1247 2039 ἀλλ’
1276 2002 1366 2039 ἅττα
1391 2003 1433 2045 Ρ,
1459 1998 1552 2038 ἄλλά
1575 2014 1614 2038 τε
1636 2002 1682 2038 Α.

323 2055 377 2090 11.
406 2049 566 2089 διανύων
575 2053 618 2089 A.
722 2055 776 2090 14.
799 2050 1099 2099 συνεληλυθότων
1114 2054 1193 2098 FA,
1213 2048 1473 2089 συνελθόντων
1484 2051 1526 2088 Ρ.
1627 2052 1683 2088 15.

319 2105 506 2138 τετέλεστο
521 2099 593 2138 ὑπὸ
607 2098 760 2139 πάντων
771 2103 845 2138 τῶν
855 2101 1039 2151 κομήτων,
1049 2099 1238 2151 τολμήσας
1251 2115 1305 2142 τις
1317 2100 1469 2148 scripsi:
1483 2101 1684 2145 τετέλεστο,

320 2148 507 2198 τολμήσας
523 2164 576 2190 τις
587 2148 663 2186 ἀπὸ
679 2147 829 2188 πάντων
842 2152 915 2188 τῶν
930 2166 1001 2199 κομ
1009 2149 1105 2196 ήτων
1130 2151 1208 2187 ΡΑ.
1276 2152 1334 2187 22.
1362 2150 1515 2197 ἔντιμον
1525 2161 1573 2185 m.
1589 2150 1622 2184 2.
1640 2148 1683 2185 G.

182 2219 229 2256 ,ut
269 2215 359 2251 olim
402 2216 571 2256 Graecos,
615 2229 747 2252 novem
790 2229 851 2253 eos
893 2230 1093 2264 praecones
1126 2217 1289 2254 clamore
1319 2218 1579 2261 coercuerunt,
1621 2214 1685 2251 sed

186 2263 320 2300 idonea
362 2264 517 2300 fortium
561 2265 723 2301 militum
774 2267 893 2312 copia,
932 2267 997 2313 qui
1049 2278 1110 2303 eos
1157 2266 1422 2312 sequebantur,
1472 2264 1601 2309 suasit,
1642 2267 1686 2300 ut

187 2313 424 2358 imperatoris
449 2314 558 2349 iussis
581 2314 812 2350 oboedirent.
864 2316 940 2351 iam
965 2316 1175 2362 imperator
1201 2315 1258 2351 ad·
1274 2312 1472 2351 Gotofredi
1497 2314 1684 2348 iuramen-

188 2365 269 2397 tum
295 2373 358 2397 eos
381 2362 621 2408 impulsurus,
646 2366 842 2409 postquam
871 2365 1037 2410 singulos
1062 2364 1110 2400 ad
1136 2376 1173 2399 se
1192 2375 1358 2400 seorsum
1374 2362 1534 2407 vocavit,
1560 2361 1680 2398 otiose

189 2421 272 2446 cum
288 2410 334 2445 iis
348 2410 526 2446 disseruit
541 2411 799 2458 facilioresque
813 2412 858 2447 ad
876 2413 1046 2448 duriores
1061 2412 1265 2449 flectendos
1279 2411 1464 2448 adhibuit.
1493 2421 1576 2447 cum
1594 2422 1683 2446 vero

190 2458 394 2494 Boemundi
420 2459 620 2495 adventum
634 2464 872 2506 expectantes
898 2462 1053 2508 obsequi
1080 2462 1236 2507 nollent,
1268 2461 1331 2497 sed
1349 2459 1551 2496 excusandi
1573 2470 1685 2495 causa

189 2507 308 2542 multa
320 2509 589 2553 excogitarent,
603 2520 697 2554 quae
722 2510 769 2544 ab
794 2510 1022 2555 imperatore
1043 2514 1229 2556 peterent,
1254 2510 1286 2546 is
1300 2509 1473 2546 celeriter
1498 2507 1685 2555 quidquid

191 2555 417 2591 simulabant
449 2557 598 2592 disiecit
631 2557 819 2604 variisque
845 2570 905 2594 eos
942 2559 1062 2595 modis
1101 2570 1298 2606 aggressus
1321 2557 1474 2594 tandem
1500 2557 1547 2592 ad
1571 2556 1685 2593 Goto-

190 2603 287 2639 fredi
311 2605 563 2641 iuramentum
590 2605 718 2652 adegit
735 2608 911 2642 arcessito
937 2607 1007 2643 hoc
1033 2609 1114 2653 ipso
1139 2620 1161 2644 a
1185 2607 1376 2651 Pelecano,
1412 2610 1456 2642 ut
1479 2605 1685 2641 iuramenti

189 2652 400 2688 celebritati
427 2654 633 2689 interesset.
669 2655 796 2701 itaque
813 2656 986 2691 omnibus
1003 2668 1086 2692 cum
1106 2657 1187 2702 ipso
1203 2655 1410 2693 Gotofredo
1433 2654 1684 2702 cong-regatis,

190 2701 255 2736 ubi
282 2701 338 2736 ius
362 2702 560 2738 iurandum
584 2703 630 2738 ab
651 2704 824 2739 omnibus
837 2705 1036 2740 comitibus
1055 2705 1127 2740 iam
1149 2705 1279 2741 datum
1299 2707 1365 2749 est,
1379 2703 1519 2740 nobilis
1532 2702 1686 2749 quidam

190 2750 229 2784 in
259 2749 499 2795 imperatoris
525 2751 614 2786 sella
639 2751 766 2787 sedere
792 2764 902 2788 ausus
927 2757 999 2799 est3
1031 2765 1191 2800 cumque
1221 2755 1431 2799 imperator
1460 2751 1684 2788 iamdudum

190 2798 352 2843 superba
377 2797 597 2834 Latinorum
625 2803 760 2836 natura
799 2805 993 2847 perspecta
1018 2802 1114 2837 nihil
1138 2806 1271 2839 contra
1298 2802 1452 2847 diceret,
1479 2799 1684 2836 Balduinus

190 2857 312 2882 comes
338 2847 493 2882 accessit
523 2860 709 2894 manuque
746 2850 971 2894 prehensum
1005 2851 1183 2887 excitavit
1216 2863 1259 2887 ac
1289 2851 1452 2886 multum
1478 2850 1684 2896 obiurgans

192 2894 304 2931 “Tibi
330 2896 443 2933 vero”
483 2896 608 2942 inquit
643 2899 865 2944 “postquam
890 2899 1109 2936 servitutem
1134 2899 1358 2946 imperatori
1383 2898 1605 2946 promisisti,
1630 2897 1686 2934 ita
