1806 3132
249 479 276 514 C

245 811 278 847 D

246 979 279 1015 D

286 227 368 271 560
800 231 977 267 CARom
1004 230 1243 266 DUCANGII

288 364 452 396 caesum
494 348 620 392 refert
659 359 799 390 mense
840 346 1048 390 Giumada
1089 345 1171 388 An.
1214 345 1321 400 Heg.
1356 353 1639 390 GDLXXXVII.
1673 343 1768 389 Chr.

287 417 645 517 ΜΧΟΝΤαπάρη]
691 460 928 512 Sultanum,
962 460 1033 515 qui
1063 472 1109 502 eo
1137 471 1238 502 aevo
1267 458 1346 501 hac
1380 458 1592 513 gaudebat
1629 457 1771 514 digni-

287 522 390 576 tate,
440 519 625 563 Tutusae
672 517 845 560 fratrem
896 516 1273 568 Gielaluddaulam‚
1323 527 1395 558 seu
1445 514 1769 567 Gelaloldulum,

289 575 565 633 cognomento
592 574 833 625 MaIcosam,
877 573 943 616 vel
973 573 1175 624 Melicsai,
1213 571 1415 626 appellari
1453 572 1507 614 ab
1538 571 1769 623 Elmacino,

288 635 392 733 iamt
404 646 530 732 stra
559 630 715 730 mfflleil’
769 630 957 729 {mindf
984 630 1097 728 hatud
1126 628 1351 729 sfflundse
1385 627 1594 682 Taparem
1615 628 1772 727 ‘conge-

289 704 372 734 cer1
456 702 553 732 nna.
707 700 766 729 ee·
810 701 848 739 a,
883 700 931 730 ve
979 699 1030 741 po
1054 699 1118 729 lus
1204 699 1304 728 eec—
1339 699 1366 728 a
1394 697 1627 740 nuncupan
1656 699 1699 728 v]
1730 697 1771 727 e—

288 748 359 790 tur
387 747 440 790 ab
470 745 669 788 Aithono.

423 796 691 857 Ἀναιρεῖται
720 798 767 842 df}
800 793 956 850 αὐτός]
1000 799 1176 843 Caesum
1206 798 1375 854 perinde
1406 798 1447 841 et
1476 798 1658 841 deletum
1690 799 1772 842 Ta-

290 859 531 916 geoldulum
561 871 584 901 a
615 857 878 900 Beleiarocco
927 870 973 899 ex
1018 856 1148 899 fratre
1192 856 1340 910 nepote
1381 855 1515 898 tradit
1555 855 1666 899 idem
1701 855 1772 898 El-

291 917 496 967 Macinus,
526 927 665 957 mense
695 913 841 957 Safaro
872 913 924 955 A.
955 914 1062 968 Heg.
1094 922 1397 970 GDLXXXVIII.
1430 911 1526 955 Chr.
1558 922 1706 956 MXCV.

431 968 495 1014 Τὰ
526 966 734 1014 Ναυάτου
766 966 943 1027 φυσῶν]
990 970 1112 1012 Anna
1154 969 1226 1012 lib.
1251 970 1316 1012 10.
1352 969 1402 1011 de
1438 969 1620 1024 Hugone
1639 969 1772 1012 Vero-

291 1029 568 1073 manduorum
600 1027 761 1070 Comite
790 1039 888 1082 pag.
907 1028 1001 1069 288.
1044 1026 1200 1083 φυσῶν
1237 1022 1292 1067 τὰ
1331 1020 1556 1077 Ναυάτου,’
1590 1026 1668 1069 1106
1697 1026 1770 1080 est,

290 1086 363 1141 qui
407 1086 541 1128 instar
582 1084 741 1127 Novati
784 1084 900 1126 illius
947 1083 1273 1126 Haeresiarchae
1319 1082 1508 1125 tumidus
1551 1083 1771 1138 gestiebat.

288 1143 480 1186 Novatus
525 1141 648 1194 enim,
682 1140 754 1196 qui
782 1154 805 1183 a
839 1139 1008 1184 Graecis
1052 1139 1334 1195 Scriptoribus
1368 1135 1571 1190 Ναυάτος
1615 1139 1772 1194 passim

287 1199 552 1255 indigitatur,
589 1211 613 1240 a
646 1197 697 1240 D.
730 1196 937 1252 Cypriane
978 1197 1110 1251 Epist.
1140 1197 1208 1239 49.
1239 1196 1492 1251 arroyomtia
1527 1200 1566 1239 et
1603 1200 1774 1250 stupore

286 1256 457 1354 supergri
500 1254 675 1320 tumoris
720 1254 903 1318 imbutus
924 1253 1073 1354 bfuisse
1113 1253 1282 1353 dicitur.
1355 1252 1423 1352 Sit?
1459 1253 1774 1352 113.*}J‹)jf1ati5a{umi

287 1313 939 1422 {235²023720033332r2235f13503.
979 1323 1119 1422 5312?
1145 1323 1234 1410 a?
1271 1322 1562 1432 liff’avaffiss
1585 1322 1772 1421 '1210'121231

204 1427 208 1431 '
288 1425 500 1482 λογισμοῦ
543 1422 763 1482 φυσίωσιν
797 1424 838 1467 et
867 1425 945 1482 τῆς
975 1424 1120 1481 ψυχῆς
1161 1419 1487 1480 ὑπερηφανειαν
1525 1423 1774 1478 perstringi-

47 1941 142 1988 Pag.
155 1944 231 1979 180.
243 1943 275 1979 A

250 2512 276 2547 C

289 1483 359 1525 tur
401 1482 529 1525 etiam
575 1482 627 1524 ab
658 1481 835 1524 Eusebio
862 1481 936 1524 lib.
956 1482 995 1523 6.
1027 1481 1140 1523 Hist.
1169 1480 1282 1524 Eccl.
1313 1493 1402 1535 cap.
1421 1481 1489 1523 35.
1549 1480 1700 1523 Niceta
1728 1479 1774 1521 in

289 1540 409 1582 Thes.
445 1538 563 1582 Orth.
595 1537 686 1580 Fid.
717 1537 789 1580 lib.
811 1537 850 1580 4.
882 1538 1054 1581 Haeres.
1077 1538 1144 1580 27.
1175 1538 1216 1580 et
1247 1537 1482 1592 Nicephoro
1506 1536 1610 1580 Call.
1641 1537 1714 1580 lib.
1731 1537 1771 1578 6.

289 1609 378 1651 cap.
400 1596 439 1638 5.
498 1595 700 1638 Omnibus
730 1607 855 1649 prope
884 1593 1118 1638 Haereticis
1150 1595 1383 1637 communis
1412 1594 1496 1636 fuit
1524 1593 1701 1637 ambitio
1731 1593 1773 1635 et

288 1652 544 1707 arrogantia,
578 1651 744 1706 qualem
771 1651 896 1694 Anna
930 1651 998 1694 hic
1031 1651 1075 1693 in
1106 1651 1275 1694 Novato
1308 1651 1462 1705 carpit:
1494 1664 1636 1694 omues
1663 1650 1775 1693 euim

288 1712 457 1762 tument,
498 1708 638 1763 inquit
669 1708 956 1751 Tertullianus
995 1708 1045 1750 de
1076 1708 1327 1763 Praescript.
1362 1709 1404 1750 et
1434 1707 1476 1751 S.
1506 1707 1773 1762 Augustinus

288 1766 359 1809 lib.
380 1766 418 1808 5.
452 1766 598 1815 contra
629 1765 833 1807 Faustum
864 1777 953 1820 cap.
976 1765 1013 1808 7.
1054 1765 1329 1808 Haeretieurn
1357 1764 1531 1819 typhum
1559 1768 1598 1807 et
1624 1763 1774 1807 intole-

289 1822 466 1866 rabilem
491 1821 733 1875 superbiam
761 1821 951 1877 sugillat.
1020 1821 1088 1864 Ita
1119 1822 1326 1871 Donatus,
1355 1821 1515 1865 Novati
1545 1820 1702 1864 assecla
1733 1820 1774 1862 et

289 1879 426 1932 simia,
456 1878 590 1921 fastus
621 1878 662 1921 et
682 1878 950 1933 arrogantiae
971 1878 1167 1934 arguitur
1190 1879 1243 1922 ab
1260 1878 1416 1933 Optato
1434 1878 1613 1921 Milevit.
1642 1878 1715 1920 lib.
1732 1877 1771 1919 3.

420 1934 598 1989 Σολυμᾶ
627 1931 705 1977 δύο
737 1930 872 1990 υἱεῖς]
906 1935 1183 1991 Solymannos
1204 1935 1306 1978 duos
1323 1935 1403 1977 hac
1417 1935 1507 1990 ipsa
1525 1933 1774 1989 tempestate

288 1992 525 2048 agnoscunt
556 1991 799 2046 Scriptores.
843 1992 965 2035 Prior
984 1992 1139 2035 Niceae
1159 1992 1372 2046 Princeps,
1404 1991 1478 2046 qui
1497 1990 1771 2034 Antiochiam

289 2049 410 2104 cepit,
439 2048 564 2092 Vetus
594 2048 817 2092 Tudebodo
851 2061 946 2104 pag.
971 2049 1065 2092 783.
1098 2049 1265 2104 dicitur,
1305 2048 1360 2092 ad
1399 2049 1622 2091 discrimen
1652 2047 1774 2102 Soly-

287 2106 431 2148 manni
464 2105 658 2158 Iunioris,
691 2106 843 2148 veteris
876 2105 967 2158 filii,
1013 2107 1131 2149 cuius
1174 2105 1480 2161 primogenitus
1516 2105 1648 2148 frater
1690 2104 1773 2146 fuit

289 2161 576 2214 Cliziasthlan,
608 2162 681 2216 qui
699 2162 901 2205 Nicaeam
926 2162 1172 2217 occupavit:
1206 2175 1334 2218 quam
1354 2162 1501 2206 urbem
1517 2161 1772 2217 Solymanno

287 2218 411 2261 fratri
433 2217 773 2262 Cliziasthlanem
804 2219 972 2262 cessisse
998 2232 1075 2274 par
1105 2219 1166 2262 est
1188 2219 1351 2262 credere
1379 2218 1421 2261 in
1445 2219 1609 2274 partem
1627 2218 1772 2260 haere-

287 2275 435 2318 ditatis
454 2276 665 2329 paternae,
686 2276 896 2319 reservata
926 2276 1006 2319 sibi
1018 2276 1239 2332 Lycaonia,
1273 2275 1339 2319 vel
1356 2274 1632 2331 Cappadocia.
1661 2274 1773 2317 Nam

289 2332 329 2374 et
357 2332 542 2386 tempore
571 2332 832 2387 expugnatae
872 2345 897 2375 a
942 2333 1095 2376 nostris
1141 2333 1322 2376 Nic-aeae
1366 2333 1459 2375 urbi
1502 2330 1773 2386 imperitabat

289 2387 580 2443 Solymannu8‚
613 2388 887 2432 Cliziasthlan
933 2402 1029 2432 vero
1060 2389 1293 2445 Lycaoniae
1337 2389 1378 2432 et
1419 2388 1626 2433 Iconiensi
1664 2387 1771 2430 urbi.

289 2444 395 2487 Vide
423 2445 591 2488 Annam
623 2458 718 2500 pag.
740 2446 837 2488 318.
1463 2483 1465 2485 .

421 2496 700 2557 Ἐξαζπολον]
731 2502 912 2557 Reponit
942 2503 1145 2558 interpres
1179 2499 1419 2557 ἕξώπυλον.
1479 2502 1525 2546 Si
1551 2502 1614 2545 ita
1642 2514 1685 2544 se
1708 2513 1772 2543 res

289 2557 426 2610 habet,
457 2557 537 2600 erit
564 2553 791 2611 ἑξώπυλον
820 2561 941 2613 porta
970 2560 1156 2614 exterior,
1187 2561 1252 2603 uti
1283 2559 1518 2615 appellatur
1549 2559 1602 2602 ab
1630 2558 1772 2601 Hove-

289 2613 392 2656 deno
419 2626 514 2682 pag.
538 2616 632 2658 736.
665 2628 771 2670 quae
792 2616 920 2659 etiam
941 2629 965 2659 a
987 2615 1156 2660 Graecis
1177 2616 1478 2661 recentioribus
1514 2610 1774 2669 ἑξώπορτον

289 2670 330 2712 et
361 2670 592 2727 ξωπορτης
622 2672 790 2715 dicitur.
850 2673 1007 2716 Verum
1042 2673 1147 2716 nihil
1179 2675 1258 2718 hoc
1286 2674 1388 2716 ·loco
1425 2673 1580 2716 temere
1618 2672 1773 2714 immu-

290 2726 486 2770 tandum:
547 2728 609 2771 est
651 2729 758 2771 enim
805 2724 1033 2782 ἐξώπολον
1076 2726 1099 2773 ὁ
1143 2728 1317 2784 ἔξωθεν
1345 2729 1424 2772 τοῦ
1459 2725 1662 2783 κάστρου,
1701 2740 1772 2770 seu

290 2779 479 2836 πόλεως,
512 2779 689 2835 κύκλος;
733 2785 812 2828 1106
850 2787 924 2838 est,
963 2787 1079 2830 extra
1114 2789 1260 2831 urbem
1303 2786 1496 2842 munitm,
1527 2799 1600 2829 seu
1628 2796 1772 2828 murus

292 2839 480 2895 exterior,
533 2841 695 2883 Latinis
738 2840 1013 2888 Autemurale
1060 2844 1102 2887 et
1144 2843 1452 2897 Barbeoomum‚
1495 2842 1771 2898 nuncupatus.
