1806 3132
501 236 556 270 m
583 236 871 272 mmm
902 238 1065 273 NOTAE
1436 235 1517 278 691

47 347 181 403 Epist.
225 347 281 392 ad
309 348 614 393 Antiochenses
647 346 727 402 τὰς
754 346 985 402 διακόνους
1011 352 1183 396 salutat.
1242 354 1323 398 Sed
1361 357 1404 399 et
1440 370 1527 401 me-

47 405 174 448 minit
203 405 481 449 Theodoritus
515 406 590 450 lib.
614 408 679 450 13.
711 420 800 462 cap.
826 408 889 451 14.
924 408 1112 452 mulieris
1146 410 1302 464 pietate
1336 412 1525 468 insignis,

44 461 128 561 si
154 462 237 561 1:35.
259 460 489 562 {rme
512 455 756 563 issue
783 462 1062 564 '‘w‘'rffff‘
1108 467 1150 508 ‘³‘
1173 467 1365 566 2412138
1408 482 1525 513 ³²⁰0

46 574 89 618 S.
115 531 334 639 Eutbygmii
361 533 543 640 matre&
569 576 624 620 ab
654 533 1528 635 3313anefitgnehgziaffipisdopo1ogglsi1331n

44 632 135 674 tam
161 630 290 674 fuisse
318 631 609 676 Diaconissam
637 634 761 676 autor
790 635 853 676 aet
884 633 1063 689 Cyrillus
1092 634 1136 676 in
1171 635 1352 679 eiusdem
1369 637 1529 694 Euthy-

48 688 122 730 mii
151 688 240 731 vita
269 700 319 732 ca
349 721 360 731 .
383 689 421 732 1.
453 689 509 732 N.
527 690 567 733 5.
626 690 822 733 Aliarum
851 690 1008 733 mentio
1041 691 1104 733 est
1151 692 1260 746 apud
1292 691 1526 748 Crispinum

45 744 91 786 in
120 745 210 787 vita
240 743 283 788 S.
347 745 528 788 arthenii
558 746 695 800 Episc.
726 746 942 802 Lampsac.
973 759 1063 802 cap.
1085 749 1124 789 2.
1154 747 1208 790 N.
1232 749 1297 791 17.
1338 749 1526 792 Marcum

46 801 91 843 in
120 801 211 844 vita
244 800 288 845 S.
319 801 405 844 Por
431 802 542 857 hyrii
564 803 699 857 Episc.
721 802 919 846 Gazensis
949 815 1040 858 cap.
1064 804 1129 846 12.
1159 802 1212 847 N.
1234 806 1326 848 102.
1367 805 1528 849 Minis-

47 861 139 900 tras
167 871 194 901 a
222 858 370 912 primis
429 858 648 902 hristianis
684 860 891 902 vocitatas
941 861 1064 903 autor
1104 861 1167 903 est
1208 861 1335 904 etiam
1365 861 1528 905 Plinius

45 913 120 957 lib.
148 915 214 957 10.
244 914 379 970 Epist.
399 915 468 958 97.
499 915 613 971 quod
638 916 810 967 scilicet,
840 917 889 959 ut
911 916 1088 959 Diaconi
1108 916 1320 972 Episcopis
1349 920 1391 961 et
1408 918 1529 961 Pres-

46 970 204 1026 byteris
232 970 422 1024 aderant,
453 984 537 1027 quo
565 972 618 1014 iis
647 972 792 1016 divina
830 972 1125 1028 exequentibus
1158 973 1296 1016 officia
1326 975 1528 1018 navarent

46 1039 227 1082 operam,
256 1027 320 1071 ita
338 1027 439 1072 illae
467 1028 513 1071 in
538 1029 669 1072 sacris
693 1029 938 1072 ministeriis
966 1042 1014 1072 ea
1043 1029 1215 1072 obibant
1244 1030 1400 1083 munia,
1423 1043 1528 1086 quae

48 1083 227 1127 Diaconi
254 1083 337 1139 ipsi
365 1084 483 1128 salvo
511 1085 680 1140 pudore,
712 1085 779 1128 vel
813 1086 939 1129 etiam
970 1086 1124 1140 absque
1163 1086 1398 1129 offensionis
1427 1088 1527 1130 nota

45 1153 243 1196 peragere
271 1153 356 1184 non
387 1142 592 1197 poterant,
632 1142 677 1184 in
706 1142 856 1185 officiis
889 1142 1145 1197 praesertim,
1188 1156 1293 1198 quae
1335 1143 1527 1186 mulieres

46 1197 656 1309 ffissibfffffssnffgffbssxffiis}
677 1198 991 1298 ἔέᾀῖἒᾞὲίῗ
1021 1199 1270 1299 Ρὲἳωὲῗῖὶι
1291 1200 1526 1299 mm*

46 1311 193 1365 Apost.
222 1310 297 1354 lib.
317 1312 358 1354 3.
389 1324 479 1367 cap.
500 1313 568 1356 15.
602 1313 644 1354 et
689 1312 800 1366 apud
830 1289 1110 1366 Epiphaniam
1136 1312 1264 1355 Haer.
1287 1313 1354 1355 79.
1398 1312 1463 1355 vel
1490 1311 1526 1354 si

46 1366 190 1410 divino
219 1366 489 1412 instruendae
516 1369 641 1412 verbo
672 1369 806 1421 erant,
838 1369 903 1411 vel
933 1368 1141 1411 docendae
1170 1368 1350 1411 rusticae
1378 1369 1420 1411 et
1446 1368 1527 1411 im-

45 1424 203 1478 peritae
230 1423 439 1479 mulieres,
471 1438 553 1481 quo
582 1426 768 1480 tempore
808 1425 1083 1480 baptizandae
1114 1425 1224 1476 sunt,
1264 1424 1444 1480 qualiter
1484 1425 1526 1467 et

44 1480 299 1535 baptizatori
339 1481 649 1536 responderent,
687 1483 730 1525 et
764 1482 932 1536 accepto
965 1481 1218 1536 baptismate
1245 1481 1435 1535 deinceps
1462 1480 1526 1522 vi-

45 1538 204 1589 verent,
249 1538 298 1580 ut
338 1539 403 1581 est
435 1538 482 1581 in
513 1537 670 1582 Canon.
698 1538 892 1582 Arabicis
925 1536 1100 1581 Concilii
1130 1537 1305 1580 Nicaeni
1338 1536 1438 1580 Can.
1458 1537 1525 1579 74.

45 1595 89 1637 et
113 1594 157 1636 in
190 1593 358 1649 Synodo
379 1593 580 1651 Carthag.
601 1595 676 1638 IV.
706 1591 806 1638 Can.
831 1596 895 1637 12.
940 1594 1061 1638 Unde
1089 1594 1131 1636 et
1150 1607 1175 1636 a
1195 1594 1246 1636 D.
1268 1593 1522 1648 Hieronymo

45 1650 244 1693 dicuntur
273 1651 321 1693 in
347 1664 424 1694 suo
453 1665 558 1694 sexu
585 1652 848 1694 minsstrasse
878 1650 1146 1694 Diaconissae
1173 1651 1221 1693 in
1236 1649 1458 1703 Baptismo
1487 1652 1526 1691 et

43 1708 280 1751 ministerio
298 1708 434 1758 verbi3
454 1708 567 1763 quod
585 1709 627 1751 et
645 1708 796 1751 docent
814 1708 1026 1762 praeterea
1047 1706 1223 1749 Novella
1245 1705 1470 1748 Iustiniani
1484 1706 1524 1747 6.

45 1777 151 1863 calpii
155 1764 195 1807 6.
225 1764 281 1829 et·
297 1764 474 1808 Ioannes
493 1765 688 1864 Mcffilius
717 1765 762 1807 in
781 1764 911 1862 Prssm
923 1762 1097 1861 tSslzfflssn
1116 1761 1366 1861 Σεέἒέᾶῖῐᾶἱῖἰ
1386 1760 1525 1859 ἰιξιᾶιὲἑ

45 1834 88 1863 m
152 1832 240 1863 eres
268 1833 284 1863 1
383 1854 395 1871 ‚
428 1833 524 1864 cum
633 1833 800 1864 sacrum
869 1833 893 1862 a
942 1833 958 1862 1
1357 1850 1367 1868 ‚

45 1889 213 1932 prorsus
256 1833 402 1932 fss3
441 1877 555 1933 quod
597 1879 808 1932 praeterea
846 1833 1027 1919 testatur
1051 1875 1101 1917 D.
1133 1873 1449 1930 Chrysostomus
1479 1873 1522 1914 in

45 1933 237 1989 Epistola
265 1933 319 1977 ad
347 1934 642 1977 Innocentium
675 1934 759 1976 PP.
791 1945 896 1988 quae
924 1932 968 1974 in
1006 1931 1095 1973 vita
1124 1931 1253 1984 ipsius
1282 1943 1307 1972 a
1331 1928 1522 1972 Palladio

45 1990 281 2045 conscripta
317 1989 489 2046 legitur,
530 1990 806 2044 firmaturque
842 2002 888 2032 ex
924 1987 1108 2031 Concilio
1139 1984 1523 2049 Constantinopoli-

44 2048 146 2090 tano
166 2047 244 2090 sub
261 2046 417 2090 Menna
435 2046 533 2090 Act.
550 2048 589 2090 5.
615 2060 711 2102 pag.
732 2047 824 2088 751.
858 2044 967 2087 Edit.
994 2044 1115 2086 1618.
1145 2043 1188 2085 in
1216 2054 1297 2097 quo
1313 2041 1520 2085 obiectum

45 2103 172 2146 Petro
202 2103 502 2160 Alexandrino,
531 2103 642 2159 quod
675 2116 770 2145 cum
800 2101 935 2144 Maria
967 2099 1147 2155 quadam
1188 2098 1298 2141 nuda
1334 2098 1377 2140 in
1411 2097 1523 2161 Bap-

45 2159 270 2212 tisterium,
299 2160 544 2215 priusquam
574 2160 651 2202 illa
675 2158 971 2213 baptizaretur,
1010 2157 1220 2210 ingressus
1247 2154 1365 2204 efflet,
1395 2151 1522 2217 ¹¹¹¹.H.¹‘

47 2229 129 2271 que
154 2215 230 2259 alii
258 2216 499 2260 introeundi
541 2217 787 2259 facultatem
826 2213 1102 2256 concessisset.
1164 2210 1282 2254 Unde
1325 2208 1519 2263 proclivis

45 2273 110 2315 aet
138 2272 391 2325 coniectura,
421 2274 471 2316 ut
497 2273 580 2316 viri
605 2286 629 2315 a
650 2271 845 2314 Diaconis
865 2270 909 2312 in
934 2282 1027 2311 eum
1050 2267 1170 2310 finem
1190 2265 1520 2314 denudabantur,

46 2329 95 2372 ut
124 2329 250 2372 autor
278 2330 342 2373 est
369 2329 597 2385 Dionysius
627 2327 883 2382 Areopagita
926 2327 968 2368 et
989 2323 1215 2379 Gregorius
1235 2321 1521 2386 Nazianzenus

47 2384 165 2429 Orat.
190 2386 260 2429 40.
299 2385 351 2429 de
379 2386 444 2429 Ba
473 2386 613 2437 tismo,
652 2385 714 2427 ita
752 2382 1007 2433 mulieribu8‚
1036 2392 1142 2434 quae
1170 2391 1340 2422 seorsrm
1366 2390 1391 2419 a
1420 2387 1521 2441 rins

44 2441 383 2497 baptizabantur,
447 2442 557 2498 quod
601 2441 761 2483 indicat
790 2438 901 2482 Ordo
931 2437 1143 2480 Romanus
1185 2436 1227 2478 et
1258 2433 1521 2488 Augustinus

45 2498 119 2541 lib.
139 2499 208 2541 22.
238 2498 289 2542 de
318 2498 445 2542 civit.
476 2498 554 2541 Dei
583 2510 672 2552 cap.
693 2495 752 2551 8.)
790 2494 1054 2537 Diaconissas
1091 2492 1134 2534 in
1165 2503 1307 2534 earum
1335 2487 1521 2551 denuda-

46 2554 163 2598 tione
185 2555 459 2599 ministrasse.
515 2554 677 2597 Habita
708 2554 850 2594 tamen
879 2550 931 2593 iis
962 2549 1006 2591 in
1045 2546 1314 2591 caeremoniis
1352 2544 1520 2609 pudoris

45 2611 156 2654 ratio
186 2612 268 2655 oet:
311 2625 423 2663 nam,
453 2612 502 2654 ut
526 2611 650 2653 autor
690 2610 751 2651 est
776 2606 962 2650 Clemens
996 2605 1069 2647 lib.
1093 2605 1133 2645 3.
1169 2615 1258 2657 cap.
1285 2602 1346 2644 16.
1383 2611 1519 2664 v01rum

46 2667 101 2710 ad
146 2667 413 2722 Baptismum
473 2667 705 2710 venientem
756 2662 984 2717 excipiebat
1032 2660 1253 2723 Diaconus,
1275 2656 1519 2722 ”mullerem

48 2723 312 2767 Diaconissa:
356 2725 424 2767 cui
464 2724 678 2779 propterea
722 2721 844 2762 istius
886 2717 1016 2772 partis
1061 2715 1316 2770 Baptisteru,
1354 2725 1397 2755 1n
1439 2723 1521 2766 qua

47 2780 373 2835 baptizabantur
396 2780 604 2830 mulieres,
634 2777 770 2820 claves
810 2773 1053 2817 commissae
1084 2771 1215 2837 erant,
1242 2770 1290 2834 ut
1319 2769 1382 2811 aet
1412 2766 1520 2837 apud

47 2837 240 2880 eumdem
269 2836 523 2892 Scriptorem
553 2835 626 2878 lib.
647 2835 688 2876 8.
717 2845 806 2887 cap.
828 2832 895 2874 28.
927 2830 1055 2884 atque
1090 2827 1188 2870 inde
1215 2826 1425 2869 Diaconae
1456 2822 1522 2865 di-
