1734 3120
155 217 238 260 394
708 228 855 261 PETRI
885 226 1081 261 Possmr

155 344 310 387 dicitur
338 342 446 386 libra
478 343 612 396 serici,
643 355 725 386 non
765 343 940 385 sericum
984 354 1286 397 quemcumque
1327 354 1526 395 pannum,
1571 342 1641 384 sed

155 401 281 444 simul
310 400 518 443 blatteum
547 400 625 446 hoc
656 401 718 442 est
746 412 996 453 purpureum
1029 398 1227 453 intelligi.
1278 398 1342 439 uti
1373 399 1414 440 et
1443 411 1537 440 cum
1571 399 1641 441 fila

154 458 353 500 dicuntur
383 469 485 499 auro
516 457 693 511 pensari,
725 456 797 499 fila
827 455 1076 511 bombycina
1108 467 1228 498 60660
1250 455 1385 497 tincta
1416 455 1641 509 cogitanda

154 515 266 558 sunt.
326 514 428 556 adeo
458 514 560 556 haec
590 527 667 555 usu
702 514 743 555 et
775 513 907 567 pretio
939 513 1161 554 coniuncta
1201 512 1311 554 vices
1350 511 1429 554 sibi
1460 511 1638 554 invicem

154 572 208 615 ad
239 572 433 614 mutuam
462 570 813 625 significationem
842 569 1070 624 praestant.
1131 569 1280 623 Itaque
1317 569 1358 610 et
1388 568 1513 622 paulo
1545 569 1642 611 ante

156 642 249 671 61110
282 627 388 670 dixit
410 627 611 682 Vopiscus
641 627 774 669 idem:
812 630 961 669 vestem
996 625 1271 668 holosericam
1303 639 1432 680 neque
1472 625 1564 678 ¹lpse
1597 625 1642 667 in

154 685 350 728 vestiario
379 698 453 727 suo
483 684 654 727 habuit.-
683 697 816 737 ucque
845 683 970 726 alteri
999 683 1198 725 utendam
1219 682 1461 733 6061011011
1495 695 1644 736 quam-

155 755 332 796 cumque
361 741 481 792 for‚te
511 740 581 783 sed
610 754 862 795 pur·p1ueam
893 739 1162 795 significavit,
1193 740 1241 781 ut
1271 739 1391 781 tanto
1422 739 1644 781 cohaeren-

155 799 241 842 tius
268 798 467 853 sequatur
487 797 598 853 quod
628 798 773 840 statim
796 797 924 839 infert
940 797 990 839 de
1010 797 1163 851 negato
1185 796 1302 838 uxori
1322 795 1450 850 pallio
1471 795 1643 846 blatteo,

155 870 201 900 ex
231 855 460 898 holoserico
490 867 695 909 purpureo
727 854 933 897 videlicet.
985 853 1064 896 Sed
1095 866 1317 908 pergamus
1339 852 1524 905 exempla
1545 852 1644 895 (1616

156 912 402 955 coniunctae
432 911 656 954 mentionis
685 911 836 954 coloris
875 911 915 953 et
959 911 1076 953 texti.
1147 910 1197 952 In
1245 909 1395 952 Codice
1441 908 1644 951 Theodos

157 971 237 1025 leg.
269 979 407 1012 XVIII.
435 968 503 1010 tit
535 968 585 1010 de
616 968 881 1023 Murilegulis
907 967 978 1032 qui
1009 968 1071 1009 est
1101 967 1375 1009 XX.lib1iX.
1436 965 1646 1019 Quoniam

158 1029 364 1069 trecentas
387 1039 495 1079 pene
515 1025 649 1068 libras
668 1025 824 1068 blattae
842 1025 1001 1067 sericae
1027 1024 1291 1067 claudestina
1317 1024 1544 1078 fucatione,
1566 1023 1643 1065 etc.

157 1085 207 1126 In
238 1082 387 1125 Codice
417 1081 642 1124 Iustiniani
686 1082 957 1124 sericoblatta
1009 1094 1091 1124 uno
1126 1080 1328 1124 vocabulo
1359 1080 1530 1135 legitur.
1591 1080 1645 1121 Et

157 1140 259 1183 alibi
289 1152 408 1193 saepe
439 1139 595 1182 similia
627 1138 766 1181 videre
796 1139 870 1190 est,
902 1152 1000 1181 nam
1033 1138 1102 1180 hic
1141 1138 1227 1180 iam
1268 1150 1399 1192 aequo
1437 1137 1647 1192 longiores

157 1209 313 1240 sumus.
371 1196 484 1238 Hinc
517 1195 674 1238 factum
710 1196 756 1237 ut
785 1196 874 1238 sola
905 1195 1114 1238 mentione
1145 1194 1295 1238 coloris
1327 1193 1524 1249 purpurei
1567 1206 1646 1235 usu

156 1253 287 1296 tacito
317 1252 471 1295 sericae
500 1252 702 1295 materiae
731 1252 884 1306 species
914 1252 1183 1295 indicaretur.
1257 1251 1418 1294 Narrat
1460 1263 1552 1293 ecce
1596 1250 1646 1292 de

156 1311 322 1353 Nerone
352 1309 599 1352 Suetonius:
630 1323 757 1352 aureo
788 1323 880 1351 eum
909 1310 990 1351 reti
1018 1309 1234 1362 piscatum
1260 1312 1299 1351 et
1331 1308 1507 1361 funibus
1534 1321 1647 1361 pur-

148 1380 269 1421 pura
295 1380 491 1421 coccoque
519 1367 652 1409 nexis.
713 1366 816 1419 Quis
846 1366 915 1408 hic
955 1366 1071 1409 aliud
1107 1365 1312 1421 intelligit
1353 1378 1480 1420 quam
1528 1364 1647 1406 funes

157 1423 298 1466 sericis
326 1423 408 1465 filis
442 1423 658 1477 purpureis
688 1423 898 1466 intortos?
958 1423 1070 1477 Quos
1101 1422 1274 1465 eandem
1302 1435 1390 1465 rem
1409 1433 1648 1464 memorans

158 1481 333 1524 blatteas
362 1480 548 1534 apprime
582 1480 625 1521 in
657 1493 744 1522 rem
786 1480 974 1523 nostram
1006 1479 1111 1522 dixit
1153 1478 1393 1533 Eutropius,
1439 1478 1512 1521 uni
1555 1477 1647 1521 voci

156 1536 508 1592 significationem
563 1537 683 1579 serici
740 1537 879 1579 textus
933 1538 974 1580 et
1033 1536 1214 1580 coccinei
1278 1536 1364 1578 fuci
1412 1535 1647 1578 subiiciens.

159 1594 268 1648 Quid
300 1593 478 1636 Graeci?
529 1594 813 1644 (Recentiores
860 1594 935 1637 hos
981 1593 1074 1636 (1160
1107 1593 1441 1648 Byzantinarum
1472 1592 1648 1635 Tracta—

157 1652 268 1694 tores
304 1650 461 1704 rerum)
493 1664 620 1705 quam
652 1651 788 1693 multa
817 1651 941 1693 huius
979 1650 1292 1694 consuetudinis
1327 1649 1512 1704 exempla
1548 1662 1647 1703 sup-

157 1707 378 1763 peditant?
456 1707 628 1750 Nicetas
683 1721 791 1750 unus
846 1708 902 1750 sit
952 1708 1068 1751 satis.
1156 1706 1349 1749 Aliorum
1405 1706 1648 1749 testimonia

158 1766 376 1808 occurrent
425 1764 537 1807 ultro
592 1764 842 1819 legentibus.
934 1766 976 1808 Is
1027 1765 1099 1808 ubi
1153 1764 1194 1806 in
1244 1763 1390 1806 Alexio
1436 1762 1648 1806 Comneno

156 1821 324 1864 Iuniore
376 1822 484 1864 libro
531 1832 600 1864 ΙΙΙ.
656 1822 701 1863 in
746 1821 954 1877 plerisque
994 1821 1205 1864 codicibus
1248 1821 1375 1864 habet
1414 1812 1514 1861 ἄνευ
1560 1820 1650 1860 τῶν

157 1876 388 1932 βλαττίων.
434 1878 517 1921 6116
562 1878 699 1931 166110,
747 1878 872 1934 (quae
918 1879 1145 1933 utcumque
1188 1877 1359 1932 putetur
1400 1876 1648 1940 marginalis

158 1935 389 1987 annotatio,
437 1935 589 1978 veteris
635 1936 745 1978 certe
788 1936 1068 1979 Grammatici
1099 1936 1180 1984 est3
1230 1935 1271 1977 61
1301 1935 1349 1976 ut
1387 1934 1430 1976 in
1471 1947 1516 1976 re
1553 1932 1645 1982 tali,

158 1992 208 2035 de
252 1992 421 2035 notione
468 1992 581 2035 vocis
621 1992 780 2036 usitata
828 2006 902 2036 suo
947 1993 1134 2047 tempore
1193 1991 1466 2035 autoritatem
1505 1990 1649 2042 habet)

158 2049 242 2092 alia
272 2049 445 2103 inquam
476 2049 600 2092 lectio
628 2050 755 2093 habet
785 2046 904 2104 πλην
931 2049 1020 2091 τῶν
1050 2050 1241 2104 σνρικῶν
1272 2043 1484 2103 νημάτων.
1532 2047 1649 2090 Alibi

160 2105 332 2148 Nicetas
361 2104 545 2159 βλαττία
574 2102 720 2148 πολλα
749 2108 899 2161 χρισᾶ.
966 2107 1016 2149 In
1055 2120 1161 2161 quae
1208 2106 1332 2148 verba
1374 2103 1650 2171 Paraphrasis

158 2161 566 2205 doctiGrammatici
586 2164 645 2206 sic
666 2160 1517 2226 1161161εσηρικὰδιαπ)εχ()ένταχρισῶ
1550 2161 1650 2203 Α116

160 2219 471 2262 0101110.11666
502 2220 612 2262 60110
644 2220 811 2264 abunde
843 2222 942 2263 sunt
975 2221 1022 2262 ut
1053 2221 1166 2263 recte
1196 2219 1389 2262 videatur
1417 2219 1462 2261 in
1482 2218 1650 2260 univer-

161 2289 253 2318 sum
283 2277 482 2319 statuisse
513 2276 744 2321 Salmasius
774 2279 900 2321 Notis
932 2277 985 2320 ad
1001 2277 1113 2320 Hist.
1131 2277 1242 2332 Aug.
1261 2276 1411 2331 Script.
1445 2288 1538 2330 pag.
1553 2275 1649 2317 391.

161 2333 409 2375 recentiores
440 2333 619 2376 Graecos
663 2333 870 2387 svamm
913 2348 999 2378 non
1036 2348 1122 2388 pro
1168 2333 1303 2376 blatta
1348 2333 1412 2375 vel
1450 2346 1651 2386 purpura

160 2390 260 2439 sola,
292 2390 367 2432 secl
390 2404 472 2443 pro
502 2395 666 2434 nemate
694 2393 828 2435 serico
860 2392 1011 2435 blatteo
1039 2404 1280 2444 usurpasse.
1351 2390 1402 2432 In
1436 2402 1517 2444 quo
1548 2389 1650 2443 puto

161 2443 339 2488 Giaecos
367 2446 575 2489 rationem
606 2448 799 2492 habuisse
820 2449 1007 2503 aliquam
1035 2447 1209 2503 originis
1235 2447 1400 2489 filorum
1423 2446 1650 2489 sericorum

162 2515 267 2557 quae
299 2517 323 2546 a
354 2516 492 2546 verme
522 2504 600 2547 1106
631 2506 694 2547 631
725 2506 862 2548 blatta
895 2513 1011 2556 (nam
1030 2505 1178 2547 Blatta
1197 2504 1407 2546 interdum
1431 2515 1651 2546 commune

162 2572 310 2601 nomen
346 2561 498 2603 vermis
535 2562 614 2610 est)
662 2562 919 2616 producitur,
968 2562 1096 2617 vulgo
1140 2561 1341 2616 bombyce
1375 2560 1499 2602 dicto.
1542 2559 1652 2601 unde

161 2615 277 2657 filum
309 2616 443 2680 ipsum
477 2630 526 2659 ac
549 2618 635 2660 tela
666 2632 712 2661 ex
742 2632 788 2662 eo
821 2620 936 2662 texta
971 2619 1149 2684 bombyx
1180 2617 1349 2660 dicitur
1408 2616 1649 2670 Quinetiam

162 2685 310 2714 nomen
339 2674 474 2726 ipsum
508 2674 849 2729 vulgatissimum
881 2675 1001 2718 serici
1031 2688 1115 2718 non
1145 2688 1169 2718 6
1200 2674 1360 2717 seribus
1393 2673 1557 2728 populis
1576 2673 1651 2715 aut

162 2728 300 2782 patiia
328 2742 482 2782 eorum,
516 2732 626 2785 quod
659 2732 786 2785 vuloo
815 2733 979 2786 putant,
1011 2732 1047 2774 si
1081 2730 1287 2786 Hesychio
1318 2730 1487 2795 quidem
1517 2729 1650 2772 cledi-

163 2798 269 2839 mus,
294 2785 483 2829 ducitur.
515 2787 585 2830 36(1
617 2802 641 2831 6
673 2801 759 2831 sere
789 2802 927 2832 161016
957 2790 1044 2832 sive
1075 2788 1238 2831 blatta:
1277 2788 1344 2830 Ita
1375 2787 1484 2830 enim
1517 2785 1652 2841 Hesy-

164 2842 303 2887 chius:
333 2838 421 2900 Σῂρ
456 2839 632 2899 omniq}
664 2861 687 2887 0
720 2841 798 2905 ztjz
826 2841 1020 2900 μετάξαν
1039 2841 1325 2901 ἑργαζύμειος
1345 2845 1423 2887 1106
1447 2844 1531 2886 est:
1562 2842 1650 2886 Ser.
