1734 3120
213 214 294 254 214
716 217 881 252 ΑΝΝΑΕ
910 213 1176 250 COMNENAE

209 331 455 394 ἇφεμένους
481 337 568 377 τῶν
598 329 768 389 ἀνδρῶν
797 334 893 383 τοῖς
911 331 1075 381 ἵπποις
1104 329 1272 385 μᾶλλον
1292 329 1537 373 ἐπιθέσθαι
1558 345 1697 384 παρε-

212 401 411 448 κελεύετο
442 403 513 446 καὶ
534 403 784 456 καταπερᾶν
812 394 978 452 αὐτοὺς
997 401 1094 450 τοῖς
1118 395 1355 453 τοξεύμασι
1380 394 1579 457 παρῄνει,
1607 394 1698 453 ἅμα

211 472 357 517 δὲκαὶ
386 472 457 515 ἵνα
485 471 575 514 τῶν
613 471 770 513 ἵππων
816 463 1149 525 ἀποβεβηκότες
1191 462 1448 522 εὕχείρωτοι
1490 466 1697 523 γένοιντο.

216 539 385 592 Κελτὸς
426 539 503 597 γὰρ
546 535 652 597 ἁνὴρ
697 537 863 592 ἔποχος
904 536 983 592 μὲν
1012 531 1308 590 ἀκατάσχετος
1337 535 1410 579 καὶ
1440 531 1519 578 κᾶν
1553 538 1699 589 τεῖχος

171 606 503 667 Βδιατετρήνειε
536 603 828 662 Βαβυλώνιον,
854 601 1148 662 ἆποβεβηκώς
1172 604 1220 648 δὲ
1240 606 1320 648 τοῦ
1346 604 1495 647 ἵππου
1516 597 1734 659 Hereum

215 682 310 730 τοῖς
339 677 546 722 ἐθέλοι-σι
575 676 750 733 γίνεται.
822 670 1047 731 γινώσκων
1090 670 1169 730 γὰρ
1211 670 1263 717 τὸ
1311 669 1582 730 διάστροφον
1611 674 1700 714 τῶν

214 745 584 804 συνεφεπομένων
610 740 728 802 αὖτῷ
759 738 837 787 οὐκ
867 737 1002 802 ἤθελε
1032 740 1111 795 τὰς
1141 739 1399 799 κλεισούρας
1439 739 1697 799 ὑπερβῆναι,

213 815 353 858 καίτοι
384 813 528 858 πολλὰ
555 810 791 871 σφαδάζων
817 812 1032 870 δημοσίαν
1058 809 1138 870 τὴν
1163 818 1242 855 τοῦ
1262 807 1541 866 Βαῖμοὺντου
1561 809 1701 867 μάχην

213 879 345 935 αὐτὸς
373 878 679 937 ἅναδέξασθαι,
712 877 833 925 καθά
851 897 897 938 γε
923 881 994 924 καὶ
1027 877 1165 924 πάλαι
1185 876 1400 932 πολλάκις
1430 877 1534 939 ἡμῖν
1553 877 1701 936 δεδιή-

214 968 329 1008 γητο.
389 942 439 1009 ἦν
481 948 560 1007 γὰρ
592 948 708 1005 πρὸς
736 948 814 1002 τὰς
851 946 991 1005 μάχας
1029 946 1196 1001 παντὸς
1236 948 1393 1008 ξίφους
1430 944 1697 1003 τομώτερος,
1716 956 1734 990 1

213 1014 433 1075 ἄτρεπτος
466 1018 544 1078 τὴν
580 1015 750 1076 γνώμην
779 1018 850 1061 καὶ
888 1014 1169 1061 παντάπασιν
1194 1010 1551 1074 ἀκατάπληκτος·
1591 1011 1701 1059 ἄλλα

216 1087 270 1130 τὰ
299 1083 583 1142 συμπεσόντα
614 1082 655 1129 οὶ
685 1081 868 1143 ἀπεῖργε
900 1087 984 1129 τοῦ
1025 1082 1337 1145 ἐγχειρήματος
1372 1085 1528 1136 δεινῶς
1565 1078 1701 1128 αὗτοῦ

216 1153 294 1213 τὴν
323 1152 466 1212 ψυχὴν
492 1154 758 1210 ἑκπιέζοντα.
816 1152 1225 1210 στενοχωρούμενος
1260 1144 1338 1196 οὖν
1367 1151 1392 1198 ὁ
1424 1154 1702 1208 Βαῖμοῧντος

215 1220 307 1267 ἇπό
338 1240 385 1266 τε
416 1217 603 1280 ἠπείρου
642 1223 713 1266 καὶ
744 1219 973 1280 θαλάσσης
1019 1222 1109 1278 (καὶ
1139 1220 1218 1279 γὰρ
1250 1219 1274 1266 ὃ
1304 1221 1385 1278 μὲν
1415 1217 1700 1276 αὐτοκράτωρ

219 1287 317 1336 οἷον
345 1288 510 1348 θεατὴς
537 1293 624 1334 τῶν
660 1288 769 1334 κατὰ
798 1288 875 1351 τὴν
904 1288 1093 1335 πεδιάδα
1127 1292 1206 1335 τοῦ
1237 1286 1472 1347 Ἰλλυρικοῦ
1506 1299 1734 1347 πραττο-1

175 1361 359 1417 Ομένων
386 1362 599 1418 καθῆστο,
623 1356 699 1402 κᾶν
727 1357 806 1419 ὅλῃ
829 1362 948 1420 ψυχῇ
969 1361 1042 1404 καὶ
1071 1357 1220 1419 γνώμῃ
1250 1360 1320 1403 καὶ
1342 1361 1577 1417 συμπαρῆν
1606 1362 1703 1411 τοῖς

214 1428 476 1485 μαχομένοις
502 1428 576 1471 καὶ
605 1430 694 1471 τῶν
722 1423 866 1472 αὗτιῦν
897 1428 1079 1481 ἐκείνοις
1108 1426 1309 1486 ἱδρώτων
1328 1428 1401 1472 καὶ
1419 1425 1573 1473 πόνων
1598 1443 1703 1483 μετ-

215 1499 340 1551 εῖχεν,
374 1494 413 1539 εἰ
442 1492 502 1553 μή
535 1512 624 1539 που
655 1496 727 1539 καὶ
755 1496 896 1540 πλείω
926 1514 992 1549 τις
1018 1497 1140 1556 φαίη,
1175 1496 1393 1554 ἐρεθίζων
1417 1493 1534 1552 πρὸς
1562 1491 1704 1551 μάχας

215 1565 286 1608 καὶ
315 1563 539 1619 πολέμους
567 1561 671 1616 τοί-ς
706 1563 815 1608 κατὰ
856 1564 940 1618 τὰς
982 1560 1257 1625 ἀκρολοφίας
1300 1567 1391 1609 τῶν
1433 1565 1702 1620 κλεισουρῶν

216 1632 535 1684 κατατεθέντας
563 1630 775 1692 ἡγεμόνας
816 1635 888 1678 καὶ
916 1632 1257 1691 ὑποτιθέμενος,
1287 1631 1417 1686 ὅπως
1444 1629 1525 1693 χρὴ
1560 1642 1734 1688 προσ-2

215 1697 393 1756 βάλλειν
435 1704 532 1752 τοῖς
576 1702 785 1754 Κελτοῖς·
830 1700 853 1746 ὁ
900 1703 948 1746 δέ
990 1719 1035 1760 γε
1069 1699 1302 1759 Μαριανὸς
1345 1704 1425 1746 τοῦ
1459 1696 1703 1757 ἅναμεταξύ

215 1768 540 1825 Λογγιβαρδιάς
568 1770 639 1813 καὶ
666 1764 901 1826 Ἰλλυρικοῦ
933 1773 1151 1827 πορθμοῦ
1173 1768 1250 1824 τὰς
1279 1766 1524 1822 κελεύθους
1552 1769 1704 1827 ἐπιτη-

352 1846 383 1878 2.
409 1845 619 1890 καταπερᾶν
643 1844 919 1892 Elberlingius:
946 1847 1177 1891 κατιιπεροῦν
1200 1846 1241 1882 P.
1340 1849 1374 1881 5.
1401 1840 1641 1900 διατετρήνειε
1658 1845 1702 1888 F,

358 1888 596 1947 d‘tmfrpviveeg
621 1893 662 1928 P.
782 1896 814 1930 9.
842 1891 952 1930 πάλαι
981 1895 1024 1938 F,
1053 1892 1165 1931 πάλιν
1189 1895 1230 1930 Ρ.
1364 1895 1417 1929 14.
1444 1895 1637 1937 θαλάσσης
1661 1893 1704 1938 F,

354 1941 532 1984 θαλάττης
552 1941 590 1976 Ρ.
723 1944 777 1977 16.
806 1946 866 1978 καὶ
894 1944 1095 1991 συμπαρῆν
1119 1943 1161 1988 F,
1188 1946 1249 1980 καὶ
1274 1955 1344 1980 om.
1367 1942 1408 1979 P.
1530 1943 1587 1977 17.
1614 1942 1704 1977 ἐκεί·

354 2000 428 2024 νων
453 1989 494 2024 F.
641 1992 697 2025 20.
724 1987 827 2030 ὅπως
852 1991 889 2036 C,
916 1989 1009 2038 ὅπερ
1038 1992 1078 2027 P.

221 2052 456 2109 iaculationis
481 2066 620 2109 gnarus
645 2056 865 2101 imperabat,
891 2060 934 2092 ut
958 2057 1174 2093 hominibus
1211 2055 1391 2103 neglectis
1426 2067 1541 2101 equos
1578 2054 1704 2101 potius

219 2103 390 2145 peterent
413 2102 617 2148 iaculisque
642 2103 811 2150 figerent,
825 2105 964 2151 quippe
989 2118 1072 2142 cum
1100 2106 1157 2141 illi
1174 2105 1280 2151 equis
1306 2105 1442 2141 deiecti
1466 2103 1575 2140 facile
1599 2115 1705 2149 cape-

219 2151 359 2204 rentur.
386 2150 512 2185 Gallus
532 2152 630 2186 enim
655 2164 750 2198 equo
776 2154 973 2199 impositus
998 2155 1150 2190 omnino
1177 2153 1347 2200 superari
1362 2165 1437 2189 non
1451 2155 1588 2199 potest,
1614 2152 1704 2198 quin

220 2199 330 2231 et1am
349 2197 580 2252 ‘Babylonios
607 2212 731 2236 muros
757 2205 993 2248 perrumpet:
1019 2203 1130 2238 simul
1158 2205 1284 2238 autem
1309 2202 1356 2238 de
1381 2213 1476 2247 equo
1502 2201 1705 2246 descendit,

219 2244 429 2300 volentlbus
460 2247 569 2283 ludus
595 2251 660 2284 est.
709 2261 866 2296 cumque
899 2251 1183 2296 perversitatem
1216 2251 1411 2286 hominum
1444 2250 1565 2295 ipsum
1592 2249 1704 2285 comi-

221 2295 381 2349 tantium
404 2295 500 2350 ben-e
524 2300 659 2340 nosset,
692 2297 855 2334 claustra
882 2299 1058 2335 excedere
1083 2300 1215 2344 noluit,
1253 2310 1490 2345 quamquam,
1527 2297 1567 2333 id
1604 2297 1704 2343 quod

219 2352 365 2386 saepius
389 2343 486 2399 ”mihi
523 2344 611 2379 olim
644 2345 890 2392 confirmavit,
929 2348 1089 2383 maxime
1125 2348 1302 2394 cupiebat.
1339 2346 1473 2393 proelii
1515 2346 1705 2382 fortunam

220 2401 303 2424 cum
331 2390 544 2427 Boemundo
567 2395 741 2447 experiri.
785 2399 867 2430 erat
893 2397 991 2432 enim
1017 2397 1122 2432 omni
1147 2396 1272 2443 gladio
1298 2399 1342 2432 ut
1358 2396 1412 2432 ita
1429 2395 1552 2431 dicam
1571 2394 1705 2438 acrior,

221 2448 364 2472 summa
390 2443 600 2476 constantia
624 2454 667 2478 ac
699 2442 807 2488 plane
831 2444 1110 2490 inperterritus,
1147 2445 1210 2481 sed
1248 2456 1343 2491 quae
1382 2444 1456 2490 ipsi
1492 2442 1706 2479 acciderant

222 2488 650 2542 quaeque-vehementer
682 2491 759 2526 eius
783 2492 948 2528 animum
973 2494 1204 2537 cruciabant,
1247 2494 1294 2529 ab
1320 2493 1471 2538 incepto
1509 2495 1602 2527 tunc
1625 2490 1704 2537 qui-

222 2533 306 2589 dem
331 2534 508 2572 desistere
533 2549 616 2573 eum
651 2543 864 2585 coegerunt.
933 2541 1083 2578 interim
1123 2541 1362 2578 Boemundus
1398 2544 1500 2577 terra
1538 2540 1706 2586 marique

223 2582 388 2636 inclusus
409 2588 476 2639 est.
529 2586 679 2641 sedebat
715 2588 813 2623 enim
848 2589 1054 2635 imperator
1085 2591 1192 2636 quasi
1225 2593 1414 2637 spectator
1441 2600 1582 2634 eorum,
1611 2600 1705 2634 quae

223 2642 262 2664 m
288 2630 427 2686 Illyrlcl
454 2633 609 2690 planitie
634 2636 872 2682 gerebantur,
908 2641 1063 2685 totoque
1089 2641 1216 2675 animo
1250 2642 1287 2674 et
1320 2637 1478 2674 consilio
1503 2636 1706 2683 pugnanti·

222 2678 292 2734 bus
316 2691 391 2715 suls
417 2680 556 2737 aderat,
581 2687 635 2718 lta
659 2687 702 2719 ut
734 2688 772 2720 et
795 2686 959 2721 omnium
987 2687 1166 2723 sudorum
1198 2688 1444 2733 laborumque
1468 2697 1595 2721 eorum
1621 2697 1704 2731 par·

222 2729 338 2782 ticeps
363 2731 459 2784 esset
482 2729 610 2773 (immo
637 2732 761 2776 plures
787 2745 869 2768 eum
896 2736 1093 2780 pertulisse
1117 2735 1271 2782 dixeris)
1295 2739 1334 2772 et
1359 2735 1483 2780 duces,
1511 2734 1577 2780 qui
1601 2745 1704 2770 mon-

221 2777 316 2810 tium
343 2779 498 2812 vertices
523 2779 758 2826 claustraque
783 2782 972 2826 tenebant,
999 2784 1045 2819 ad
1071 2785 1215 2830 proelia
1242 2794 1460 2831 pugnasque
1487 2782 1704 2818 adhortare-

222 2825 285 2880 tur
311 2826 360 2868 et,
385 2826 571 2870 quomodo
594 2827 693 2882 Galli
728 2830 929 2866 invadendi
960 2835 1092 2877 essent,
1124 2833 1338 2869 instrueret.
1401 2832 1476 2867 iam
1502 2830 1729 2871 Marianum„

221 2883 286 2918 qux
311 2883 437 2908 omnes
462 2876 541 2909 tum
567 2887 644 2911 vias
669 2876 768 2923 freti,
801 2878 901 2924 quod
927 2879 1206 2928 Longibardiae
1238 2884 1351 2928 atque
1375 2879 1524 2926 Illyrico
1550 2879 1703 2916 interia-
