1780 3138
261 216 341 256 104
684 259 690 264 ,
772 220 939 255 ANNAE
969 219 1237 254 COMNENAE

259 338 452 397 στρέφον
495 334 546 380 τὸ
593 332 826 380 ὁπλιτικὸν
870 333 989 385 ἅπαν
1037 336 1127 377 τῶν
1173 334 1472 390 Βαβυλωνίων
1516 332 1632 392 πρὸς
1675 333 1755 394 τὴν

260 406 522 461 πολιορκίαν
552 408 632 449 τοῦ
663 399 791 464 Ἰάφα
825 398 1046 464 ἠπείγετο.
1095 406 1303 447 τοιοῦτον
1332 402 1412 461 γὰρ
1442 401 1494 449 τὸ
1524 401 1756 462 βάρβαρον

259 471 341 521 ἇεί.
401 472 425 519 ὁ
459 474 507 518 δέ
538 490 584 532 γε
622 469 829 530 ἇνωτέρω
871 472 1028 531 ῥηθεὶς
1071 472 1347 525 Βαλδουῖνος
1385 470 1464 526 τὰς
1505 471 1628 530 παρὰ
1665 476 1756 518 τῶν

264 541 475 602 Φράγγων
501 541 741 595 ἑαλωκυίας
770 541 1057 598 κωμοπόλεις
1101 538 1285 595 ἁπάσας
1314 539 1504 599 περιιών
1545 538 1626 588 οὔκ
1666 538 1755 587 ὀλί-

261 630 364 672 γους
392 629 440 656 τε
471 608 748 670 συναγηοχώς
768 608 927 663 ἱππεῖς
948 610 1021 654 καὶ
1051 607 1217 666 πεζοὺς
1236 605 1484 668 α’ξιόμαχον
1504 608 1780 669 στράτευμαξ

262 679 557 740 συνεστήσατο
589 675 832 725 κάντεῦθεν
872 682 969 732 τοῖς
999 679 1304 735 Βαβυλωνίοις
1344 677 1557 725 ἐπελθών
1595 677 1755 740 ἥττησε

216 748 370 795 nuato>
386 747 561 807 κράτος.
623 747 646 793 ὁ
678 749 726 794 δὲ
754 748 959 805 βασιλεὺς
987 746 1067 807 τὴν
1096 746 1207 792 κατὰ
1238 746 1291 793 τὸ
1320 745 1477 806 Ῥάμελ
1504 752 1595 794 τῶν
1611 749 1756 793 Λατί-

261 837 347 863 νων
380 810 511 880 ἧτταν
541 815 828 876 μεμαθηκώς,
873 814 1171 877 περιαλγήσας
1212 815 1292 862 ἐπὶ
1328 824 1384 879 τῇ
1421 821 1513 862 τῶν
1549 811 1757 878 κομήτων

259 888 546 947 αἰχμαλωσίᾳ,
578 885 653 932 ἅτε
686 885 912 946 γινώσκων
937 881 1099 940 αὐτοὺς
1130 884 1242 932 κατά
1273 904 1321 932 τε
1355 884 1474 946 ιῖίραν
1503 889 1576 933 καὶ
1606 887 1757 948 ῥώμην

260 955 464 1015 σώματος
495 957 567 1001 καὶ
603 954 899 1017 περιφάνειαν
943 956 1094 1014 γένους
1137 958 1226 1000 τῶν
1274 953 1412 1001 πάλαι
1456 954 1780 1014 ὑμνουμένων,1

261 1024 338 1072 οὔκ
374 1025 534 1086 ἔφερεν
564 1026 640 1070 ἐπὶ
660 1025 798 1070 πλέον
827 1023 1014 1079 τούτους
1043 1022 1356 1082 δορυαλώτους
1385 1026 1461 1071 ἐπὶ
1489 1027 1612 1086 ξένης
1631 1022 1756 1073 εἶναι.

262 1095 395 1141 ἔνθεν
424 1112 495 1140 τοι
525 1091 934 1152 μεταπεμψάμενός
963 1111 1060 1138 τινα
1086 1095 1322 1153 Βαρδαλῆν
1351 1092 1623 1152 καλούμενον
1653 1092 1759 1154 χρή-

260 1161 376 1222 ματά
405 1180 452 1208 τε
484 1161 608 1207 ἱκανὰ
653 1163 840 1217 ἐπιδούς
880 1162 997 1221 πρὸς
1030 1163 1109 1222 τὴν
1139 1163 1319 1208 ἐκείνων
1361 1158 1607 1221 ἀνάρρυσιν,
1641 1162 1759 1222 πρὸς

262 1234 507 1289 Βαβυλῶνα
552 1232 845 1292 ε’κπέπομφεν
884 1232 1126 1290 ἐγχειρίσας
1163 1227 1284 1292 αὐτῷ
1325 1233 1398 1278 καὶ
1435 1230 1490 1278 τὰ
1527 1230 1644 1289 πρὸς
1679 1231 1758 1278 τὸν

258 1297 529 1360 ’Λμεριμνῆν
576 1298 811 1359 γράμματα
855 1302 960 1357 περὶ
1003 1304 1094 1345 τῶν
1141 1298 1348 1362 κομήτων
1391 1299 1780 1360 διαλαμβάνοντα]

262 1367 285 1414 ὁ
319 1369 367 1414 δὲ
396 1367 474 1422 τὰς
518 1372 598 1413 τοῦ
643 1365 972 1426 αὐτοκράτορος
1015 1364 1216 1425 ἅνελίξας
1257 1367 1434 1430 γραφὰς
1477 1364 1584 1428 liceo
1630 1374 1759 1430 τιμῆς

260 1435 365 1491 τούς
394 1435 587 1497 κόμητας
616 1433 832 1484 ἀπεδίδου
864 1436 978 1496 μετὰ
1012 1439 1299 1497 περιχαρείας
1341 1440 1458 1501 πλὴν
1487 1442 1568 1484 τοῦ
1598 1445 1756 1485 Γοντο-

261 1507 358 1567 φρέ.
421 1508 588 1552 ἐκεῖνον
617 1506 696 1566 γὰρ
728 1506 1008 1568 προφθάσας
1038 1506 1155 1566 πρὸς
1193 1506 1271 1553 τὸν
1301 1503 1581 1569 αὖτάδελφον
1615 1504 1757 1554 αὐτοῦ

261 1578 535 1621 Βαλδουῖνον
563 1580 692 1636 τιμῆς
719 1572 927 1623 ἀπέδοτο.
995 1575 1323 1634 καταλαβόντας
1363 1578 1411 1623 δὲ
1451 1576 1534 1638 τήν
1571 1575 1756 1637 μεγαλό-

261 1645 393 1689 πολιν
435 1642 540 1698 τοὺς
570 1642 763 1704 κόμητας
802 1644 826 1690 ὁ
864 1645 1072 1702 βασιλεὺς
1110 1646 1298 1703 ἐντίμως
1338 1647 1516 1703 ἐδέξατο
1557 1644 1780 1706 χρήματάί

111 1721 151 1758 Ρ.
179 1722 248 1758 329
261 1730 308 1757 τε
340 1710 462 1757 ἱκανδ
499 1712 682 1767 ἐπιδοὺς
712 1715 785 1759 καὶ
812 1715 880 1774 ἐφ’
915 1711 1064 1759 ἱκανὸν
1104 1713 1292 1769 τούτους
1331 1713 1636 1770 διαναπαύσας
1665 1717 1756 1772 χαί-

262 1798 418 1838 ροντας
448 1782 753 1838 ἐξαπέστειλεν
793 1780 956 1829 οἴκαδε.
1028 1781 1052 1828 ὃ
1090 1784 1139 1829 δὲ
1180 1790 1206 1828 Ι
1211 1784 1410 1845 ὀντοφρὲ
1447 1784 1534 1844 ῥὴξ
1571 1782 1757 1842 Ἱεροσο-

260 1848 410 1908 λύμων
465 1843 600 1905 αὖθις
630 1847 945 1907 οἷποκαταστάς
974 1851 1053 1898 τὸν
1089 1849 1285 1913 ἀδελφὸν
1312 1849 1449 1899 αὐτοῦ
1482 1855 1757 1899 Βαλδουῖνον

261 1918 324 1973 εἰς
361 1921 542 1966 Ἔδεσαν
586 1921 867 1982 ἕκπέπομφε.
940 1920 1042 1968 τότε
1087 1921 1140 1983 δὴ
1189 1924 1262 1968 καὶ
1301 1921 1324 1969 ὁ
1359 1919 1650 1982 αὐτοκράτωρ
1693 1927 1757 1983 τῷ

395 2038 427 2073 6.
454 2034 633 2074 ἀπελθών
657 2038 694 2075 C.
845 2040 900 2076 18.
928 2035 1167 2089 αὐτάδελφον
1193 2040 1275 2085 FA,
1301 2038 1474 2089 ἀδελφὸν
1497 2040 1537 2077 Ρ.
1700 2041 1755 2077 19.

394 2082 673 2133 μεγαλούπολιν
699 2088 736 2124 C.
1692 2120 1694 2122 v

260 2201 451 2248 gnandum
488 2205 664 2249 pergunt.
733 2208 789 2241 est
817 2205 916 2242 enim
942 2206 1029 2242 talis
1068 2217 1213 2253 semper
1239 2206 1489 2243 barbarorum
1514 2205 1756 2243 consuetudo.

260 2262 391 2286 verum
414 2250 629 2298 Balduinus,
666 2265 776 2299 quem
814 2267 927 2301 supra
953 2255 1045 2302 dixi,
1081 2258 1193 2302 capta
1218 2267 1240 2291 a
1265 2256 1423 2292 Francis
1450 2254 1591 2301 oppida
1630 2257 1756 2291 omnia

262 2299 483 2335 circumiens
519 2300 619 2336 haud
661 2304 788 2347 paucis
828 2303 1021 2350 peditibus
1058 2305 1325 2351 equitibusque
1365 2303 1531 2340 collectis
1571 2303 1756 2350 insignem

263 2348 468 2384 exercitum
493 2351 748 2396 congregavit,
776 2364 936 2398 quocum
977 2366 1147 2400 egressus
1185 2353 1411 2400 Babylonios
1435 2353 1605 2400 graviter
1644 2353 1758 2389 fudit*

263 2396 326 2432 sed
350 2397 557 2442 imperator
591 2398 721 2435 audita
746 2399 971 2437 Latinorum
1006 2403 1052 2438 ad
1079 2402 1211 2438 Ramel
1247 2402 1353 2439 clade
1387 2401 1568 2438 comitum
1600 2402 1757 2448 captivi-

263 2447 378 2480 tatem
404 2446 612 2493 miseratus,
639 2460 732 2493 quos
757 2452 796 2484 et
823 2452 956 2486 aetatis
981 2451 1073 2487 flore
1098 2451 1310 2497 roboreque
1335 2450 1506 2496 corporis
1539 2452 1578 2486 et
1609 2451 1757 2496 generis

262 2493 433 2529 claritate
459 2495 591 2540 priscis
616 2496 690 2532 illis
715 2497 893 2535 heroibus
918 2499 1056 2536 similes
1086 2503 1211 2546 norat,
1249 2512 1326 2536 non
1358 2499 1448 2535 tulit
1474 2510 1537 2535 eos
1561 2502 1691 2545 captos
1716 2500 1757 2535 in

262 2543 461 2588 peregrina
483 2546 587 2579 terra
611 2546 763 2592 versari,
789 2547 853 2583 sed
892 2547 1077 2585 Bardalen
1116 2549 1304 2595 quendam
1344 2547 1392 2584 ad
1422 2547 1659 2584 redimendos
1695 2559 1758 2584 eos

263 2590 380 2626 multa
406 2603 490 2627 cum
518 2594 676 2638 pecunia
701 2595 805 2631 misit
830 2597 1059 2643 Babylonem
1085 2597 1184 2634 datis
1223 2597 1270 2634 ad
1300 2597 1545 2634 Amerimnen
1573 2596 1619 2632 de
1643 2597 1756 2633 comi-

262 2639 364 2695 tibus
379 2639 543 2695 ’litteris
605 2643 742 2688 quibus
783 2644 890 2681 lectis
926 2646 989 2682 ille
1026 2647 1287 2682 lubentissime
1324 2646 1481 2683 comites
1519 2646 1599 2682 sine
1632 2645 1756 2692 pretio

263 2687 408 2723 dimisit
434 2692 588 2735 excepto
617 2691 833 2739 Gotofredo,
860 2706 970 2740 quem
1009 2695 1084 2730 iam
1124 2698 1210 2731 ante
1253 2695 1458 2731 Balduinus
1501 2694 1620 2730 frater
1660 2706 1756 2730 mer—

262 2736 351 2772 cede
382 2736 609 2791 redemerat.
669 2743 749 2776 tum
789 2743 1063 2787 perhonorifice
1102 2744 1311 2790 imperator
1349 2744 1503 2780 comites
1543 2742 1756 2779 Constanti-

265 2783 392 2831 nopoli
420 2787 566 2832 excepit
597 2799 743 2835 eosque,
768 2802 851 2826 cum
877 2795 935 2827 sat
959 2793 1058 2828 vires
1089 2793 1317 2838 refecissent,
1353 2792 1474 2828 multa
1508 2792 1669 2839 pecunia
1693 2791 1757 2827 do-

263 2836 372 2869 natos
397 2832 513 2870 laetos
538 2835 688 2872 domum
716 2839 821 2874 abire
860 2852 988 2885 passus
1030 2843 1099 2876 est.
1172 2841 1236 2877 sed
1272 2841 1499 2878 Gotofredus
1531 2852 1597 2876 rex
1627 2840 1758 2876 Hiero-

265 2881 491 2928 solymorum
528 2896 656 2921 rursus
693 2888 921 2924 constitutus
959 2888 1185 2926 Balduinum
1224 2890 1380 2927 fratrem
1418 2886 1598 2926 Edessam
1636 2889 1780 2935 misit;-e
