1794 3132
233 212 318 255 494
753 222 931 257 Quom
961 221 1202 257 DUOANGII

235 338 346 380 Ecel.
382 350 470 393 cap.
495 339 559 381 16.
591 338 633 381 et
653 337 1046 380 Huntindonensem
1072 336 1144 380 lib.
1168 338 1204 380 2.
1231 350 1326 394 pag.
1349 339 1444 381 316.
1472 338 1654 383 Anaetei
1682 340 1725 383 in

234 394 345 437 Hist.
392 395 631 450 Episcopor.
676 395 885 437 Autisiod.
933 407 1021 448 cap.
1052 395 1118 436 20.
1168 394 1286 437 Tom.
1319 396 1354 438 1.
1401 395 1512 439 Bibl.
1558 397 1724 441 Labbe'i.

234 451 355 494 Adde
376 452 564 495 ‘TrebelL
598 451 774 494 Pollion.
815 452 859 493 in
899 450 1075 494 Claudio
1133 451 1174 493 et
1205 451 1442 495 Ennodium
1482 453 1625 509 Epigr.
1657 455 1723 497 25.

233 507 336 552 Inde
374 508 594 561 camellus,
640 521 794 563 parvus
840 521 1003 559 causus,
1050 507 1094 550 in
1124 507 1289 563 Regula
1320 509 1518 564 Magistri
1547 523 1635 565 cap.
1658 512 1723 554 27.

235 565 423 620 Denique
468 565 743 608 Leunclavius
788 565 840 607 ad
887 563 1063 619 Glycam
1106 577 1203 620 pag.
1226 566 1323 607 384.
1366 567 1402 608 1.
1426 566 1523 610 edit.
1554 581 1726 610 caucum

224 622 428 675 poculum
457 635 544 664 esse
576 623 650 674 ait,
684 636 711 665 a
739 635 841 664 sorio
892 635 1010 676 quem
1040 621 1138 675 edit,
1179 621 1370 674 effluente
1397 624 1494 666 vino
1532 624 1659 667 simul
1688 628 1726 667 et

233 692 340 732 aere,
372 678 644 733 appellatum.

185 738 218 773 D
366 729 587 792 Ἐμπότης
616 731 771 790 κρύος]
812 736 1019 778 Poculum
1055 735 1363 791 crystallinum,
1408 737 1611 793 crystallo
1657 739 1724 782 de-

233 792 420 836 dolatum
449 793 675 844 vasculum,
712 792 887 847 Apuleio
918 793 991 835 lib.
1015 793 1052 834 6.
1090 787 1222 845 κρύος
1262 794 1372 837 enim
1409 795 1632 851 crystallus
1662 795 1726 838 di-

233 850 343 892 citur
374 849 543 892 Graecis
576 850 889 892 recentioribus.
945 848 1200 892 Scholiastes
1232 851 1528 906 Aristophanis
1559 852 1613 895 ad
1632 852 1726 894 Nu-

232 907 322 949 bes:
353 902 487 948 ῧαλον
514 905 562 948 δὲ
594 902 722 964 ἡμεῖς
753 905 832 960 μὲν
862 904 1024 960 ἀρτίως
1053 902 1102 947 τί
1137 904 1183 948 ἐκ
1212 903 1401 964 βοτάνης
1429 907 1550 959 τινος
1569 925 1724 952 κεκαυ-

231 961 373 1019 μένης,
423 963 496 1005 καὶ
540 960 611 1005 διὰ
656 958 799 1016 πυρός
841 959 1084 1019 τηκόμενον
1128 960 1191 1014 εἰς
1231 962 1502 1024 κατασκευὴν
1542 960 1725 1022 ἀγγείων

231 1022 361 1062 τινῶν
393 1020 591 1075 λέγομεν·
625 1016 665 1062 οἳ
696 1019 861 1062 παλαοὶ
891 1019 938 1062 δὲ
959 1020 1149 1078 διαφανῆ
1170 1019 1304 1064 λίθον
1323 1016 1469 1075 αὐτὸν,
1493 1020 1726 1075 ἰδιωτικῶς

231 1073 466 1132 λεγόμενον
496 1073 640 1130 κρύος,
674 1074 852 1120 ἐοικότα
885 1075 933 1119 δὲ
963 1073 1094 1134 ὑάλῳ.
1146 1077 1338 1123 Incertus
1368 1080 1507 1124 Autor
1536 1080 1586 1124 de
1602 1081 1726 1124 Tem-

232 1134 300 1189 plo
331 1134 372 1178 S.
395 1134 595 1189 Sophiae:
627 1133 911 1189 ἐντιθέμενος
938 1133 1010 1177 καὶ
1032 1134 1307 1189 πολυτίμοις
1335 1135 1495 1188 λίθους
1525 1136 1602 1180 σὺν
1631 1133 1724 1180 κιό-

233 1206 319 1233 νων
363 1187 617 1246 ὁλοχρύσων
664 1190 737 1233 καὶ
780 1187 925 1246 κρύων
971 1191 1043 1234 καὶ
1084 1191 1287 1235 ἀσπίδων
1332 1193 1402 1236 καὶ
1446 1193 1723 1251 σαπφείρων.

233 1248 332 1291 Fuit
364 1261 485 1304 porro
517 1249 739 1303 crystallus
770 1249 872 1291 olim
899 1249 942 1292 in
973 1250 1121 1304 pretio,
1152 1251 1193 1293 et
1223 1251 1457 1306 praecipuis
1482 1252 1724 1295 muneribus

232 1306 475 1349 accensetur
505 1309 539 1348 a·
561 1304 794 1349 Claudiano
822 1306 866 1348 in
898 1307 1041 1361 Epigr.
1075 1307 1124 1350 de
1157 1307 1378 1363 crystallo:

365 1362 660 1405 Marmoreum
688 1376 741 1406 rie
764 1377 916 1416 sperne
944 1363 1124 1416 ssohum,
1154 1365 1394 1417 spectacula
1424 1367 1582 1409 transit

449 1418 589 1474 Reyia
618 1433 693 1462 nee
721 1419 868 1464 Rubro
898 1420 1025 1463 vilior
1053 1422 1132 1464 iste
1158 1422 1283 1464 mar-i.

364 1475 573 1530 Informis
603 1476 774 1532 9laoies,
805 1491 958 1520 saxum
987 1478 1105 1528 rude,
1136 1477 1259 1520 nulla
1283 1478 1452 1534 fiyurae

453 1532 621 1583 Gratia,
656 1534 730 1576 sed
758 1548 886 1578 raras
914 1535 1027 1577 iuter
1055 1535 1231 1578 habetur
1262 1549 1371 1590 opes.

230 1589 460 1643 Informem
492 1590 740 1645 crystallum
769 1592 893 1634 vocat
925 1590 1197 1647 Claudianus,
1231 1605 1356 1646 quam
1397 1593 1614 1647 impictam
1650 1606 1724 1647 ap-

230 1646 360 1701 pellat
409 1647 612 1701 Apuleius
657 1647 729 1690 lib.
752 1649 790 1691 2.
829 1648 1001 1691 Metam.
1031 1647 1310 1704 Asyuthetam
1354 1650 1521 1692 Plinius
1559 1649 1631 1691 lib.
1656 1650 1723 1692 37.

229 1716 318 1758 cap.
356 1704 394 1745 2.
439 1704 624 1747 Annales
668 1704 817 1748 Frane.
865 1705 948 1747 An:
992 1715 1269 1749 DCCCLXXII.
1311 1706 1464 1750 Mense
1500 1705 1720 1758 Ianuario,

227 1761 342 1803 eirea
387 1759 692 1814 Epiphaniam,
742 1761 905 1804 Basilii
951 1761 1212 1805 Graecorum
1253 1762 1532 1817 Imperatoris
1572 1762 1725 1818 Leyati

229 1831 320 1860 cum
351 1817 594 1860 muneribus
620 1821 659 1860 et
688 1819 878 1872 epistolis
907 1819 965 1862 acl
995 1819 1048 1861 H
1049 1819 1288 1863 ludovicum
1315 1820 1472 1876 Reqem
1492 1819 1717 1874 Raolaspo-

228 1888 329 1916 uam
352 1878 566 1930 verterunt,
597 1878 721 1929 atque
750 1876 787 1918 ei
818 1876 928 1918 iuter
957 1879 1121 1919 caetera
1150 1877 1280 1919 xenia
1314 1876 1562 1933 crystallum
1589 1878 1724 1920 mirae

229 1930 550 1986 maynitudiriis,
585 1946 690 1975 auro
720 1933 975 1987 gemmisque
995 1933 1196 1988 pretiosis
1227 1938 1434 1987 ornatum,
1466 1947 1559 1976 eum
1592 1938 1724 1988 parte

229 2001 313 2030 riou
345 1988 512 2031 modica
541 1988 791 2042 salutiferae
820 1989 969 2032 Crucis
999 1990 1248 2033 obtuleruut.

185 2046 216 2080 D
360 2043 739 2101 Ἀστροπελέκυν]
778 2041 1108 2102 Ἀστροπελέκη
1139 2046 1249 2101 apud
1283 2046 1496 2090 Simonem
1526 2047 1721 2090 Portium

228 2101 271 2143 in
301 2101 448 2144 Lexico
480 2101 758 2147 Graecobarb.
789 2104 851 2146 est
880 2100 1100 2157 κεραυνὸς,
1134 2099 1348 2162 πρηστὴρ.
1412 2103 1493 2147 Sed
1523 2105 1600 2147 hoc
1630 2105 1720 2148 loeo

229 2157 345 2200 aliud
372 2159 542 2203 indubie
572 2160 706 2202 sonat.

183 2215 216 2250 D
365 2211 495 2257 M‘ezo‘c
523 2214 795 2274 χρυσαφίου]
845 2216 1006 2260 Corona
1051 2217 1247 2272 pretiosa,
1292 2213 1508 2275 χρυσάφη,
1556 2233 1721 2262 aurum.

228 2270 399 2314 Nicetas
443 2272 487 2314 in
518 2273 636 2316 Alex.
669 2274 741 2317 lib.
764 2276 802 2317 3.
850 2267 952 2316 ἄνευ
982 2275 1072 2316 τῶν
1100 2273 1293 2328 βλατίων
1323 2273 1395 2316 καὶ
1436 2275 1515 2316 τοῖ·
1557 2271 1721 2333 ἓσὴμου

228 2326 299 2369 καὶ
342 2328 588 2427 ἓρυσαφίου
648 2330 719 2372 καὶ
765 2328 915 2385 ἑτέρας
957 2328 1073 2387 ὕλης.
1133 2331 1239 2374 Vide
1269 2331 1455 2375 Goarum
1485 2332 1539 2375 ad
1571 2331 1720 2375 Codini

229 2397 276 2427 ca
309 2419 317 2427 .
380 2420 388 2428 .

15 2446 170 2492 Pag.95.
188 2446 215 2480 B
280 2398 304 2439 p
361 2440 560 2500 Σολυμᾶ]
593 2444 839 2500 Solymanni
857 2444 1037 2495 Sultani,
1061 2445 1132 2499 qui
1154 2458 1201 2487 ea
1222 2445 1471 2499 tempestate
1490 2445 1533 2487 in
1552 2445 1722 2489 Oriente

228 2498 461 2552 imperabat
504 2501 756 2557 sedebatque
787 2502 952 2544 Niceae.
1017 2501 1265 2557 Solymanni
1299 2501 1487 2545 Stemma
1519 2516 1566 2546 ex
1595 2503 1720 2546 fami-

229 2554 297 2596 liis
329 2557 480 2599 nostris
508 2557 793 2601 Orientalibus
836 2559 948 2601 hisce
985 2558 1110 2600 Notis
1149 2558 1426 2613 praefiximus.
1486 2559 1592 2602 Vide
1619 2560 1717 2603 Alb.

230 2610 310 2665 Aq.
344 2612 423 2709 llib.
446 2615 483 2656 2.
508 2627 618 2712 lcap.
646 2616 712 2657 21.
762 2615 952 2658 Fulcher.
999 2615 1071 2657 lib.
1097 2617 1132 2657 1.
1176 2628 1264 2670 cap.
1288 2615 1327 2657 5.
1378 2615 1551 2671 Tyrium
1585 2617 1657 2660 lib.
1679 2618 1717 2660 3.

230 2679 316 2721 cap.
370 2702 377 2711 .
410 2670 451 2712 et
480 2671 598 2713 aios.

189 2727 214 2761 C
363 2721 612 2782 Λεκάρχας]
663 2727 796 2771 Gloss
829 2728 1065 2772 Graecolat.
1098 2724 1320 2784 δεκάρχης,
1354 2728 1552 2772 Decurio.
1596 2729 1718 2772 Divi-

227 2779 382 2846 debant
408 2781 558 2826 Graeci
588 2784 710 2827 istius
747 2785 839 2828 aevi
873 2786 1114 2829 universum
1144 2785 1368 2829 exercitum
1408 2782 1472 2837 εἷς
1507 2781 1715 2841 τάγματα,

227 2851 358 2892 ryovv
386 2835 440 2879 τὰ
470 2835 681 2894 λεγόμενα
709 2836 848 2894 ,Barda
878 2837 1088 2899 διάφορα,
1122 2843 1164 2885 id
1196 2844 1270 2895 est,
1302 2843 1346 2885 in
1368 2841 1579 2896 Cohortes‚
1612 2855 1715 2898 quas
