1734 3120
502 216 767 278 Annxubffi
800 242 894 277 Lm.
923 242 1023 278 nv.
1054 238 1092 278 8.
1468 239 1548 280 301

62 357 317 412 ἀπόστολος
360 355 452 415 ἅμα
479 358 552 403 καὶ
576 354 783 413 βασιλεῦς
811 355 836 400 ὁ
864 352 1073 412 Ἀλέξιος.
1142 355 1203 411 (ὃς
1230 356 1309 416 γὰρ
1342 358 1550 419 ἔφθημεν

63 423 247 474 ἄνωθεν
276 424 513 486 εἰρηκότες,
546 426 658 470 κατὰ
694 424 776 482 τήν
819 426 1051 469 Φιλίππου
1088 423 1324 482 γενόμενος
1362 426 1435 471 διὰ
1472 427 1551 481 τὰς

61 487 290 555 εἰρημένας
314 493 458 548 αἰτίας
499 498 589 539 τῶν
618 491 840 550 Κομάνων
883 490 1020 553 μήπω
1063 492 1400 550 καταλαβόντων
1444 495 1549 540 ὁδοῦ

61 563 285 623 πάρεργον
309 565 463 620 μεῖζον
502 565 582 607 τοῦ
621 561 750 619 ἔργου
788 561 988 605 ἐποιεῖτο
1028 559 1132 614 τούς
1163 563 1437 618 ,Μανιχαίους
1474 565 1553 623 τῆς

24 631 256 690 5ἆλμυρᾶς
285 629 488 689 μετάγων
517 630 759 689 θρησκείας
787 631 861 673 καὶ
890 630 970 673 τοῦ
1001 629 1180 686 γλυκέος
1209 630 1421 690 ἐμφοριῦν
1450 629 1592 688 ‹icy-C

57 718 210 758 ματος.
267 696 360 744 ἀπὸ
389 699 566 756 πρωΐας
597 690 681 744 οὖν
708 698 834 754 μέχρι
863 697 1009 755 δείλης
1029 694 1175 757 [ἑῴας]
1197 694 1228 755 ἢ
1245 699 1318 742 καὶ
1345 697 1548 755 ἑσπέρας,

60 768 182 815 ἔστιν
222 760 275 814 οὗ
318 769 392 813 καὶ
432 768 638 825 δευτέρας
667 764 699 825 ἢ
726 767 799 811 καὶ
842 766 992 824 τρίτης
1031 767 1231 824 φυλακῆς
1274 769 1354 826 τῆς
1399 766 1553 820 νυκτὸς

57 834 459 894 μεταπεμπόμενος
502 834 688 889 τούτους
730 833 811 894 τὴν
854 829 1114 891 ὄρθότομον
1159 835 1358 879 ἐδίδασκε
1400 837 1552 880 πίστιν

58 906 294 963 ἐξελέγχων
320 903 374 949 τὸ
403 904 749 961 διεστραμμένον
774 905 855 963 τῆς
875 897 1022 947 αὗτῶν
1041 900 1267 958 αἱρέσεως.
1318 906 1552 964 συμπαρῆ-

1 986 138 1020 Ιοσαν
180 974 229 1018 δὲ
269 970 415 1031 τούτῳ
448 968 720 1030 Εὕστράτιος
762 970 787 1016 ὁ
820 973 899 1030 τῆς
930 971 1115 1025 Νικαίας
1161 969 1395 1029 πρόεδρος,
1441 967 1549 1033 ἀνὴρ

55 1039 112 1086 τά
140 1058 189 1086 τε
220 1044 330 1086 θεῖα
359 1041 504 1100 σοφὸς
541 1042 615 1085 καὶ
642 1038 697 1084 τὰ
739 1038 959 1097 θύραθεν,
1003 1035 1149 1095 αὐχῶν
1192 1040 1268 1085 ἐπὶ
1313 1044 1411 1094 ταῖς
1451 1041 1546 1085 δια-

54 1111 198 1166 λέξεσι-
236 1110 402 1166 μᾶλλον
430 1105 461 1167 ἢ
490 1106 531 1153 οἳ
562 1110 669 1166 περὶ
697 1107 775 1169 τὴν
801 1106 942 1154 στοοὶν
970 1109 1042 1152 καὶ
1071 1104 1315 1166 ἅκαὸημίαν
1335 1109 1547 1165 ἐνδιατρί-

53 1182 220 1234 βοντες,
262 1179 336 1222 καὶ
366 1173 502 1231 αὐτὸς
531 1177 584 1236 δὴ
615 1179 640 1222 ὁ
669 1180 749 1236 τῆς
790 1175 1203 1230 Φιλιππουπόλεως
1244 1179 1306 1236 τῷ
1346 1179 1591 1235 ἀρχιερα-Ῑ)

54 1249 162 1305 ‘ccv-(53
191 1246 562 1304 ἕγκαθιδρυμένος
594 1243 760 1305 θρόνῳ.
811 1247 889 1290 ἐπὶ
918 1247 1030 1290 πᾶσι
1061 1247 1110 1290 δὲ
1138 1246 1211 1290 καὶ
1240 1244 1331 1302 πρὸ
1366 1244 1547 1290 πάντων

0 1328 43 1363 ι5
54 1315 131 1359 τὸν
168 1312 275 1372 ἐμὸν
310 1315 514 1371 Καίσαρα
543 1313 804 1372 Νικηφόρον
843 1312 867 1357 ὅ
907 1310 1193 1371 αὗτοκράτωρ
1232 1312 1547 1372 συναιρόμενον

54 1379 146 1438 εἶχε
176 1380 413 1439 στομώσας
441 1384 603 1427 τοῦτον
630 1384 685 1443 τῇ
714 1386 802 1426 τῶν
832 1383 976 1426 θείων
1003 1383 1188 1438 βιβλίων
1217 1384 1390 1442 μελέτῃ.
1434 1384 1545 1427 πολ·
1556 1391 1597 1428 Ρ.
1622 1393 1695 1429 454

53 1451 124 1495 λοὶ
163 1449 244 1507 μὲν
286 1441 364 1494 οὖν
403 1453 640 1508 τηνικαῦτα
688 1453 778 1494 τῶν
808 1451 1072 1504 Μανιχαίων
1114 1450 1224 1508 μηδὲ
1268 1448 1545 1506 διστάζοντες

53 1515 170 1571 ὅλως
207 1515 463 1578 προσῄεσαν
501 1523 599 1571 τοῖς
620 1517 828 1581 Δὶερεῦσιν
866 1516 1260 1576 ἐξομολογούμενοι
1300 1516 1378 1572 τὰς
1416 1522 1545 1578 σφῶν

53 1585 269 1644 ἁμαρτίας
288 1587 360 1630 καὶ
379 1590 458 1631 τοῦ
482 1587 613 1632 θείου
634 1588 923 1645 φωτίσματος
945 1583 1330 1644 ἐπιτυγχάνοντες
1350 1587 1544 1640 πολλοὺς

0 1655 101 1701 node*
125 1646 178 1713 ἦν
203 1653 316 1699 ἰδεῖν
349 1657 583 1713 τηνικαῦτα
620 1653 732 1713 ὑπὲρ
770 1653 874 1708 τοὺς
914 1655 1207 1711 ΣΙΙακαβαίους
1242 1655 1435 1708 ἐκείνους
1464 1658 1545 1712 τῆς

0 1713 4 1724 ⁸
51 1722 167 1775 ἰδίας
194 1717 510 1785 ἀντεχομένους
530 1724 773 1781 θρησκείας
801 1721 982 1781 χρήσεις
1011 1741 1057 1767 τε
1090 1724 1161 1767 καὶ
1190 1724 1433 1781 μαρτυρίας
1451 1726 1542 1767 τῶν

188 1880 219 1914 1.
245 1878 423 1926 ἔφθημεν
445 1880 597 1926 scripsi:
621 1880 771 1927 ἔφημεν
797 1879 824 1914 C
850 1880 912 1926 (με
938 1880 978 1914 in
997 1890 1068 1914 ras.
1081 1891 1128 1914 m.
1142 1879 1179 1923 2)
1194 1877 1235 1914 P.
1386 1878 1421 1913 6.
1447 1873 1541 1923 ἑῴας

186 1927 331 1963 seclusi.
479 1930 536 1965 10.
560 1927 581 1963 ὁ
606 1927 685 1964 Leo
711 1928 891 1964 Allatius:
917 1925 937 1962 ὅ
963 1939 1001 1962 τε
1026 1927 1066 1963 P.
1218 1927 1271 1960 13.
1299 1923 1402 1970 «5310,
1428 1925 1470 1960 δὲ
1496 1925 1536 1961 Ρ.

187 1976 243 2011 16.
268 1975 436 2023 βιβλίων]
459 1989 503 2011 ιω
527 1977 567 2012 in
593 1975 621 2012 C
643 1989 664 2012 e
689 1988 785 2013 corr.
811 1989 861 2011 m.
886 1977 920 2011 2.
1019 1977 1077 2010 20.
1102 1969 1148 2018 ἦν
1170 1974 1266 2010 ἰδεῖν
1279 1974 1317 2019 O,
1340 1968 1386 2018 ἦν
1409 1986 1481 2010 om.
1498 1974 1537 2010 P.

49 2117 218 2154 certandi
246 2119 374 2155 studio
398 2120 543 2166 aliquid
566 2121 826 2164 concedamus,
845 2121 1039 2167 proximus
1066 2119 1197 2155 saltem
1216 2118 1271 2154 illi
1296 2117 1487 2164 apostolus
1500 2121 1540 2154 et

49 2166 256 2212 imperator
280 2169 530 2205 nominandus
546 2181 633 2206 esse.
674 2181 760 2205 nam
776 2182 862 2206 cum
890 2169 938 2205 ad
952 2168 1245 2214 Philippopolin,
1266 2170 1309 2202 ut
1325 2178 1438 2212 supra
1453 2178 1539 2202 nar-

49 2215 586 2308 ἂῖἒέῗῗῃῖἷηῖὲὲᾚὲ”
609 2218 1111 2303 ὶὲἓέοέἲᾏῗέωωωοῆἓῗὲἱ
1124 2217 1285 2300 ”fflum
1301 2214 1537 2299 {3¹:33⁰AEss

48 2311 97 2347 ab
109 2323 239 2348 amara
249 2278 518 2359 superstit-(iluna
535 2279 711 2351 αῗὶὲξηενθ
726 2279 862 2362 gogma
880 2314 1004 2360 coepit
1020 2277 1215 2349 addugcgere.
1255 2324 1277 2347 a
1294 2323 1401 2347 mane
1416 2312 1536 2357 igitur

48 2359 97 2395 ad
113 2361 413 2406 pomeridianum
428 2367 576 2409 tempus
602 2368 716 2410 atque
735 2364 827 2399 adeo
845 2363 892 2398 ad
911 2374 1117 2408 vesperum,
1135 2360 1325 2396 interdum
1342 2359 1390 2395 ad
1410 2371 1535 2395 secun-

48 2408 134 2444 dam
163 2410 390 2456 tertiamque
417 2413 540 2448 noctis
562 2413 728 2459 vigiliam
766 2412 961 2448 arcessitos
984 2422 1046 2446 eos
1070 2413 1207 2446 rectam
1233 2408 1345 2444 fidem
1376 2407 1535 2444 docebat

48 2458 407 2505 perversitatemque
421 2472 550 2496 eorum
570 2461 762 2497 haereseos
780 2459 1017 2505 coarguebat.
1060 2458 1216 2493 aderant
1238 2458 1271 2492 ei
1290 2468 1373 2492 cum
1392 2455 1533 2502 Philip·

46 2505 291 2551 popolitanus
310 2508 612 2555 archiepiscopus
637 2513 720 2545 tum
746 2509 970 2550 Eustratius‚
998 2506 1157 2542 Nicaeae
1193 2506 1360 2545 antistes,
1399 2505 1458 2540 vir
1494 2508 1535 2540 et

46 2564 239 2590 sacrarum
261 2559 300 2591 et
325 2557 568 2602 profanarum
601 2558 816 2593 litterarum
843 2557 986 2602 peritus
1018 2567 1061 2590 ac
1085 2554 1280 2590 dialectiea
1305 2556 1385 2588 arte
1418 2553 1534 2599 magis

0 2616 6 2635 .·
46 2602 240 2649 emenone,
265 2616 378 2650 quam
413 2607 481 2652 qui
516 2607 556 2642 in
581 2610 663 2642 stoa
688 2610 726 2641 et
757 2606 796 2640 in
822 2604 1011 2640 academia
1035 2606 1243 2638 versantur.
1292 2604 1440 2647 praeter
1466 2601 1533 2636 hos

45 2650 105 2686 vel
129 2652 256 2697 potius
280 2656 368 2689 ante
394 2665 523 2690 omnes
548 2655 770 2700 imperatori
795 2652 1028 2698 Nicephorus
1055 2663 1158 2686 meus
1172 2650 1303 2685 Caesar
1329 2649 1532 2685 auxiliaba-

45 2702 122 2743 tur,
146 2711 256 2746 quem
286 2706 524 2738 converterat
554 2703 603 2738 ad
628 2703 774 2738 divinos
810 2702 927 2736 libros
963 2698 1198 2735 lectitandos.
1258 2699 1384 2744 itaque
1422 2697 1531 2732 multi

0 2740 17 2800 ᾗ
46 2746 351 2785 Manichaeorum
374 2751 455 2786 sine
480 2751 557 2786 ulla
589 2750 828 2786 dubitatione
860 2748 908 2784 ad
941 2747 1150 2783 sacerdotes
1175 2747 1282 2782 ibant
1305 2749 1529 2791 peccataque

45 2806 114 2830 sua
136 2796 297 2833 confessi
319 2797 440 2835 divini
464 2800 643 2846 baptismi
667 2798 810 2833 fiebant
837 2797 1054 2842 participes3
1089 2794 1225 2830 multos
1250 2798 1377 2829 autem
1402 2793 1529 2829 videre

0 2854 18 2891 ζῆ
45 2842 165 2888 licuit,
188 2846 254 2890 qui
278 2845 584 2883 Maccahaeorum
609 2846 858 2883 constantiam
885 2846 1104 2890 superantes
1132 2843 1417 2889 superstitiones
1446 2853 1529 2877 suas

0 2894 21 2907 “
45 2893 226 2928 tenebant
250 2905 375 2931 sacrae
391 2897 600 2942 scripturae
617 2896 821 2931 sententias
845 2894 1164 2938 auctoritatesque
1189 2890 1433 2937 proferentes,
1446 2891 1527 2936 qui-
