1734 3120
484 225 748 262 ALEXIADIS
777 226 874 262 LIB.
898 226 979 263 XV.
1013 224 1051 263 8.
1452 222 1543 266 35147

51 341 216 388 λόιατα
234 342 483 401 ἐγνωσμένα
508 346 607 395 τοῖς
632 339 773 386 πάλαι
803 339 1001 398 χρόνοις,4
1017 344 1276 398 Μανιχαίων
1307 361 1368 397 τε,
1401 343 1462 398 ὠς
1481 340 1536 389 ὅν

51 429 118 465 τις
146 409 283 464 εἴποι,
315 411 559 466 δι’σσέβεια,
592 406 644 469 ἣν
674 411 746 454 καὶ
776 411 1084 454 Παυλικιανῶν
1122 413 1291 468 αἵρεσιν
1333 410 1531 470 εἴπομεν,

51 481 123 524 καὶ
155 479 486 524 Μασσαλιανῶν
512 478 734 534 βδελυρία.
794 481 999 522 τοιοῦτον
1036 479 1086 522 δέ
1112 479 1206 523 ἐστι
1243 478 1296 523 τὸ
1325 483 1415 524 τῶν
1449 486 1536 525 Βο-

50 549 245 606 γομίλων
272 546 425 606 δόγμα,
458 547 505 591 ἐκ
522 547 852 590 Μασσαλιανιῦν
871 547 943 590 καὶ
961 547 1219 602 Μανιχαίων
1243 550 1534 606 συγκείμενον.
1548 558 1575 594 C

15 617 124 660 5καὶ
153 613 215 668 ὥς
243 613 400 668 ἔοικεν,
430 606 482 675 ἦν
509 614 590 670 μὲν
613 608 696 657 κᾶν
723 618 821 666 τοῖς
850 612 941 669 πρὸ
969 609 1137 670 τούμοῦ
1159 614 1329 671 πατρὸς
1347 613 1533 672 χρόνοις,

50 681 278 728 ἐλάνθανε
293 683 364 727 δὲ·
403 680 658 727 δεινότατον
696 679 778 739 γὰρ
825 679 876 724 τι)
908 683 1170 739 Βογομίλων
1216 684 1340 740 γένος
1381 679 1539 742 ἀρετὴν

52 749 394 808 ὑποκρίνασθαι.
451 750 524 793 καὶ
552 749 680 804 τρίχα
707 750 788 805 μὲν
816 748 1034 806 κοσμικήν
1063 745 1144 793 οὐκ
1176 746 1228 793 ἷὶν
1255 748 1370 803 ἴδοις
1406 754 1538 807 βογο-

49 819 317 876 μιλίζουσαν,
352 819 594 875 κέκρυπται
623 817 673 861 δὲ
700 815 753 860 τὸ
782 818 916 861 κακὸν
944 814 1037 862 ὑπὸ
1059 817 1137 861 τόν
1162 816 1356 875 μανδὺαν
1382 820 1455 862 καὶ
1483 817 1537 863 τὸ

49 884 320 932 κουκοὺλιον.
365 887 439 930 καὶ
468 883 820 942 ἕσκυθρώπακεν
849 886 874 929 ὖ
907 883 1156 943 Βογόμιλος
1183 887 1256 930 καὶ
1274 888 1400 943 μέχρι
1420 886 1539 945 ῥινὸς

0 967 39 1000 10
50 956 259 1000 σκέπεται
290 955 364 999 καὶ
398 952 606 1013 κεκύφώς
633 954 800 1010 βαδίζει
831 955 904 998 καὶ
937 952 1260 1011 ὗποψιθυρίζει
1297 954 1350 999 τὸ
1379 954 1535 1011 στόμα,

48 1018 235 1068 τᾶνδοθι
265 1025 315 1068 δὲ
343 1022 476 1076 λύκος
520 1023 640 1067 ἐστὶν
684 1017 951 1076 ἀκάθεκτος.
1021 1024 1094 1067 καὶ
1133 1027 1266 1068 τοῦτο
1309 1022 1361 1067 τὸ
1400 1022 1538 1076 ἔθνος

47 1096 253 1137 τοιοῦτον
297 1089 348 1136 ὃν
392 1088 740 1151 δι’σφορώτατον
784 1088 939 1148 ὥσπερ
983 1086 1089 1150 ι’)’φιν
1133 1090 1449 1151 ἕμφωλεύοντα
1482 1095 1538 1152 τῇ

47 1164 145 1223 χειᾷ
172 1162 362 1219 ἐπῳδῶν
387 1157 529 1218 ἴυγξιν
555 1155 831 1218 ἀπορρήτοις
859 1157 884 1203 ὁ
918 1158 1025 1216 ἐμὸς
1052 1161 1198 1220 πατὴρ
1226 1159 1291 1213 εἷς
1329 1164 1428 1220 φῶς
1469 1161 1581 1215 «ἕξ-Ι)

48 1227 287 1274 εκαλὲσατο
318 1230 391 1274 καὶ
421 1226 656 1289 ἐξήνεγκεν.
729 1223 893 1285 ἅπάρτι
937 1227 1017 1286 γὰρ
1063 1227 1115 1272 τὸ
1166 1227 1283 1273 noh}
1324 1231 1403 1288 τῆς
1446 1232 1536 1272 τῶν

0 1309 36 1342 15
49 1295 271 1353 ἑσπερίων
298 1297 370 1340 καὶ
407 1293 532 1354 ἑῴων
563 1291 851 1352 ἀποθέμενος
886 1297 1125 1354 φροντίδος
1163 1295 1279 1352 πρὸς
1320 1294 1372 1340 τὸ
1403 1305 1588 1341 mcv-P.
1613 1307 1683 1341 487

46 1362 348 1421 ματικώτερον
376 1362 533 1408 ἑαυτὸν
561 1364 795 1409 ἐπέτεινεν.
874 1364 920 1407 ἐν
950 1367 1061 1408 πᾶσι
1090 1362 1171 1421 γὰρ
1199 1366 1292 1409 τῶν
1325 1362 1535 1408 ἁπάντων

49 1431 238 1490 ἐκράτει·
271 1433 319 1477 ἐν
336 1430 495 1490 λόγοις
511 1434 782 1484 διδακτικοῖς
800 1430 906 1485 τοὺς
924 1434 1029 1489 περὶ
1050 1431 1181 1490 λόγον
1201 1430 1536 1487 ἐσπουδακότας

48 1502 179 1554 ἐνίκα,
209 1501 256 1545 ἐν
282 1498 443 1558 μάχαις
471 1502 521 1545 δὲ
549 1501 622 1545 καὶ
650 1501 930 1558 στρατηγίαις
966 1505 1056 1545 τῶν
1086 1502 1132 1546 ἐν
1163 1499 1323 1554 ὅπλοις
1357 1506 1535 1558 θαυμα-

49 1570 243 1625 ζομένων
284 1568 529 1626 ὑπερεῖχεν.
602 1567 667 1621 ὥς
709 1569 758 1613 δὲ
799 1566 825 1627 ἡ
867 1572 957 1612 τῶν
985 1570 1247 1626 Βογομίλων
1283 1570 1536 1625 ἁπανταχοῦ

0 1632 129 1696 ΞΟῆδη
154 1637 396 1694 διέσπαρτο
426 1635 551 1697 φήμη
584 1638 838 1694 (Βασίλειος
864 1636 945 1694 γάρ
975 1655 1043 1690 τις
1085 1637 1277 1693 μοναχὸς
1316 1640 1535 1696 πολυτρο·

47 1705 257 1758 πιότατος
284 1706 679 1762 μεταχειρίσασθαι
706 1704 791 1764 τήν
821 1707 1081 1765 Βογομίλων
1121 1702 1325 1762 ἀσέβειαν
1363 1704 1536 1750 δώδεκα

183 1839 219 1874 2.
245 1841 418 1886 εἴποιμεν
442 1838 511 1884 cP,
536 1838 696 1875 correxi.
871 1839 904 1874 6.
927 1836 969 1873 τὸ
997 1838 1037 1881 Ρ,
1063 1839 1137 1874 τῶν
1161 1838 1200 1874 C.
1369 1839 1403 1874 9.
1430 1839 1533 1874 ἐσκυ-

182 1883 385 1933 θρώπακεν
408 1886 450 1932 Ρ,
475 1883 774 1933 ἐσκυθρώπωκεν
799 1887 836 1922 C.
1074 1889 1130 1922 11.
1155 1882 1360 1926 ἀκάθεκτος
1380 1887 1419 1928 C,
1445 1884 1532 1922 ἀνά-

181 1939 314 1974 θεκῐος
336 1935 376 1972 Ρ.
527 1936 583 1972 12.
607 1931 653 1971 ὃν
677 1935 717 1980 C,
741 1932 787 1971 ὃν
803 1935 843 1971 Ρ.
990 1936 1048 1970 20.
1074 1932 1399 1982 πολὶπροπώῐατος
1421 1947 1531 1982 μετα·

177 1987 421 2031 χαρίσασθαι
444 1981 512 2028 τὴν
537 1985 765 2031 Βογομίλων
786 1981 963 2029 ἀσέβειαν
986 1983 1024 2025 C,
1052 1980 1205 2019 ὠδὺνων
1228 1985 1281 2019 sic
1305 1983 1343 2018 P.

47 2118 143 2153 quae
171 2107 299 2153 priore
323 2106 400 2142 iam
437 2109 561 2143 aetate
599 2106 836 2153 prodierant,
867 2107 1070 2142 commixta
1095 2108 1198 2141 sunt:
1230 2104 1532 2141 Manichaeorum

47 2156 116 2202 (sic
141 2155 240 2191 enim
264 2155 354 2191 licet
374 2155 514 2201 dicere)
537 2155 723 2202 impietas,
748 2167 860 2201 quam
878 2154 1175 2191 Paulicianorum
1200 2165 1347 2199 quoque
1363 2153 1532 2190 haeresin

45 2204 270 2248 vocavimus,
292 2207 331 2240 et
347 2203 656 2240 massalianorum
681 2203 935 2250 impudentia:
962 2203 1074 2248 idque
1098 2202 1235 2248 dogma
1251 2201 1533 2247 Bogomilorum

46 2257 122 2296 est,
154 2253 405 2298 compositum
438 2252 532 2288 illud
564 2252 716 2299 quidem
752 2264 797 2288 ex
831 2251 1062 2287 Massalianis
1089 2255 1128 2286 et
1150 2249 1387 2285 Manichaeis.
1431 2248 1532 2295 quod

48 2301 123 2336 iam
149 2304 237 2336 ante
260 2301 381 2346 patris
405 2301 480 2336 mei
502 2304 676 2346 tempora
700 2300 845 2336 occulte
870 2312 956 2335 sane
982 2299 1149 2334 extitisse
1176 2298 1344 2342 videtur3
1372 2309 1415 2333 ea
1432 2298 1532 2333 enim

45 2353 147 2384 secta
179 2349 334 2385 virtutis
365 2349 597 2384 simulandae
630 2350 860 2395 peritissima
887 2351 956 2384 est.
1010 2358 1077 2382 nec
1114 2351 1280 2383 comatos
1315 2358 1418 2382 more
1455 2357 1532 2381 sae·

44 2397 163 2433 culari
196 2398 279 2433 istis
302 2397 509 2444 Bogomilis
540 2398 744 2434 adhaerere.
768 2397 884 2438 vides,
910 2395 974 2431 sed
996 2395 1110 2441 pallio
1133 2395 1352 2441 cuculloque
1391 2393 1529 2429 malum

45 2445 148 2481 istud
181 2457 220 2481 se
243 2446 457 2491 abscondit3
490 2457 534 2481 ac
556 2447 736 2482 tristitiae
760 2446 919 2491 speciem
945 2456 1035 2490 prae
1060 2455 1097 2478 se
1134 2442 1208 2478 fert
1233 2442 1451 2488 Bogomilus
1491 2446 1531 2478 et

45 2505 135 2529 naso
159 2498 270 2530 tenus
297 2498 452 2540 opertus
476 2495 635 2530 demisso
660 2494 783 2540 capite
808 2493 1074 2528 subsusurrans
1099 2491 1250 2534 incedit,
1276 2491 1377 2526 intus
1405 2493 1532 2526 antem

44 2542 252 2578 indomitus
285 2550 341 2578 est
364 2542 485 2589 lupus.
527 2543 624 2579 hanc
647 2545 795 2589 gentem
814 2541 1165 2587 perniciosissimam
1190 2539 1293 2574 velut
1321 2542 1531 2584 serpentem

45 2602 157 2636 specu
191 2590 369 2626 latentem
398 2594 542 2627 secreta
564 2591 773 2627 carminum
810 2591 848 2625 vi
884 2593 991 2634 pater
1028 2599 1132 2623 meus
1169 2587 1296 2623 elicuit
1330 2590 1369 2622 et
1402 2587 1442 2622 in
1475 2586 1532 2622 lu-

44 2650 124 2674 cem
163 2639 342 2685 protulit,
372 2651 459 2675 cum
491 2639 663 2685 deposita
693 2638 855 2684 plurima
894 2636 1133 2672 orientalium
1171 2635 1533 2681 occidentaliumque

44 2698 168 2722 rerum
217 2699 308 2723 cura
338 2687 386 2723 ad
416 2688 605 2734 spiritales
635 2699 673 2723 se
706 2699 764 2722 res
796 2686 1048 2722 convertisset.
1111 2685 1251 2719 etenim
1285 2684 1459 2719 omnibus
1490 2684 1530 2718 in

45 2735 157 2771 rebus
180 2747 310 2771 omnes
334 2738 542 2782 superavit:
568 2738 609 2771 in
633 2735 789 2771 docendi
815 2733 995 2769 facultate
1018 2744 1092 2776 eos,
1119 2733 1185 2778 qui
1202 2742 1352 2777 operam
1373 2731 1530 2767 dicendo

45 2787 244 2827 navarant,
265 2785 331 2819 ‘in
369 2785 507 2831 pugnis
545 2784 761 2829 bellicisque
799 2781 1122 2827 expeditionibus,
1156 2791 1250 2825 quos
1287 2780 1336 2814 ob
1373 2780 1530 2815 militiae

44 2833 299 2877 coguitionem
347 2832 644 2868 admirabantur.
709 2831 774 2866 sed
819 2831 894 2865 iam
934 2828 1213 2875 Bogomilorum
1254 2827 1353 2863 fama
1392 2828 1531 2873 ubique

0 2925 2 2927 ‚
45 2879 338 2916 diffundebatur.
379 2881 539 2916 Basilius
562 2881 661 2916 enim
686 2879 840 2926 quidam
867 2878 1071 2914 monachus
1094 2876 1354 2912 callidissimus
1379 2877 1419 2911 in
1446 2887 1530 2922 pro-
