1734 3120
516 242 780 281 ALEXIADIS
813 244 906 282 LIB.
939 245 1020 283 XV.
1054 243 1090 284 6.
1469 244 1551 288 333

68 356 291 417 σχήματος
318 357 397 420 τὴν
422 359 610 415 πορείαν
649 364 886 406 ποιεῖσθαι
919 361 1176 420 ἐσπούδαζε.
1248 370 1467 424 καρτερῶς
1501 368 1550 413 δὲ

67 430 156 471 τῶν
183 425 420 485 βαρβάρων
448 429 708 485 μαχομένων
753 426 777 473 ὃ
803 427 855 474 τὸ
891 425 1125 488 ἀριστερὸν
1160 434 1288 490 κέρας
1324 435 1494 491 ἐπέχων
1524 434 1549 481 o‘

66 492 281 554 φίλτατός
307 512 386 553 μοι
415 497 506 540 τῶν
540 491 750 555 ἄδελφῶν
779 494 804 541 ὁ
835 500 1248 558 πορφυρογέννητος
1271 497 1551 558 Λνδρόνικος

65 563 143 616 τὰς
168 561 288 623 ἡνίας
317 565 516 622 στρέψας
544 563 746 624 σφοδράν
778 564 893 622 μετὰ
935 564 1013 627 της
1055 566 1169 622 ἰδίας
1183 567 1431 651 φάλαγγος
1473 573 1550 630 τὴν

29 629 174 675 5κατα
203 634 294 676 τῶν
321 630 558 689 βαρβάρων
589 633 746 677 επελει
748 650 818 678 σιν
845 632 1105 692 ἐποιήσαητο
1182 655 1232 689 ος
1261 636 1324 690 εἷς
1347 633 1400 683 vd
1428 648 1594 695 xum-D

63 699 247 744 έστατον
276 695 383 744 αυτὸ
414 704 492 760 τῆς
521 698 690 759 ἡλικίας
719 699 961 760 ἐληλυθώς,
996 702 1163 760 τόλμαν
1191 706 1241 750 δὲ
1267 704 1449 767 συνετὴν
1477 709 1550 752 καὶ

61 772 188 825 χεῖρα
215 767 362 824 δεξιὰν
390 770 463 813 καὶ
492 766 708 828 φρόνησιν
742 769 955 829 περιττὴν
984 772 1030 815 ἐν
1059 773 1323 856 rtoZe'ptottg'
1305 774 1418 830 ε’χων
1457 774 1548 832 πρὸ

61 839 220 894 καιροῦ
252 831 392 896 ᾤχετο
407 838 492 892 καί,
524 837 586 891 ώς
615 834 694 883 οὐκ
721 833 774 882 οἷν
805 857 873 892 τις
902 835 1102 897 ἤλπισεν,
1138 841 1187 896 ἐξ
1213 840 1338 900 ἡμῶν
1367 843 1548 903 απῆλθε

62 906 134 948 καὶ
163 905 332 950 κατέδυ.
395 924 430 949 ω
461 903 613 964 νεότης
641 907 713 950 καὶ
733 903 849 967 ἀκμὴ
871 905 1078 963 σώματος
1097 909 1170 953 καὶ
1190 910 1266 954 ἐπὶ
1283 914 1372 955 τῶν
1390 913 1549 955 ι’ππων

5 970 234 1030 Ιοὶἰλματα
266 977 413 1032 κοῦφα
453 977 542 1018 ποῦ
595 992 707 1019 ποτε
756 973 1100 1032 κατερρεύσατε,·
1145 979 1364 1036 μονῳδεῖν
1400 997 1456 1036 με
1494 979 1547 1024 τὸ

61 1041 138 1085 ἐπὶ
166 1039 311 1100 τούτῳ
341 1039 502 1095 πάθος
544 1041 799 1099 ἐκβιάζεται,
845 1039 939 1088 ἄλλ’
988 1043 1012 1089 ὁ
1056 1048 1134 1105 τῆς
1175 1044 1372 1103 ἱστορίας
1412 1045 1547 1104 νόμος
1558 1059 1599 1095 Ρ.
1625 1062 1696 1097 476

61 1110 239 1155 ἐκεῖθεν
266 1103 407 1164 αυθις
433 1105 647 1168 απείργει.
706 1110 952 1169 θαυμάζειν
981 1112 1070 1158 δὲ’
1051 1113 1159 1167 ε’στι,
1183 1116 1283 1167 πῶς
1303 1113 1356 1159 οὔ
1383 1117 1547 1173 γίνεταί

59 1195 127 1231 τις
151 1179 222 1223 καὶ
254 1180 330 1224 νῦν
356 1177 566 1237 καθάπερ
597 1181 670 1224 καὶ
700 1178 850 1233 πάλαι,
887 1182 1035 1240 φησίν,
1078 1179 1108 1240 ἢ
1141 1183 1274 1236 λίθος
1312 1180 1340 1243 ἢ
1365 1177 1532 1240 &eng-³
1514 1202 1539 1242 η

60 1247 239 1304 δένδρον
269 1241 300 1305 ἢ
327 1265 370 1292 τι
399 1251 489 1291 τῶν
521 1243 708 1305 αψύχων
738 1247 828 1293 ὑπὸ
858 1248 1058 1308 μεγάλων
1087 1254 1232 1295 κακῶν
1271 1250 1335 1304 εἷς
1371 1250 1426 1295 τὰ
1453 1270 1546 1297 τοι-

1 1321 46 1356 15
58 1317 169 1359 αῦτα
198 1314 276 1375 τὴν
305 1315 445 1375 φύσιν
471 1310 683 1372 ἀμείβων,
705 1314 794 1361 είτε
820 1321 971 1374 μῦθος
999 1317 1133 1364 τοῦτο
1155 1319 1273 1364 ἐστιν
1300 1317 1389 1364 είτε
1417 1318 1546 1379 λόγος

56 1379 247 1442 ἀληθής·
278 1385 352 1428 καὶ
380 1382 489 1440 τάχα
509 1389 710 1441 κρεῖττον
740 1383 794 1429 ἂν
831 1383 899 1444 εἴη
931 1385 1045 1444 πρὸς
1073 1386 1129 1432 τὰ
1160 1388 1295 1446 μηδὲν
1322 1387 1546 1444 Ῐαῖσθανό-

55 1469 166 1508 μενα
193 1452 476 1509 μεταμείβειν
507 1451 586 1514 τὴν
618 1451 753 1512 φύσιν
779 1451 807 1513 ἢ
835 1452 1052 1514 τοσαύτην
1088 1452 1301 1514 αἴσθησιν
1335 1458 1542 1512 δέχεσθαι

55 1523 136 1564 τοῦ
165 1524 314 1566 κακοῦ.
376 1520 416 1566 εἰ
445 1519 524 1579 γὰρ
553 1524 674 1567 τοῦτ’
705 1514 767 1583 ἦν,
800 1520 892 1578 τάχ’
925 1518 978 1566 ἄν
1005 1541 1062 1580 με
1093 1525 1226 1568 λίθον
1248 1519 1457 1580 ἆπέδειξε
1490 1523 1544 1569 τὰ

57 1587 344 1644 συμπεσόντα
369 1587 502 1636 δεινά.

0 1663 44 1699 20
191 1661 230 1703 6.
294 1656 382 1717 Την
402 1659 450 1703 δὲ
468 1656 610 1718 μάχην
630 1656 872 1718 αγχέμαχον
890 1654 971 1718 ήδη
991 1665 1216 1718 γεγονιῑαν
1236 1680 1261 1705 ο
1285 1660 1541 1722 Νικηφόρος

55 1723 335 1782 θεασάιιενος
371 1727 444 1771 καὶ
474 1729 696 1786 πτοηθεὶς
729 1726 808 1786 τὴν
847 1746 980 1788 ητταν
1010 1727 1124 1785 μετὰ
1148 1733 1226 1789 τῆς
1254 1729 1367 1783 ἰδίας
1396 1748 1539 1787 παρα-

53 1790 221 1848 τάξεως
249 1791 354 1847 όλας
382 1792 504 1853 ἡνίας
535 1797 733 1854 στρέψας
752 1814 931 1853 αμυνειν
952 1792 1173 1855 ἠπείγετο.
1217 1799 1289 1842 καὶ
1307 1802 1583 1856 τηνικαῦταΒ

188 1955 221 1990 3.
248 1958 594 2012 πορφυρογέννητος
619 1955 658 1999 C,
685 1960 1002 2016 Πορφυρογέννης
1026 1957 1069 1994 P.
1205 1960 1238 1994 4.
1262 1956 1357 2006 μετὰ
1383 1958 1535 2004 scripsi:

187 2001 279 2038 κατὰ
307 2003 375 2040 ΟΡ.
523 2007 579 2041 10.
605 2004 647 2041 τὸ
674 2006 737 2042 ἐπὶ
763 2007 801 2051 C,
826 2005 866 2041 τὸ
894 2018 964 2043 om.
991 2006 1020 2042 P

52 2163 174 2208 posito
199 2163 342 2210 ordine,
367 2166 410 2200 ut
433 2165 586 2212 solebat,
611 2167 686 2203 iter
709 2167 830 2203 faeere
856 2167 1085 2214 properavit.
1151 2167 1288 2203 acriter
1324 2179 1412 2203 vero
1452 2167 1534 2203 bar-

50 2212 152 2248 baris
169 2213 426 2259 pugnantibus
442 2214 680 2251 Andronicus
700 2216 1052 2263 porphyrogenitus,
1073 2215 1234 2251 fratrum
1247 2227 1414 2251 meorum
1443 2216 1535 2251 mihi

51 2261 276 2302 carissimus,
300 2263 367 2307 qui
390 2261 495 2299 laevo
520 2275 637 2299 cornu
661 2268 844 2310 praeerat,
872 2268 1018 2300 mutato
1042 2265 1177 2300 itinere
1193 2275 1278 2300 cum
1303 2275 1369 2299 suo
1385 2266 1534 2310 agmine

51 2309 231 2345 barbaros
255 2310 402 2347 invadit
425 2311 553 2357 ibique
586 2312 626 2348 in
654 2324 797 2348 summo
823 2312 917 2348 flore
959 2313 1104 2357 aetatis,
1140 2324 1224 2348 cum
1263 2312 1459 2347 excelleret
1493 2313 1533 2348 in

52 2357 158 2393 bellis
194 2358 374 2404 prudenti
400 2359 557 2396 audacia
594 2363 634 2396 et
657 2361 797 2407 insigni
822 2361 1048 2397 dexteritate
1072 2364 1111 2396 et
1136 2361 1329 2406 sapientia,
1368 2372 1533 2405 praema-

49 2409 135 2441 ture
158 2406 256 2442 obiit
278 2411 502 2454 praeterque
534 2410 702 2445 omnium
735 2422 837 2455 spem
863 2412 1033 2445 nostrum
1057 2408 1214 2445 decessit
1250 2412 1288 2444 et
1314 2408 1460 2444 occidit.
1509 2420 1531 2444 o

49 2454 234 2500 iuventus,
259 2467 282 2491 o
305 2457 414 2502 vigor
454 2458 636 2503 eorporis,
673 2470 695 2493 o
733 2458 937 2504 equitantis
972 2457 1069 2492 leves
1104 2457 1230 2501 saltus,
1269 2468 1343 2502 quo
1380 2457 1531 2492 tandem

48 2503 212 2539 abiistis!
259 2506 303 2540 ut
326 2504 490 2541 lamenta
513 2505 680 2550 fundam,
714 2506 843 2541 dolore
874 2505 1021 2551 quidem
1048 2504 1094 2540 de
1119 2505 1198 2540 eius
1223 2516 1309 2539 easu
1334 2505 1530 2550 perducor,

48 2551 113 2586 sed
138 2554 241 2587 arcet
264 2564 394 2589 rursus
407 2553 493 2589 inde
519 2565 578 2589 me
593 2554 655 2589 lex
671 2554 805 2590 histori
794 2565 861 2589 =ae.
898 2555 1035 2589 mirum
1053 2556 1179 2588 tamen
1196 2552 1354 2595 videtur,
1371 2565 1438 2588 cur
1457 2565 1531 2588 non

49 2600 164 2635 etiam
187 2612 287 2636 nunc
311 2604 355 2636 ut
380 2601 481 2644 olim,
503 2605 547 2638 ut
571 2602 714 2645 dicunt,
746 2603 785 2637 in
814 2601 974 2647 lapidem
1001 2601 1057 2637 vel
1091 2613 1194 2637 avem
1227 2601 1445 2637 arboremve
1474 2602 1533 2637 vel

47 2647 150 2683 aliud
174 2648 267 2694 quid
291 2649 544 2686 inanimorum
570 2654 821 2687 commutetur
847 2650 931 2695 quis
959 2650 1008 2685 ob
1030 2649 1210 2684 malorum
1237 2649 1531 2695 magnitudinem

47 2696 206 2732 induens
228 2697 379 2734 illarum
403 2710 531 2735 rerum
557 2703 742 2735 naturam.
792 2710 878 2733 nam
914 2698 990 2733 sive
1028 2696 1153 2733 fabula
1189 2708 1253 2732 seu
1293 2709 1423 2734 verum
1463 2701 1531 2742 est,

47 2744 180 2780 melius
203 2749 305 2781 certe
330 2750 435 2792 esset,
460 2751 691 2783 commutare
719 2748 852 2782 amisso
879 2758 987 2781 sensu
1012 2749 1198 2790 naturam,
1223 2756 1332 2791 quam
1359 2746 1434 2781 tale
1451 2757 1528 2782 sen-

46 2793 120 2828 tire
138 2793 295 2839 malum3
322 2795 422 2840 quod
439 2797 471 2831 si
487 2795 570 2831 fieri
587 2798 723 2842 posset,
743 2794 850 2830 facile
867 2805 926 2829 me
943 2793 1040 2829 mala
1066 2794 1105 2828 in
1130 2793 1293 2839 lapidem
1311 2797 1527 2830 mutassent.

180 2841 214 2877 6.
267 2842 439 2879 Ceterum
464 2844 708 2890 Nicephorus‚
732 2843 796 2878 ubi
818 2842 1025 2878 comminus
1051 2853 1130 2877 rem
1155 2842 1217 2888 agi
1241 2841 1355 2887 videt,
1382 2842 1526 2878 cladem

46 2888 189 2925 veritus
198 2892 343 2927 cunctis
355 2892 474 2938 copiis
486 2893 562 2928 suis
575 2892 763 2928 conversis
776 2890 909 2926 auxilii
921 2902 1031 2926 causa
1047 2889 1275 2936 properavit,
1283 2890 1528 2936 celeriterque
