1806 3132
502 226 557 261 m
584 224 874 260 ALEXIADEM
903 227 1065 261 NOTAE
1437 221 1519 265 517

172 339 379 399 Σερέψας
414 337 494 394 τὰς
537 338 689 401 ἡνίας]
739 343 982 387 Willelmus
1030 343 1329 388 Gemetieensis
1377 345 1449 389 lib.
1483 348 1521 390 7.
1535 352 1754 400 Pag.133.A

38 411 128 455 cap.
150 399 219 443 43.
248 398 335 453 Hic
353 397 565 444 Robertus
593 401 701 445 duos
716 400 999 456 Imperatores
1026 402 1074 444 in
1101 415 1186 444 uno
1216 402 1314 445 vicit
1341 403 1523 458 praelio,

37 456 240 500 Alexium
267 455 530 501 Graecorum
559 459 607 501 in
637 458 836 512 Graecia,
882 458 1116 502 Hemieum
1144 458 1433 502 Romanorum
1478 461 1524 503 in

36 512 185 556 Italia.
247 511 370 557 ‘Satis
411 514 524 557 enim
563 516 698 558 victus
740 518 800 558 est
844 515 1070 568 Henrieus,
1114 516 1187 569 qui
1218 516 1367 559 audita
1405 517 1525 570 fama

12 569 176 613 ‘Ducis
202 569 389 623 Roberti,
414 585 490 615 nec
513 571 677 615 viribus
705 570 925 615 Saxonum
967 585 1042 615 nec
1073 571 1413 615 Alamannorum
1451 587 1526 616 nec

37 627 165 670 etiam
192 627 410 671 moenibus
437 628 558 671 urbis
586 642 693 684 quae
722 632 850 682 eaput
878 632 939 672 est
969 628 1106 681 Orbis,
1137 629 1332 682 confisus,
1369 629 1433 672 vel
1460 633 1525 672 tu-

37 686 117 735 tus,
164 684 351 728 concitus
393 685 575 740 aufuqit.
636 685 878 729 Willelmus
908 685 1127 728 Malmesb.
1164 685 1235 728 lib.
1256 687 1297 728 3.
1328 685 1378 728 de
1409 685 1523 729 Gest.

38 738 168 796 Angl.
202 739 290 784 Nee
313 742 519 786 sustinuit
543 743 748 786 nuncium
777 742 1040 786 advenient-is
1060 741 1270 797 (Roberti)
1299 741 1522 794 Heuricus,
1576 772 1580 775 -

37 798 142 851 quin
170 811 265 841 cum
285 797 401 852 falso
430 798 569 853 Papa,
599 800 693 843 sola
717 799 840 852 fama
868 800 1043 842 territus
1073 802 1194 854 terqa
1221 799 1356 842 daret.
1416 798 1521 842 Vide

36 853 262 909 Hugonem
290 855 597 900 Flaviniaeens.
625 856 671 899 in
696 855 888 900 Chronic.
918 869 1014 912 pag.
1036 857 1133 899 229.

161 916 353 980 ‘'vayg]
383 922 559 967 Cladem
577 923 814 967 Boemundi
841 923 897 967 ad
914 923 1126 967 Larissam
1158 922 1375 978 intelligit,
1398 936 1524 978 quam
1538 929 1566 964 B

36 978 116 1022 hoe
143 977 253 1022 libro
281 981 596 1024 commemorat.
628 980 751 1023 Adde
781 981 987 1024 Zonaram
1017 993 1113 1036 pag.
1131 980 1227 1022 236.

172 1045 311 1101 Μῆνα
338 1042 515 1105 Matar]
544 1047 671 1091 Anno
701 1047 863 1091 scilicet
894 1047 991 1091 Chr.
1021 1056 1266 1091 MLXXXIH.
1535 1054 1569 1090 D

169 1105 497 1171 Ἇνὺποιστον]
529 1115 723 1158 Primum
743 1114 966 1159 Gallorum
984 1114 1189 1170 impetum
1216 1113 1569 1157 atrocissimumD

34 1172 197 1224 se'mper
244 1170 384 1225 fuisse,
438 1172 488 1215 ut
535 1185 612 1215 uec
661 1172 859 1215 sustineri
913 1172 1063 1227 posset,
1112 1170 1323 1214 testantur
1367 1170 1523 1224 passim

35 1226 283 1282 Scriptores,
312 1228 524 1281 Memnon,
555 1229 758 1285 Polybius
789 1229 863 1272 lib.
886 1229 926 1272 2.
953 1228 1097 1271 Livius
1128 1227 1202 1270 lib.
1218 1225 1287 1269 27.
1309 1226 1377 1269 34.
1397 1227 1439 1269 et
1455 1227 1522 1269 38.

31 1283 165 1327 Silius
205 1283 346 1328 Italic.
394 1285 469 1329 lib.
499 1286 539 1329 8.
585 1286 814 1329 Frontinus
858 1285 932 1328 lib.
953 1286 993 1327 2.
1024 1286 1102 1328 etc.
1162 1283 1269 1326 Vide
1312 1283 1524 1338 praeterea

0 2917 37 3132 ww...
0 2878 12 2901 ‘
15 2849 20 2863 -
31 2822 35 2837 ,.
12 2782 15 2784 f

37 1339 230 1384 eamdem
262 1341 433 1386 Annam
462 1355 561 1398 pag.
580 1343 675 1385 134.
700 1343 794 1385 135.
816 1343 912 1385 283.
931 1342 1028 1384 325.
1058 1341 1231 1383 Petrum
1249 1339 1369 1382 Diae.
1395 1339 1469 1382 lib.
1484 1339 1524 1381 4.

35 1396 229 1440 chronic.
260 1397 422 1442 Cassin.
451 1412 542 1455 cap.
564 1400 633 1442 41.
662 1399 705 1442 et
734 1399 882 1442 Ioann.
904 1397 1249 1442 sarisberiensem
1278 1396 1351 1439 lib.
1371 1397 1410 1438 6.
1441 1396 1524 1439 Po-

34 1453 184 1510 lycrat.
217 1467 307 1511 cap.
329 1457 395 1499 16.

175 1517 266 1581 Τὴν
293 1525 483 1567 νικῶσαν
515 1516 660 1578 εἶχεν]
719 1523 982 1579 Expugnatis
1013 1521 1243 1573 Ioanninis‚
1274 1520 1328 1564 ad
1356 1520 1747 1573 Artam‚Pag.134.c

35 1579 181 1622 urbem
213 1579 267 1623 ad
295 1580 573 1625 Ambracium
601 1580 741 1623 sinum
771 1581 965 1636 positam,
1002 1580 1140 1623 castra
1178 1577 1395 1641 statuerat·
1416 1577 1523 1619 Boe·

34 1635 240 1687 mundus;
284 1638 366 1690 cui,
397 1637 499 1681 dum
543 1637 771 1690 obsidetur,
817 1650 937 1692 opem
977 1637 1076 1680 dare
1106 1635 1248 1678 voleus
1277 1633 1460 1683 Alenus,
1496 1646 1521 1675 a

33 1692 280 1737 Boemundo
309 1694 498 1750 fugatur.
557 1694 681 1737 Hane
710 1694 946 1738 Boemundi
975 1692 1197 1736 victoriam
1228 1690 1403 1733 narrant
1429 1689 1522 1732 Ma-

33 1748 190 1793 laterra
221 1750 295 1794 lib.
317 1753 358 1794 3.
388 1764 479 1807 cap.
502 1752 572 1794 29.
611 1750 835 1794 Ordericus
863 1751 1019 1794 vitalis
1058 1749 1130 1791 lib.
1154 1749 1192 1790 7.
1231 1759 1327 1802 pag.
1348 1746 1443 1810 644.
1479 1746 1521 1788 et

35 1805 278 1851 willelmus
306 1808 526 1852 Malmesb.
556 1807 631 1851 lib.
652 1809 692 1850 3.
723 1821 821 1863 pag.
842 1808 936 1850 107.
962 1805 1205 1862 praesertim
1235 1815 1331 1846 vero
1350 1801 1519 1845 Gulllel.

34 1862 162 1918 Apul.
193 1863 267 1908 lib.
288 1865 328 1908 5.
359 1865 472 1909 hisce
490 1865 714 1908 Versibus:

166 1931 272 1976 Post
300 1933 375 1977 ubi
401 1932 633 1976 Robertum
661 1932 855 1988 cognovit
882 1930 1062 1974 Alezizcs
1091 1941 1178 1993 esse

168 1989 362 2045 Aequore
391 1993 686 2044 transvectum,
715 1990 828 2032 vires
854 2001 1058 2042 reparare
1083 1987 1270 2028 minutas

167 2046 350 2100 Nititur,
381 2047 644 2102 absentisque
672 2045 810 2089 Ducis
834 2045 1099 2100 perfrinyere
1127 2044 1280 2085 castra.

169 2104 289 2148 Hace
319 2104 404 2148 duo
432 2103 660 2148 servabant
687 2104 730 2146 vi
759 2102 1013 2156 consilioque
1032 2101 1238 2162 potente&

168 2161 313 2205 Filius
339 2161 414 2205 ille
440 2161 578 2204 Ducis
605 2160 893 2211 Boemundzcs,
923 2162 962 2201 et
990 2159 1068 2200 iste
1094 2155 1294 2220 Brzenus.

169 2218 304 2262 Haud
324 2218 481 2274 procul
504 2233 533 2261 a
561 2217 733 2269 Ianiria,
763 2229 848 2259 nou
870 2215 1003 2270 parvi
1033 2224 1216 2256 nommzs
1241 2209 1354 2260 urbe,

170 2275 321 2318 Partis
347 2274 558 2318 Alexinae
582 2273 768 2328 populus
793 2287 873 2316 sua
902 2275 1043 2315 castra
1068 2270 1241 2312 locarat.

169 2331 412 2386 Multiplici
432 2335 607 2387 partem
626 2330 879 2385 praemunit
906 2325 1233 2390 Alexim-illam

172 2389 298 2433 Obice
316 2388 628 2443 plaustrorum,
658 2401 784 2442 quam
804 2386 952 2440 pervia
976 2384 1183 2447 plaut-cnei

167 2445 243 2489 Aa
260 2446 583 2500 pervadendam
601 2445 773 2498 facilem
799 2442 957 2485 vicinia
983 2440 1137 2503 redd-tt.

168 2502 335 2546 Ferrea
362 2516 457 2546 cum
484 2501 656 2545 tribulis
685 2513 827 2544 omnes
852 2498 1047 2541 saliunca
1071 2507 1238 2558 marum

169 2559 404 2614 Praepedit
434 2572 635 2610 accessus,
665 2562 711 2600 ut
740 2556 853 2599 laxis
880 2554 1013 2597 hostis
1040 2552 1213 2595 habenis

170 2615 288 2660 Dum
318 2617 501 2660 dimittet
530 2629 665 2670 equos,
689 2612 872 2668 pedibus
897 2611 1059 2674 figatur
1087 2619 1296 2672 equorum.

169 2673 230 2716 At
253 2673 407 2717 nebula
437 2672 644 2717 Danaum
662 2672 914 2725 prospectus
940 2665 1200 2728 impediente,

168 2730 284 2774 Illuc
306 2730 554 2774 Normarmi
570 2743 656 2783 per
682 2726 838 2770 vitibus
869 2737 1021 2778 aspera
1047 2722 1200 2770 demis,

169 2785 388 2842 Plenaque
416 2788 596 2831 carectis
622 2785 714 2828 loca
735 2794 965 2837 pervenere
993 2778 1182 2844 latenter.

176 2843 327 2889 Obstat
354 2844 632 2899 conyrediens
651 2840 879 2896 paulisper
906 2836 1086 2880 Aleoezus
1114 2833 1227 2877 illis:
