1806 3132
289 224 372 268 518
812 230 991 265 OAROLI
1019 229 1261 266 DUCANGII

425 346 510 394 Sed
538 361 625 392 non
654 348 863 392 instantes
891 347 1069 402 sufferre
1099 347 1262 391 diutius
1290 347 1389 392 illos

424 405 617 460 Evaluit,
638 406 843 461 petiitque
867 406 1031 461 fuyam,
1067 405 1280 460 vietusque
1307 405 1487 449 recessit.

431 462 585 508 Urbem
619 463 867 507 Thessaliae
897 466 1123 516 superatus
1154 462 1301 506 Marte
1331 462 1512 507 secundo

424 520 602 575 Appetit
632 521 859 576 eyreyiam,
887 521 1040 576 vulqus
1069 519 1178 564 hanc
1206 524 1326 564 vocat
1353 519 1617 564 Saloniehin.

292 579 417 622 Anna
446 591 530 622 non
561 577 915 630 Thessalonicam,
962 577 1033 621 sed
1063 577 1293 620 Achridem
1336 578 1431 633 post
1474 577 1582 620 hanc
1622 577 1781 620 cladem

293 635 487 679 Alexium
535 635 695 679 venisse
738 634 908 685 scribit3
955 635 1001 677 in
1045 634 1219 678 caeteris
1263 634 1471 678 consentit
1517 633 1783 686 Guillelinus,

292 693 373 736 nisi
403 692 515 748 quod
544 693 713 735 unicam
755 704 802 735 ex
823 691 998 743 duabUS,
1030 705 1134 747 quas
1163 692 1254 746 ipsa
1275 692 1469 747 agnoscit
1490 691 1628 738 Anna.
1651 692 1786 734 victo-

292 751 366 793 riis
398 749 604 815 confi-cit..
637 749 751 792 Nam
781 749 823 791 in
867 748 997 815 priori
1038 749 1196 804 praelio
1237 749 1524 804 plaustrorum
1569 748 1697 801 obice,
1741 749 1785 791 in

55 806 632 907 ¹31
659 805 1520 918 Amisa&

293 921 401 966 Sunt
432 934 529 965 vero
561 919 770 975 στρουγαὶ
799 920 1032 976 Bulgarica
1052 920 1202 975 lingua-
1236 920 1383 970 fossae,
1420 921 1585 976 stagna,
1609 920 1786 971 vivaria,

293 992 314 1023 e
346 978 497 1033 quibus
527 990 709 1033 magnus
743 977 921 1032 piscium
952 977 1179 1032 proventus
1210 977 1452 1032 parabatur,
1488 991 1562 1032 pro
1596 990 1678 1032 quo
1709 977 1788 1019 tri-

292 1036 443 1079 butum
459 1035 751 1090 pensitabatur
771 1034 1002 1101 quotannis
1017 1034 1117 1077 fisco
1135 1034 1420 1103 Imperatoris.
1453 1034 1789 1102 Theophylactus

292 1093 421 1159 A(rch.
443 1092 570 1147 Bulg
596 1091 733 1161 Epist.
750 1091 818 1134 41.
850 1090 923 1133 καὶ
952 1089 1031 1161 γρὶρ
1066 1089 1143 1133 ἐπί
1171 1106 1220 1133 τε
1250 1092 1347 1142 τοῖς
1376 1086 1537 1146 μύλοις
1565 1089 1787 1134 διπλασία)

294 1165 335 1192 οι
368 1147 597 1218 Κληρικοί,
634 1146 663 1216 is
693 1163 735 1190 οι
765 1147 936 1191 Λαὶκοὶ
961 1144 1247 1192 ὑπετέλεσαν.
1295 1147 1368 1191 καὶ
1412 1147 1487 1191 ἐπὶ
1523 1149 1614 1190 τῶν
1646 1147 1790 1190 Βουλ-

293 1202 438 1275 γὰρων
467 1204 557 1274 μὲν
559 1202 792 1274 γλώτταις
826 1204 1079 1276 λεγομέναις
1110 1207 1356 1272 στρουγαῖς,
1401 1201 1575 1274 (Ἕλλην
1614 1204 1652 1247 δ’
1682 1199 1789 1274 ἀνὴρ

294 1260 511 1328 διώρυχας
542 1278 594 1305 αν
623 1258 789 1314 ταύτας
819 1261 928 1319 ἐρεῖ)
970 1258 1142 1316 ἰχθύων
1183 1255 1318 1318 ἄγραν
1353 1258 1685 1330 προξενούσαις,
1717 1261 1791 1304 καὶ

295 1320 370 1364 ἐπὶ
401 1317 579 1371 ταύταις
609 1319 657 1363 δὲ
686 1319 1011 1363 πολλαπλασίω
1051 1321 1139 1362 τῶν
1168 1321 1248 1363 τοῦ
1277 1321 1428 1363 κοινοῦ
1458 1316 1668 1379 πλήθους
1698 1318 1792 1375 ἐζη-

294 1373 544 1434 μιώθησαν.
589 1378 645 1421 Et
674 1377 819 1448 paucis
851 1377 1097 1430 interiectis,
1127 1372 1346 1432 τοπάριον
1368 1377 1577 1447 λιμναῖον
1619 1381 1793 1443 struyas

295 1435 621 1503 interpretatum
660 1434 733 1477 καὶ
768 1433 845 1477 ἐπί
874 1449 960 1477 τινι
987 1434 1193 1501 τοπαρίω
1229 1433 1414 1491 λιμναία)
1450 1431 1621 1488 ἰχθύων
1657 1449 1792 1489 αγραν

296 1488 464 1535 διδόντι
483 1490 708 1535 πένισσαν.
752 1492 931 1535 Ioannes
952 1492 1145 1535 Phocas
1133 1506 1178 1535 111
1200 1492 1406 1547 Descript.
1439 1493 1591 1535 Terrae
1611 1491 1793 1535 Sanctae

295 1550 349 1592 N.
372 1550 440 1592 20.
473 1548 670 1592 Achridis
700 1549 830 1592 situm
861 1549 1110 1601 describens,
1143 1549 1289 1604 paludi
1309 1549 1623 1593 inaedificatam
1642 1548 1791 1600 tradit,

295 1607 405 1650 unde
435 1619 545 1662 aqua
575 1606 764 1662 emergit,
795 1606 840 1648 in
870 1606 1001 1649 variis
1038 1606 1176 1650 terrae
1223 1606 1486 1650 convallibus
1529 1606 1791 1675 restagnans,

297 1677 401 1734 quas
431 1667 604 1732 struyas
636 1663 803 1706 accolae
832 1663 1008 1707 vocant:
1056 1659 1147 1716 ἔχει
1190 1662 1295 1715 γοῦν
1340 1658 1563 1731 σχήματος
1609 1658 1635 1719 ἡ
1669 1663 1794 1704 πᾶσα

1453 1723 1486 1746 V

297 1714 1426 1848 {gaggats23,„125222225‘330531322539'³502
1450 1715 1684 1832 tzitta.
1706 1721 1794 1819 ’.ἒέ-

298 1851 436 1906 (recogn
441 1833 669 1904 Λχρίόος,
693 1833 738 1877 ἐν
765 1830 910 1890 τούτῳ
940 1831 1065 1932 τὴνἈ
1061 1832 1295 1905 ἐναλλαγην
1335 1830 1474 1892 μόνην
1511 1833 1791 1903 φαινομένην,

300 1892 344 1936 ἐν
373 1891 437 1949 τῷ
468 1889 548 1946 μὲν
577 1907 671 1934 απο
702 1893 780 1958 τῆς
813 1875 1024 1948 λίμνης’
1010 1891 1216 1960 Λχρίόος
1260 1890 1536 1961 ἕξέρχεσθαι
1565 1887 1684 1945 ἴδιος)
1732 1888 1795 1942 εἷς

299 1933 543 2019 διαφόρους
572 1950 654 2004 τῆς
681 1950 757 2015 γῆς
785 1945 1210 2018 περιλιμναζομενον
1240 1945 1481 2006 φάραγγας,
1509 1965 1561 2000 ας
1581 1963 1795 2003 στρουγας

301 2023 344 2049 οι
373 2007 452 2065 τῆς
480 2004 623 2048 ἐκεῖσε
653 2007 730 2062 γῆς
758 2001 987 2072 οἰκήτορες
1018 1998 1310 2061 ονομάζουσιν
1340 2007 1418 2050 etc.
1492 2006 1544 2049 In
1575 2006 1640 2049 his
1672 2018 1794 2060 porro

301 2064 462 2114 Annae,
502 2063 643 2118 Theop
644 2063 700 2118 hy
702 2063 806 2106 lacti
845 2064 887 2106 et
916 2063 1083 2107 Phocae
1127 2064 1243 2116 locis,
1287 2063 1473 2117 intelligi
1515 2063 1691 2118 planum
1733 2062 1796 2105 est

301 2121 441 2164 alveos
471 2120 579 2173 illos,
611 2133 714 2176 quos
744 2120 845 2163 olim
876 2119 1047 2164 Samuel
1066 2120 1351 2176 Bulgarorum
1381 2120 1481 2173 Rex,
1503 2119 1794 2177 Lychnitidem

302 2177 512 2232 paludem,
544 2177 611 2220 cui
643 2177 841 2220 Achridis
870 2177 1187 2221 inaedificatum
1225 2177 1437 2233 oppidum,
1477 2178 1693 2221 exhaurire
1722 2189 1796 2219 vo-

302 2235 391 2277 lens
432 2234 611 2277 fecerat:
644 2247 727 2289 qua
758 2234 928 2289 quidem
956 2234 1001 2277 in
1031 2234 1184 2290 palude
1212 2235 1441 2278 maximam
1484 2234 1572 2278 vim
1617 2233 1796 2301 piscium

303 2291 431 2334 fuisse
466 2291 651 2334 testatur
679 2291 962 2360 Nicephorus
971 2290 1134 2335 Callist.
1166 2291 1240 2335 lib.
1265 2292 1332 2334 17.
1359 2304 1436 2346 cap
1439 2292 1539 2335 ..28
1571 2289 1619 2344 ἐξ
1646 2279 1697 2348 ἧς
1725 2289 1797 2332 καὶ

305 2347 485 2405 πλῆθος
515 2343 584 2390 ότι
614 2347 828 2390 πλεῖστον
857 2343 1030 2401 ἰχθύων
1059 2342 1300 2415 αγρεὺεται.
1332 2347 1459 2392 Anna
1478 2348 1551 2391 lib.
1577 2349 1642 2391 12.
1663 2347 1796 2390 fossas

303 2405 407 2448 istas
428 2405 470 2448 et
491 2405 631 2448 alveos
651 2405 914 2461 Lychnitidis
932 2405 1098 2460 paludis
1128 2401 1328 2461 τάφρους
1347 2406 1484 2449 vocat.
1516 2405 1623 2448 Vide
1643 2418 1681 2460 p.
1698 2405 1795 2447 371.

65 2463 156 2509 Pag.
170 2462 250 2498 136
261 2462 291 2497 B
439 2458 518 2512 Εις
549 2458 690 2516 Θεὸν]
740 2462 951 2505 Pietatem
992 2462 1134 2506 Alexii
1190 2463 1231 2506 et
1276 2462 1462 2506 caeteras
1503 2462 1637 2506 animi
1680 2461 1797 2505 dotes

306 2518 572 2562 commendat
600 2518 728 2562 etiam
751 2518 974 2563 Ordericus
991 2519 1148 2563 Vitalis
1176 2519 1250 2563 lib.
1273 2520 1310 2563 7.
1356 2518 1482 2573 Erat,
1510 2519 1663 2574 inquit,
1686 2532 1796 2573 pru-

307 2575 410 2618 dens
438 2579 477 2618 et
509 2575 688 2629 probus,
736 2576 883 2620 audax
925 2580 965 2620 et
1007 2576 1157 2642 laryus
1193 2580 1232 2619 et
1261 2576 1457 2621 amabilis
1473 2533 1723 2619 omnibus?
1744 2574 1798 2617 Et

306 2644 423 2674 mox.
454 2631 568 2675 Erat
596 2633 774 2676 multum
801 2634 975 2688 sapiens
1004 2637 1043 2677 et
1061 2634 1300 2677 misericors
1321 2633 1598 2688 pauperibus,
1621 2632 1798 2676 bellator

304 2688 431 2741 fortis
460 2692 498 2731 et
526 2690 837 2744 maynanimus,
868 2690 1058 2743 affabilis
1087 2690 1305 2743 militibus,
1345 2703 1644 2744 munerumque
1674 2689 1799 2732 dator

308 2744 590 2800 laryissimus,
622 2746 791 2790 divinae
821 2747 926 2802 leyis
969 2747 1106 2791 cultor
1135 2748 1437 2791 devotissimus.
1511 2746 1613 2790 Fuit
1655 2746 1797 2790 tamen

309 2800 495 2853 Alexius,
526 2803 575 2845 ut
608 2802 670 2844 ait
703 2803 1089 2848 Malmesburiensis
1118 2804 1190 2847 lib.
1213 2805 1252 2847 2.
1290 2803 1466 2848 Astutia
1493 2808 1532 2848 et
1555 2802 1796 2858 fraudibus,

312 2871 437 2914 quam
460 2858 672 2913 probitate
700 2861 853 2904 notior.
912 2860 1019 2905 Vide
1045 2861 1216 2905 Annam
1246 2874 1343 2917 pag.
1366 2862 1462 2905 231.
