1734 3120
518 196 782 234 Amxums
810 199 904 233 Lm.
932 195 1012 234 xv.
1049 195 1110 234 11.
1446 193 1524 236 381

45 313 172 374 ἥλιος
200 313 276 360 ἔδυ
304 315 362 374 ἐφ
378 349 498 360 .....
517 316 524 371 Ι
546 311 587 357 οἱ
617 313 678 371 μή
723 310 815 357 ἄπὸ
847 311 1029 365 πάθους
1057 311 1336 371 ἁλισκόμενοι
1366 314 1443 375 τὴν
1459 353 1469 362 .
1486 353 1497 362 .
1517 323 1584 362 .V.
1610 325 1681 361 399

46 419 56 428 .
75 385 137 440 ..Ι
161 379 380 439 ἐθρήνουν
419 379 666 425 ἐκόπτοντο
703 378 860 438 γοερόν
903 376 1033 436 ἅνοιμ
1051 417 1201 427 ......
1218 383 1224 439 Ι
1246 381 1310 435 εἰς
1344 379 1530 440 οὐρανὸν
1541 396 1581 433 Ρ,
1608 398 1680 433 506

45 447 122 504 τᾶς
161 450 315 510 φωνὰς
363 449 623 506 ἀνέπεμπον
641 484 876 494 .........
896 449 902 504 Ι
925 446 1003 491 τόν
1055 445 1293 509 εὐεργέτην,
1346 452 1423 495 τόν
1475 451 1530 496 τὰ

45 517 191 562 πάντα
220 515 276 563 αὖ
292 553 583 564 ...........
601 519 608 573 Ι
625 534 762 562 σαντα
800 513 1159 573 ἅποκλαιόμενοι.
1217 519 1300 575 ἐγώ
1329 537 1362 576 μ
1379 554 1527 566 ......

8 594 65 637 5.“
72 622 194 632 .....
213 588 390 643 Ιπιστῶ
430 585 608 646 ἐμαυτῇ,
646 581 775 642 εἴπερ
814 586 875 640 ζῶ
902 601 950 628 τε
995 585 1067 629 καί
1106 603 1132 642 γ
1146 621 1407 632 ..........
1428 590 1531 644 Ιμο-

44 653 156 699 νεύω
188 651 386 700 θανάτου
426 656 505 698 τοῦ
544 649 817 710 αὐτοκράτορ
834 688 1011 698 .......
1032 654 1038 709 Ι
1062 653 1301 712 ε’παφῶμαι
1353 658 1416 714 τῷ
1446 652 1532 715 ὄφ-

45 723 220 781 θαλμῷ,
248 723 424 782 μήποτε
442 757 595 766 ......
615 724 619 777 ξ
644 738 721 777 ναρ
752 721 845 765 ἐστὶ
875 719 928 764 τὰ
970 723 1045 764 νῦν
1073 718 1147 779 ὑφ’
1182 719 1306 780 ἡμῶν
1335 719 1531 780 ὗπαγορε

47 826 201 836 ......
221 792 226 847 Ι
247 790 297 834 δέ
325 806 373 848 γε
403 790 475 833 καὶ
498 791 559 848 μὴ
593 782 698 845 ι’)’ναρ
730 789 848 834 ἐστὶν
867 783 959 832 ἄλλ’
985 788 1187 841 ε”κστασίς
1201 824 1211 833 .
1230 823 1239 832 .
1257 825 1267 834 .
1287 825 1297 834 .
1316 790 1321 845 Ι
1344 791 1416 834 καὶ
1445 806 1532 832 πα-

45 857 219 920 ρακοπὴ
247 859 321 903 καὶ
358 856 513 911 πάθος
546 859 651 914 περὶ
683 852 805 914 ι’)’μμα
823 893 972 902 ......
992 857 1093 913 Ικαὶ
1121 852 1371 903 ἀλλόκοτον.
1432 859 1533 910 πῶς

0 943 34 979 [ο
45 925 124 984 γὰρ
170 923 496 984 ἀπορρυέντος.
516 963 526 971 .
544 963 555 971 .
572 963 582 971 .
601 927 607 981 Ι
628 930 726 979 τοῖς
772 928 945 981 βιοῦσιν
990 923 1074 983 ἐγώ
1123 923 1414 982 συντάττομαι
1459 928 1530 970 καὶ

45 1013 151 1040 συν.
169 996 383 1051 ..Ιζῶσιν
425 991 455 1053 ἢ
483 997 584 1047 πῶς
627 990 680 1038 οὗ
722 995 1019 1053 συνεπαφῆκα
1048 994 1119 1038 καὶ
1136 1029 1288 1039 ......
1306 996 1312 1051 Ι
1329 993 1473 1054 ψυχὴν
1506 991 1575 1055 ἢΒ

45 1059 184 1116 swas·
203 1060 524 1115 ἐκπνεύσαντος
551 1064 683 1118 συνεξ
696 1098 843 1107 ......
863 1064 870 1118 Ι
890 1062 964 1105 καὶ
982 1058 1254 1119 ἀναίσθητος
1272 1057 1529 1121 ἀπωλόμην,

46 1131 86 1177 εἶ
126 1132 176 1177 δὲ
215 1150 246 1188 μ
264 1167 501 1178 .........
520 1136 523 1187 ζ
544 1128 724 1184 πόνθει,
773 1132 873 1182 πῶς
919 1125 999 1174 οὐκ
1040 1125 1134 1174 ἆπό
1178 1147 1310 1174 τινων
1347 1127 1533 1189 ὑψηλῶν

45 1202 117 1244 καὶ
134 1236 144 1246 .
163 1236 172 1245 .
189 1236 199 1245 .
216 1236 226 1245 .
245 1209 251 1258 ξ
269 1197 400 1257 ὥρων
418 1195 553 1258 αἰτὴν
581 1194 743 1257 ὦθησα
760 1195 787 1256 ἢ
808 1198 921 1242 κατὰ
949 1196 1167 1254 κωμάτων
1196 1199 1218 1243 ε’
1233 1234 1383 1244 ......
1401 1200 1408 1256 Ι
1424 1215 1534 1242 πον·

0 1284 33 1320 [5
46 1270 153 1313 τίων
192 1273 445 1328 συμφοραῖς
480 1264 689 1326 μεγάλαις
726 1266 804 1326 τὴν
845 1266 985 1326 ζωὴν.
1003 1303 1014 1312 .
1033 1269 1068 1324 ,Ι
1085 1268 1269 1325 έγραψα.
1327 1266 1419 1312 ἀλλ’
1449 1263 1529 1312 οὐκ

48 1337 168 1382 ἔστιν
195 1331 282 1393 ι’ἱρα
308 1337 420 1381 κατὰ
448 1335 528 1397 τὴν
549 1354 695 1395 τραγῳ
713 1373 723 1381 .
739 1373 750 1382 .
767 1338 777 1394 ΙΙ
794 1373 804 1381 .
823 1372 833 1382 .
865 1333 1021 1389 πάθος
1039 1337 1112 1380 καὶ
1140 1334 1345 1395 ξυμφορὰ
1364 1333 1530 1395 θεήλα-

47 1424 136 1459 τος,
183 1397 233 1464 ἧς
262 1401 342 1451 οὗκ
369 1403 422 1450 ἷὶν
452 1399 596 1460 ὄχθος
615 1408 617 1455 Q
636 1441 647 1450 .
665 1441 675 1450 .
693 1405 822 1463 οίμην
856 1402 955 1462 ἐγώ.
1016 1402 1132 1448 οὕτω
1162 1402 1242 1461 γάρ
1276 1421 1332 1460 με
1362 1402 1387 1448 ὁ
1419 1400 1533 1456 Θεός

46 1475 292 1533 συμφορῶν
319 1472 543 1532 μεγάλωνΙ
563 1509 573 1519 .
591 1474 775 1532 .ποιήκε
806 1470 1087 1531 καταγώγιον.
1141 1467 1428 1531 ἅπεβαλόμην
1457 1489 1533 1516 το-

47 1544 232 1600 σοῦτονΙ
253 1579 263 1588 .
279 1544 458 1602 ωστῆρα
489 1543 571 1599 τῆς
609 1541 878 1600 οἰκουμένης,
917 1542 995 1585 τὸν
1021 1542 1154 1599 μέγαν
1179 1536 1400 1596 Ἀλέξων·
1429 1542 1501 1584 καὶ
1523 1541 1572 1598 lc

184 1670 216 1704 1.
247 1667 413 1705 .....Ρ.
493 1668 630 1705 ....Ρ.
737 1665 978 1715 advoca-P.
1076 1669 1109 1703 3.
1144 1666 1254 1704 ...P.
1350 1668 1385 1702 4.
1413 1662 1534 1707 αὺτοῖς

188 1743 319 1754 ......
334 1716 375 1752 Ρ.
457 1713 650 1753 παύσαντα
663 1716 704 1752 Ρ.
790 1717 866 1764 μὲν
890 1716 956 1752 οὑν
986 1743 996 1752 .
1011 1744 1020 1752 .
1035 1744 1044 1752 .
1059 1716 1099 1752 Ρ.
1240 1717 1273 1751 5.
1299 1711 1446 1762 γράφω.
1471 1718 1532 1750 καὶ

179 1762 403 1813 μνημονεύω
419 1764 460 1800 Ρ.
607 1767 642 1801 6.
668 1762 934 1812 αὐτοκράτορος
956 1767 1017 1799 καὶ
1029 1764 1069 1799 Ρ.
1237 1765 1270 1800 7.
1293 1760 1438 1811 μήποτε
1463 1760 1533 1809 ἄρα

183 1810 278 1860 ὄναρ
290 1813 329 1850 Ρ.
403 1814 483 1848 ἐστὶ
506 1811 550 1849 τὰ
575 1814 645 1849 νῦν
668 1834 714 1839 -
740 1809 832 1860 ὄναρ
857 1825 928 1849 om.
948 1813 987 1848 P.
1109 1814 1141 1848 8.
1170 1813 1340 1850 ἔκστασίς
1362 1823 1401 1846 τε
1421 1839 1430 1847 .
1445 1839 1455 1848 .
1469 1838 1479 1848 .
1493 1811 1532 1847 P.

181 1862 326 1910 9.1”ιερὶ
350 1861 469 1899 ἐ..Ρ.
568 1864 625 1897 10.
659 1861 774 1899 ...Ρ.
889 1864 945 1897 ll.
975 1861 1088 1899 ...P.
1170 1860 1284 1898 ...P.
1395 1861 1450 1895 12.
1476 1861 1533 1895 ἐκ·

182 1907 409 1949 πνεύσαντος
421 1937 431 1948 .
445 1938 455 1947 .
470 1938 480 1948 .
495 1910 536 1946 Ρ.
666 1910 723 1946 13.
749 1908 803 1957 μὴ
812 1937 918 1947 .....
934 1910 977 1946 Ρ.
1117 1910 1173 1945 14.
1198 1911 1259 1944 καὶ
1282 1905 1479 1956 μετεώρων
1491 1908 1530 1943 Ρ.

182 1955 377 2004 κωμᾶπων
389 1959 434 1995 P:
461 1955 664 2007 aenptcirwv?
754 1959 812 1995 ἐν.
827 1985 837 1995 .
851 1985 862 1995 .
876 1986 885 1995 .
900 1958 940 1994 Ρ.
1082 1959 1137 1994 15.
1164 1956 1258 2002 ζωὴν
1281 1958 1432 2002 ἔγραψα
1455 1957 1534 1991 sine

181 2007 315 2044 lacuna
331 2007 372 2044 P.
529 2009 583 2044 16.
608 2007 820 2054 τραγῳδίαν
832 2007 873 2043 Ρ.
982 2006 1118 2052 incipit
1143 2005 1206 2042 fol.
1231 2005 1320 2040 246¹»
1337 2004 1374 2040 C.
1484 2004 1530 2040 cf.

182 2056 314 2102 Eurip.
339 2055 403 2092 Or.
426 2057 450 2091 2
474 2067 525 2102 sq.
643 2058 700 2094 17.
733 2082 742 2091 .
758 2055 821 2091 .Ρ.
934 2056 989 2090 18.
1017 2057 1193 2098 πεποίηκε
1208 2054 1246 2089 Ρ.
1346 2053 1400 2088 19.
1429 2063 1532 2100 φωσ-

179 2105 270 2152 τῆρα
282 2103 323 2141 Ρ.
421 2106 506 2141 καὶ.
520 2131 530 2141 .
545 2132 554 2140 .
569 2103 618 2150 Ρ;
641 2107 682 2140 at
705 2104 799 2139 nihil
823 2104 863 2139 in
889 2103 916 2139 C
941 2103 1054 2139 deest.

48 2221 107 2257 dit
133 2235 150 2252 t
178 2220 243 2267 qui
267 2220 398 2256 dolore
428 2232 504 2256 non
528 2223 637 2256 erant
662 2221 831 2266 oppressi
857 2220 1046 2266 lugebant,
1070 2218 1296 2264 plangebant
1320 2218 1466 2253 tristem
1492 2217 1531 2252 in

49 2269 201 2306 modum
227 2269 430 2314 eiulantes„
444 2269 483 2305 in
508 2269 650 2305 caelum
668 2280 776 2305 voces
794 2268 976 2304 tollebant
1003 2281 1020 2300 ια
1047 2266 1335 2310 benefactorem,
1359 2265 1424 2311 qui
1443 2265 1534 2311 ipsis

49 2319 175 2353 omnia
214 2331 246 2361 t,
285 2317 534 2363 deplorantem
597 2329 665 2363 ego
690 2328 779 2353 vero
820 2331 837 2349 ια
879 2317 960 2362 ipsa
985 2314 1078 2350 mihi
1102 2313 1246 2358 diffido,
1282 2325 1370 2349 num
1409 2313 1531 2349 vivam

48 2370 161 2412 atque
185 2366 347 2402 scribam
371 2369 409 2402 et
432 2377 582 2402 narrem
608 2368 769 2401 mortem
794 2364 1043 2410 imperatoris,
1084 2367 1121 2398 et
1162 2362 1279 2398 oculis
1313 2373 1444 2397 manus
1468 2373 1531 2407 ap·

49 2415 159 2461 plico,
196 2426 286 2450 num
326 2413 423 2450 sorte
460 2415 606 2450 somnia
642 2415 719 2449 sint
758 2425 852 2459 quae
889 2425 911 2448 a
947 2412 1054 2447 nobis
1079 2413 1291 2455 narrantur,
1316 2422 1375 2455 an,
1399 2410 1436 2445 si·
1455 2421 1530 2445 non

48 2463 204 2506 somnia,
225 2463 342 2498 animi
366 2463 550 2509 quaedam
575 2462 753 2498 alienatio
795 2475 812 2493 *
851 2464 889 2497 et
912 2461 1058 2496 insania
1081 2463 1119 2495 et
1155 2459 1346 2494 oculorum
1384 2460 1531 2504 pertur-

49 2512 153 2547 batio
191 2524 210 2544 t
246 2514 287 2546 et
309 2512 415 2546 mira.
479 2512 544 2557 qui
567 2511 667 2546 enim
694 2510 828 2545 amisso
869 2520 911 2544 eo
936 2507 1148 2545 viventibus
1186 2507 1366 2542 intersum
1395 2509 1435 2541 et
1457 2506 1531 2552 spi·

48 2560 231 2603 rantibus,
268 2559 327 2596 vel
365 2571 432 2595 cur
470 2571 547 2595 non
573 2571 646 2595 una
683 2558 830 2594 reddidi
869 2561 906 2592 et
945 2558 1026 2602 ipsa
1058 2556 1218 2590 animam
1244 2554 1301 2590 vel
1336 2566 1409 2589 una
1446 2565 1529 2590 cum

50 2611 199 2644 mortuo
222 2611 262 2643 et
284 2609 368 2654 ipsa
398 2611 548 2643 mortua
573 2619 654 2643 sum
679 2610 719 2642 et
742 2607 820 2642 sine
845 2616 953 2640 sensu
977 2604 1134 2640 interii?
1175 2604 1232 2638 sin
1259 2603 1382 2638 minus
1408 2615 1439 2645 t,
1464 2614 1531 2638 cur

49 2668 123 2692 non
162 2668 207 2692 ex
242 2656 320 2691 alto
360 2656 584 2702 sublimique
623 2656 703 2691 loeo
744 2665 802 2689 me
841 2653 969 2696 deieci,
1006 2652 1064 2688 vel
1115 2665 1155 2683 u
1200 2651 1346 2696 magnis
1383 2650 1531 2685 calami·

48 2705 193 2740 tatibus
233 2705 350 2740 vitam
378 2704 424 2740 t?
460 2704 536 2750 sed,
578 2708 620 2739 ut
651 2704 690 2738 in
727 2702 921 2748 tragoedia
957 2701 1107 2746 legitur,
1144 2699 1238 2734 nihil
1277 2701 1334 2734 est
1368 2698 1456 2734 mali
1493 2701 1532 2734 et

48 2753 274 2789 calamitatis
297 2753 479 2789 divinitus
505 2753 649 2797 missae,
683 2751 789 2786 cuius
814 2762 907 2785 onus
931 2761 1000 2795 ego
1039 2760 1113 2783 non
1152 2747 1279 2782 feram.
1341 2748 1396 2782 ita
1431 2748 1530 2782 enim

4 2813 6 2815 ’
48 2802 140 2838 deus
164 2801 422 2839 calamitatum
446 2812 668 2848 magnarum
692 2811 751 2834 me
774 2798 864 2834 fecit
888 2797 1130 2833 domicilium.
1171 2796 1361 2831 amisimus
1382 2797 1530 2830 tantum

0 2875 2 2877 »
49 2851 168 2886 totius
192 2849 324 2888 mundi
348 2849 488 2894 lumen,
513 2860 690 2895 magnum
716 2847 913 2884 Alexium:
954 2849 1078 2880 tamen
1109 2843 1231 2879 anima
1258 2844 1531 2880 infelicissimae
