1734 3120
470 256 735 292 Ammms
763 257 859 291 Lm.
889 259 993 294 xm.
1028 256 1095 295 12.
1444 256 1527 299 237

39 375 190 432 μερῶν
216 375 308 420 τῶν
335 371 426 419 {md
453 372 533 434 τὴν
550 374 776 431 βασιλείαν
804 372 943 431 ὑμῶν,
974 373 1059 420 ὅσα
1087 373 1114 435 ἡ
1147 372 1272 430 δύσις
1303 375 1405 432 ἔχει,
1439 376 1527 423 ὅσα

42 442 68 504 ἦ
98 439 287 506 ἀνατολὴ
307 444 516 501 περιέχει,
547 441 739 500 ἐνόρκως
756 441 812 488 vo)
831 439 943 489 αὐτὰ
962 442 1336 505 συμφωνήσουσιν
1356 465 1387 491 α
1405 443 1525 505 κᾶγώ

41 511 159 570 πρὸς
186 513 301 570 ὖμᾶς
328 509 683 571 συμπεφώνηκα·
723 513 796 557 καὶ
824 516 962 557 ταῦτα
991 510 1233 572 ποιήσουσι
1261 515 1334 559 καὶ
1365 517 1528 571 ζῶντος

42 582 151 638 ἐμοῦ
189 582 263 626 καὶ
305 575 690 645 ἆποτεθνηκότος
734 582 807 626 καὶ
841 580 930 637 ἕξει
969 582 1043 626 καὶ
1070 579 1257 636 τούτοις
1285 582 1337 628 τὸ
1368 582 1529 640 κράτος

7 648 165 707 5ὖμῶν
190 644 467 707 ἇνθρώπους
493 650 777 706 ὑποχειρίους
818 650 891 694 καὶ
933 647 1090 708 χρήσει
1124 648 1302 705 τούτοις
1345 650 1429 698 όσα
1458 655 1531 698 καὶ

41 716 279 777 ὑπηρέταις
297 734 490 772 πιστοις.
533 719 606 763 καὶ
622 716 724 764 ὅσοι
742 736 823 775 μεν
839 719 967 763 ἐνται
959 723 1055 763 θοῖ
1071 717 1331 777 τιᾘγχάνοισι
1350 738 1532 766 συνεπι-

41 788 282 847 ἆήμοῧντες
301 787 414 844 ἐμοί,
429 782 586 831 αὐτίκα
600 788 672 832 καὶ
698 786 783 840 τοὶς
808 785 1018 844 ἐνόρκους
1038 789 1214 842 πίστεις
1236 790 1307 834 καὶ
1324 788 1402 843 τὰς
1420 807 1530 847 συμ-

40 855 212 915 φωνίας
240 851 434 901 δώσουσι
464 853 582 912 πρὸς
609 854 724 912 ὑμᾶς
750 853 857 909 τούς
885 854 1151 911 σεβαστοῦς,
1185 859 1265 903 τόν
1305 875 1353 902 τε
1382 856 1572 915 κίριονΟ

39 920 239 980 Ἀλέξων
263 924 338 969 καὶ
366 919 670 981 αὐτοκράτορα
698 927 790 969 τῶν
818 923 1056 981 ςΡωμαίων
1090 927 1163 971 καὶ
1194 924 1273 970 τὸν
1301 945 1532 986 πορφυρο-

0 994 243 1052 ογέννηιῐον
269 993 454 1049 βασιλέα
495 994 568 1037 καὶ
614 991 695 1038 σον
723 991 832 1046 υἱόν,
880 991 980 1039 ὅσοι
1020 994 1070 1039 δὲ
1105 990 1261 1040 ἆπῶσι
1296 999 1387 1039 τῶν
1414 996 1533 1052 ἐμῶν

41 1058 221 1106 ιππέων
248 1062 321 1106 καὶ
350 1059 559 1116 ὁπλιτῶν,
607 1080 684 1115 ους
710 1063 1031 1120 καβαλλαρίους
1061 1060 1272 1123 συνήθως
1301 1066 1532 1122 καλοῦμεν,

40 1126 366 1189 αποστειλάσης
393 1124 644 1187 ανθρωπον
655 1133 758 1214 τῆς
776 1132 1001 1188 βασιλείας
1030 1148 1112 1177 σου
1135 1130 1246 1176 κατὰ
1265 1130 1345 1194 τὴν
1359 1128 1533 1178 ,Ἀντιό-

39 1215 161 1254 χειαν
189 1195 335 1253 πόλιν,
368 1199 461 1244 ἐκεῖ
488 1197 594 1252 τοὺς
612 1195 774 1253 αὗτους
793 1198 957 1256 ὅρκους
976 1195 1301 1247 αποτελέσουσι
1322 1197 1528 1256 κοαεῖνοι,

41 1265 298 1324 ορκιοῢντος
332 1285 414 1324 μεν
459 1262 621 1320 αὐτους
663 1275 744 1313 τοῦ
784 1286 837 1312 αι
840 1265 1034 1323 θρωπου
1076 1272 1155 1328 τῆς
1180 1270 1408 1326 βασιλείας
1433 1287 1528 1324 σου,

0 1339 27 1374 >5
42 1334 154 1392 ἐμοῦ
185 1335 246 1389 δέ,
278 1332 501 1392 ἐπόμνυμι
519 1338 667 1389 τοῦτο,
699 1334 1116 1394 παρασκευάσοντος
1140 1333 1302 1394 ὀμόσαι
1328 1336 1433 1392 τούς
1457 1333 1532 1383 ‘’iv-

40 1406 147 1460 δρας
175 1405 248 1449 καὶ
271 1407 566 1463 συμφωνῆσαι
595 1402 651 1450 τὰ
680 1401 792 1449 αὖτά
807 1422 857 1449 τε
877 1405 950 1450 καὶ
969 1400 1297 1462 ἅπαράλλακτα.
1341 1408 1531 1464 προσέτι

40 1474 270 1532 συμφωνῶ
298 1473 372 1516 καὶ
401 1470 644 1529 ἐπόμνυμι,
683 1473 744 1526 ὠς
779 1467 866 1530 ι’ίρα
901 1477 1007 1519 καθ’
1039 1465 1101 1519 ὦν
1129 1474 1210 1531 μὲν
1239 1471 1291 1519 ἂν
1318 1472 1577 1533 βούληταιῡ

42 1539 66 1598 ἡ
92 1540 295 1596 βασιλεία
322 1538 445 1597 ὑμῶν
472 1547 562 1587 τῶν
590 1539 867 1597 κατεχόντων
881 1543 1038 1595 πόλεις
1056 1544 1129 1587 καὶ
1157 1539 1314 1601 χώρας,
1343 1543 1395 1587 αἵ
1416 1559 1531 1587 ποτε

40 1607 272 1655 ὑπέκειντο
301 1610 358 1670 τῇ
371 1611 575 1669 βασιλείᾳ
593 1613 672 1670 τῆς
691 1608 1224 1665 Κωνσταντινοῑπόλεως,
1254 1607 1532 1669 ἀντάρασθαι

0 1684 30 1718 10
42 1681 190 1736 χεῖρας
214 1678 288 1722 καὶ
317 1680 605 1738 ξυγκροτῆσαι
635 1676 849 1736 πόλεμον,
894 1682 1029 1724 τοῦτο
1070 1676 1249 1739 ποιήσω
1294 1674 1411 1738 κάγώ
1460 1680 1533 1724 καὶ

57 1771 62 1774 ¹
177 1784 212 1818 2.
238 1778 615 1840 συμφωνήσουσινΟ,
638 1780 1017 1841 σομφωνήσουσινΡ.
1096 1785 1129 1819 3.
1145 1783 1329 1829 ζῶντοςΟ,
1345 1784 1532 1823 ξῶντοςΡ.

176 1831 212 1867 4.
234 1827 536 1876 αποτεθνηκότος
559 1832 603 1874 F,
629 1827 891 1871 ἀποθανόντος
914 1832 956 1868 Ρ.
1043 1830 1128 1878 ἕξει]
1155 1843 1171 1866 ε
1195 1834 1301 1878 prius
1326 1832 1367 1867 in
1390 1844 1464 1868 ras.
1490 1832 1533 1868 F.

177 1880 211 1915 6.
236 1877 431 1926 ὑπηρέταις
447 1880 492 1916 F.
599 1876 821 1927 τυγχάνουσι
849 1880 1056 1927 συνεπιδημ
1062 1880 1185 1919 οῦντες
1208 1881 1294 1927 ἐμοὶ
1320 1880 1363 1925 F,
1400 1894 1533 1926 τυγχα-

177 1938 306 1964 νουσιν
331 1929 418 1975 ἐμοὶ
443 1929 783 1985 συνεπιδημουντες
806 1927 848 1964 Ρ.
948 1929 982 1964 7.
1007 1926 1090 1968 τοὺς
1106 1914 1283 1983 ἐνόρκους
1307 1928 1347 1972 P,
1374 1928 1533 1965 correxi.

177 1977 212 2012 8.
240 1973 424 2022 κύριονῐῧ,
452 1973 558 2023 κύριν
584 1977 625 2012 Ρ.
726 1978 781 2012 11.
808 1973 1040 2021 σινὴθωςΓ,
1070 1973 1229 2020 σύνηθες
1251 1976 1293 2013 Ρ.
1395 1978 1451 2013 14.
1474 1975 1535 2021 ὁρ·

175 2026 341 2065 κιοῦντος
363 2024 408 2070 F,
434 2024 636 2072 ὁρκοῦντος
661 2025 702 2060 Ρ.
853 2026 908 2061 15.
934 2022 1286 2072 παρασκευάσαντος
1309 2025 1350 2071 P,
1376 2019 1534 2062 correxi.

177 2074 236 2110 20.
260 2075 500 2120 ξυγκροτῆσαι
527 2074 572 2119 F,
599 2074 846 2120 συγκροτῆσαι
871 2073 912 2109 Ρ.

40 2164 179 2202 vestris
204 2167 245 2202 et
270 2165 405 2202 castris
429 2165 598 2212 locisque
621 2177 665 2202 ac
689 2166 735 2202 de
762 2165 908 2202 cunctis
933 2165 1087 2202 omnino
1111 2164 1285 2212 partibus
1317 2163 1358 2200 in
1382 2164 1535 2211 imperii

43 2213 160 2250 vestri
184 2213 372 2250 dicionem
398 2214 572 2257 redactis,
604 2226 695 2261 quas
720 2213 901 2251 Occidens
935 2214 1062 2259 habet,
1094 2225 1188 2260 quas
1214 2212 1347 2249 Oriens
1372 2213 1533 2259 amplec-

41 2262 151 2308 titur,
162 2261 278 2299 iurati
291 2263 519 2309 promittent
535 2262 678 2309 eadem,
704 2274 802 2309 quae
828 2264 867 2298 et
883 2274 954 2309 ego
971 2262 1078 2299 vobis
1103 2261 1272 2308 promisi,
1290 2272 1406 2307 eaque
1422 2263 1462 2297 et
1473 2272 1533 2296 me

43 2311 129 2347 vivo
146 2313 186 2347 et
204 2322 264 2348 me
278 2314 430 2347 mortuo
447 2311 596 2348 facient.
635 2311 790 2347 habebit
814 2311 933 2358 igitur
956 2311 1044 2346 illos
1061 2322 1210 2357 quoque
1227 2312 1393 2356 potestas
1406 2311 1535 2345 vestra

43 2359 229 2395 obnoxios
254 2359 374 2407 iisque
398 2360 544 2396 tribuet
557 2371 813 2406 quaecumque
830 2359 1015 2395 ministris
1038 2358 1213 2395 fidelibus
1229 2358 1461 2394 tribuuntur.
1494 2360 1534 2393 et

43 2407 109 2454 qui
120 2407 183 2444 hic
194 2407 295 2444 forte
307 2408 552 2454 reperiuntur
565 2409 639 2445 huc
658 2420 804 2444 mecum
822 2408 995 2454 profecti,
1016 2407 1204 2453 extemplo
1222 2405 1489 2442 iureiurando
1477 2418 1534 2441 m·

42 2456 228 2502 terposito
238 2455 352 2493 fidem
366 2457 592 2503 promittent
606 2459 791 2503 pactaque
802 2456 994 2492 vobiscum
1010 2455 1204 2502 August-is,
1220 2454 1373 2490 domino
1388 2454 1534 2499 Alexio,

0 2528 7 2531 -
44 2504 300 2541 Romanorum
325 2504 567 2552 imperatore,
594 2508 632 2541 et
656 2504 980 2551 porphyrogenito
1003 2504 1245 2550 imperatore,
1272 2502 1349 2538 filio
1374 2504 1453 2545 tuo,
1480 2501 1533 2537 fa·

44 2553 159 2589 cient.
194 2556 384 2600 quotquot
411 2556 539 2590 autem
563 2554 703 2590 absunt
721 2564 892 2589 meorum
917 2553 1087 2599 equitum
1112 2555 1151 2588 et
1175 2553 1415 2596 armatorum,
1441 2561 1534 2596 quos

44 2600 269 2638 caballarios
286 2601 447 2638 solemus
451 2602 667 2657 appellare.
692 2601 806 2638 misso
824 2601 873 2637 ad
889 2601 1020 2637 urbem
1037 2599 1275 2637 Antiochiam
1300 2611 1323 2635 a
1338 2599 1534 2635 maiestate

44 2651 113 2686 tua
138 2649 291 2687 homine
320 2653 359 2686 et
388 2649 462 2697 ipsi
497 2650 759 2686 iusiurandum
790 2650 1046 2696 interponent,
1087 2647 1188 2695 quod
1219 2647 1372 2694 quidem
1396 2647 1461 2683 ille
1485 2647 1533 2682 ab

44 2698 92 2734 iis
116 2699 295 2744 accipiet,
333 2710 378 2735 ac
415 2699 500 2735 iuro
535 2699 709 2746 equidem
735 2700 955 2735 curaturum
984 2709 1045 2733 me
1069 2700 1114 2732 ut
1140 2695 1272 2732 eadem
1295 2695 1398 2731 nulla
1423 2697 1534 2742 parte

44 2748 192 2782 mutata
215 2747 333 2783 iurati
360 2747 580 2793 spondeant.
621 2750 818 2793 praeterea
842 2746 1024 2792 polliceor
1049 2748 1089 2781 et
1112 2745 1208 2790 iuro,
1234 2743 1383 2791 quoties
1405 2745 1533 2779 maies-

46 2794 121 2831 tati
143 2796 292 2831 vestrae
313 2795 471 2841 lubebit,
496 2807 628 2832 manus
652 2807 712 2832 me
738 2795 974 2830 sublaturum
999 2796 1038 2830 et
1061 2793 1202 2829 bellum
1225 2795 1448 2838 paraturum
1473 2791 1536 2828 ad-

0 2852 3 2854 ·
47 2854 179 2879 versus
203 2854 332 2880 omnes
357 2844 423 2891 qui
450 2843 592 2890 oppida
618 2846 657 2880 et
683 2844 765 2880 loca
790 2843 978 2888 obtinent,
1011 2853 1108 2889 quae
1135 2840 1228 2877 olim
1262 2840 1421 2895 imperio
1442 2840 1535 2876 Con·

7 2901 13 2911 *
49 2891 388 2939 stantinopolitano
404 2891 583 2931 dediticia
605 2892 773 2930 fuerunt.
810 2903 903 2939 quos
922 2901 1012 2929 vero
1036 2890 1136 2928 bello
1152 2891 1340 2936 temptare
1363 2887 1437 2925 tibi
1458 2898 1535 2925 non
