1734 3120
322 23 428 38 ..-.l'
442 18 454 22 ”

494 224 759 259 Annnfflls
789 226 883 259 Lm.
911 226 1013 260 xlv.
1046 222 1083 260 3.
1451 220 1534 262 267

50 339 297 403 διηγήσατο,
328 340 441 397 μετὰ
465 337 639 398 γνώμης
676 334 803 395 οἶμαι
827 341 918 384 τῶν
953 340 1153 398 ἀρχηγῶν
1193 339 1375 386 ἐκείνων
1400 337 1537 386 ἄπελ-

50 407 163 463 θών,
193 410 266 454 καὶ
291 406 420 462 ὅπως
446 406 527 462 τὰς
553 405 864 461 κατασκόπους
879 406 1105 464 δρομάδας
1123 412 1227 461 ναῦς
1249 407 1273 453 ὃ
1295 407 1537 466 Ῥωμαϊκὸς

48 475 236 538 φθάσας
262 478 443 533 κατέσχε
472 474 644 530 στόλος,
675 474 800 521 καθά
831 493 878 534 γε
907 477 980 521 καὶ
1011 475 1193 536 εἴρηται.
1242 473 1353 522 ἀλλὰ
1381 478 1433 535 δὴ
1465 479 1535 523 καὶ

46 549 180 591 τοῦτο
209 541 573 604 ἇνερυθριάστως
601 540 889 602 ἇνωμολόγει,
936 542 1093 601 ὅτιπερ
1137 542 1178 590 οἱ
1221 543 1429 603 ἡγεμόνες
1456 550 1536 591 τοῦ

11 627 34 663 5
48 615 267 658 Κελτικοῦ
294 611 457 659 στόλου
487 611 605 658 οὕτω
637 610 1089 669 παρασκευασάμενον
1117 611 1196 657 τὸν
1234 609 1538 670 αὐτοκράτορα

46 683 141 726 κατ’
169 677 318 726 αὖτῶν
343 679 583 740 ἐγνωκότες
608 681 897 737 ὑπέστρεψαν
923 681 1098 736 βέλτιον
1138 677 1249 726 εἶναι
1282 682 1539 739 νομίσαντες

46 745 306 811 άπράκτους
332 747 616 807 ὑποστρέψαι
645 746 674 809 ἢ
695 747 807 806 μετὰ
836 752 917 794 τοῦ
943 749 1186 806 Ῥωμαϊκοῦ
1214 747 1376 795 στόλου
1400 757 1582 806 μαχο-Ι)

44 819 204 875 μένους
233 816 489 877 ἡττηθῆναι.
548 816 573 863 ὃ
608 819 689 874 μὲν
732 810 810 862 οὖν
839 814 1013 870 Κελτὸς
1057 818 1223 871 ἐκεῖνος
1254 820 1391 863 ταῦτα
1421 816 1538 874 πρὸς

44 886 125 932 τὸν
152 889 427 933 Βαλδουῖνον
467 887 644 943 ἐξεῖπεν
672 884 930 944 ὑπότρομος
970 883 1031 930 ὢν
1072 887 1145 930 καὶ
1185 885 1265 931 τὸν
1294 885 1538 944 Ῥωμαϊκὸν

0 969 34 1003 [0
47 954 115 1001 ἔτι
149 955 308 1010 δεδιώς
334 953 510 1002 στόλον.
567 958 708 1001 ταῦτα
741 956 822 1013 μὲν
851 948 930 1000 οὖν
959 953 1015 1000 τὰ
1051 953 1161 999 κατὰ
1192 953 1272 1016 τὴν
1310 954 1538 1000 θάλατταν

45 1023 332 1082 συμπεσόντα
358 1029 456 1078 τοῖς
485 1026 697 1078 Κελτοῖς·
734 1020 831 1070 ἄλλ’
866 1020 969 1068 οῦδὲ
998 1022 1053 1067 τὰ
1081 1022 1191 1068 κατὰ
1230 1021 1308 1084 τὴν
1350 1018 1537 1082 ἤπειρον
1547 1033 1589 1069 Ρ.
1615 1034 1684 1069 431

46 1091 180 1151 ζάλης
206 1086 313 1150 ἔτερ
342 1094 550 1154 παρῆσαν
579 1088 683 1138 οὐδὲ
713 1092 966 1153 φροντίδων
1002 1086 1104 1136 ἄνευ
1135 1090 1440 1150 καθεστήκασι
1470 1094 1534 1149 τῷ

44 1157 349 1218 αὐτοκράτορι.
396 1159 579 1220 Μιχαὴλ
598 1158 678 1219 γάρ
699 1178 768 1214 τις
788 1161 838 1216 ἐξ
862 1157 1159 1217 Ἀμάστριδος
1187 1158 1266 1220 τὴν
1293 1154 1536 1216 Ἀκρουνὸν

45 1234 256 1292 φρουρῶν
281 1225 560 1276 ἀποστασίαν
585 1228 830 1289 μελετήσας
866 1231 1074 1286 κατέσχεν
1102 1225 1237 1288 αὐτὴν
1263 1230 1337 1273 καὶ
1364 1227 1420 1272 τὰ
1447 1247 1535 1273 πα-

0 1311 33 1345 1.5
45 1300 279 1356 ρακείμενα
306 1296 442 1359 ταύτῃ
470 1300 627 1352 δεινῶς
662 1299 869 1357 ἐληΐζετο.
927 1301 1060 1343 τοῦτο
1095 1295 1371 1356 μεμαθηκώς
1403 1295 1428 1341 ό
1458 1293 1535 1341 αὗ-

43 1365 273 1425 τοκράτωρ
305 1365 417 1424 μετὰ
451 1363 723 1426 ἀποχρώσης
767 1365 995 1424 δυνάμεως
1032 1369 1126 1412 κατ’
1169 1362 1305 1411 αὗτοῦ
1348 1364 1427 1410 τὸν
1454 1369 1535 1411 τοῦ

43 1439 241 1482 Δεκανοῦ
270 1436 498 1493 ἐξέπεμψε
520 1442 561 1481 Γ
555 1434 753 1494 εώργιον.
802 1431 852 1490 ὃς
880 1437 954 1480 καὶ
982 1433 1284 1494 πολιορκήσας
1313 1436 1388 1480 ἐπὶ
1417 1436 1535 1492 τρισὶ

43 1506 152 1564 μησὶ
182 1505 364 1563 ταυτηνὶ
390 1504 471 1561 ,Ιιὲν
498 1503 578 1564 τὴν
624 1502 759 1550 πόλιν
802 1505 1022 1560 κατέσχεν,
1068 1503 1148 1549 τὸν
1190 1504 1239 1549 δὲ
1279 1499 1537 1562 ἅποστάτην

44 1575 215 1619 ἐκεῖνον
256 1571 373 1630 πρὸς
415 1571 494 1618 τόν
537 1569 843 1631 αὐτοκράτορα
884 1574 1053 1629 ταχέως
1100 1573 1363 1629 ἐξέπεμψεν.
1433 1570 1458 1616 ὁ
1487 1573 1536 1616 δὲ

0 1638 334 1699 »αὐτοκράτωρ
367 1640 446 1701 τὴν
472 1642 553 1699 μὲν
578 1644 660 1687 τοῦ
696 1641 890 1698 κάστρου
921 1639 1122 1702 φρουρὰν
1161 1639 1296 1699 ἑτέρῳ
1329 1635 1532 1693 ἀνέθετο,

42 1707 162 1771 αὐτῷ
192 1711 241 1756 δὲ
268 1711 348 1764 τὰς
377 1706 520 1770 ὀφρῦς
556 1708 850 1767 ἕπιτοξεύσας
890 1708 1037 1755 πολλοὶ
1070 1706 1318 1768 α’πειλήσας
1345 1709 1418 1753 καὶ
1447 1706 1535 1753 θά-

43 1797 173 1825 νατον
212 1775 348 1825 αὖτοῦ
395 1782 459 1839 τῷ
504 1780 760 1840 φαινομένῳ
806 1776 1233 1838 καταψηφισάμενος
1282 1776 1346 1830 εἷς
1388 1774 1536 1837 φόβον

187 1898 219 1932 1.
244 1894 419 1932 ἐπελθὼν
434 1895 473 1932 C.
619 1897 651 1932 3.
679 1893 886 1943 καθώσπερ
904 1896 942 1932 C.
1089 1896 1123 1930 4.
1149 1890 1332 1940 ὡμολόγει
1349 1892 1390 1929 O.
1478 1895 1533 1928 11.

175 1943 220 1980 τὰ
244 1944 384 1981 addidi.
543 1945 599 1981 12.
631 1941 749 1988 πάλης
771 1945 816 1981 A.
913 1939 1001 1991 εἴπερ
1026 1944 1070 1989 F,
1095 1939 1185 1979 ἄνευ
1208 1942 1284 1978 ΡΑ.
1382 1936 1469 1977 ἄνευ
1491 1941 1535 1985 F,

175 1989 262 2039 ἄτερ
274 1992 315 2029 Ρ.
416 1993 472 2028 15.
498 1990 606 2041 ταύτῃ
622 2002 695 2030 om.
707 1993 747 2030 C.
834 1995 894 2029 21.
921 1988 1156 2032 ἔπιτοξεύσας
1179 1993 1241 2026 καὶ
1254 1990 1295 2035 P,
1324 1992 1385 2025 καὶ
1402 2002 1474 2026 om.
1492 1990 1534 2026 F.

176 2040 295 2078 πολλὰ
317 2040 389 2086 FC,
414 2039 553 2081 πολλὰς
577 2042 619 2078 P.

40 2154 269 2199 imperatore
292 2151 412 2188 relata
440 2156 538 2197 sunt,
569 2153 737 2200 exponit,
762 2153 1034 2198 dromonaeque
1069 2152 1236 2196 ipsorum
1261 2147 1535 2194 exploratorios

41 2213 64 2237 a
88 2201 203 2237 classe
218 2200 399 2245 Romana,
413 2204 456 2237 ut
468 2202 714 2244 narravimus,
739 2205 869 2248 captos
894 2212 971 2236 esse
996 2200 1124 2235 refert.
1175 2202 1288 2244 atque
1311 2196 1406 2232 illud
1421 2196 1534 2232 etiam

41 2250 122 2285 sine
158 2248 303 2295 pudore
342 2249 544 2295 fatebatur,
585 2250 697 2287 duoae
732 2250 936 2286 Francicae
974 2248 1110 2291 classis,
1147 2258 1232 2283 cum
1269 2247 1324 2281 ita
1359 2247 1533 2291 paratum

39 2299 577 2382 {mpgratprgmoecggnossenss
614 2299 739 2335 redire
763 2297 1131 2381 ‹ieelievisselimeliuls1
1145 2294 1446 2380 ἐιέξξὲζῐὶιδωῗῃὶἷί
1470 2305 1534 2376 52:

39 2358 291 2431 ffiei.⁸⁸h{e{=
314 2394 434 2441 igitur
459 2358 587 2431 Gafffi’s
597 2357 1099 2440 qinlxlztztng-veaeeffiogupdss
1125 2392 1405 2445 Romanamque
1442 2389 1532 2426 olas-

40 2455 117 2479 sem
142 2447 310 2479 metuere
331 2443 454 2479 adhue
476 2444 691 2490 praeferens
719 2444 904 2479 Balduino
928 2441 1073 2478 retulit.
1122 2442 1175 2476 sic
1200 2451 1295 2474 marl
1319 2450 1379 2473 τω
1402 2441 1533 2474 contra

41 2491 166 2527 Gallos
188 2492 401 2538 gerebatur.
450 2503 520 2528 nee
546 2493 586 2528 in
611 2495 715 2528 terra
739 2493 945 2538 imperator
970 2492 1190 2535 tempestate
1215 2487 1434 2534 gravissima
1466 2497 1532 2522 ou-

40 2541 166 2587 risque
210 2551 285 2576 non
324 2541 551 2586 agitabatur.
601 2541 761 2577 Michael
803 2540 901 2575 enim
941 2550 986 2574 ex
1012 2536 1178 2573 Amastri
1209 2535 1361 2582 quidam
1387 2534 1531 2570 Acruni

40 2588 252 2634 praefectus
276 2588 373 2625 hanc
397 2600 520 2624 arcem
546 2589 795 2625 defectionem
819 2588 971 2623 molitus
995 2587 1033 2622 vi
1058 2585 1255 2630 occupavit
1290 2586 1330 2619 et
1363 2582 1531 2619 adiacen-

41 2637 97 2672 tia
120 2637 247 2673 omnia
271 2636 472 2682 populatus
497 2641 564 2673 est.
614 2638 654 2673 id
679 2637 820 2673 certior
845 2636 966 2671 factus
990 2635 1194 2680 imperator
1218 2631 1340 2667 mittit
1363 2631 1403 2666 in
1446 2642 1531 2666 enm

41 2697 125 2721 cum
145 2685 418 2721 sufficientibus
442 2686 560 2732 copiis
577 2685 780 2732 Georgium
798 2684 946 2727 Decani,
972 2684 1037 2728 qui
1054 2682 1184 2717 urbem
1199 2683 1277 2716 tres
1301 2690 1443 2714 menses
1467 2679 1532 2714 ob-

40 2745 178 2769 sessam
203 2734 304 2779 oepit
331 2734 528 2780 ipsumque
553 2733 772 2770 Michaelem
815 2731 1002 2777 extemplo
1046 2729 1093 2764 ad
1132 2730 1398 2774 imperatorem
1437 2727 1532 2762 dele-

39 2781 156 2828 gavit.
205 2782 239 2817 is
262 2782 336 2817 alio
359 2783 473 2818 castri
497 2782 688 2829 praefecto
712 2781 903 2816 nominato
941 2782 1049 2814 torvo
1087 2777 1194 2813 vultu
1231 2777 1347 2812 istum
1382 2778 1533 2811 intuens

2 2866 5 2869 ,
41 2841 85 2866 ac
108 2831 228 2866 multa
262 2831 407 2866 minans
447 2832 654 2876 mortisque
679 2829 906 2875 supplicium
930 2828 965 2863 ei
990 2826 1219 2862 destinatum
1242 2835 1321 2860 esse
1355 2823 1533 2859 simulans

38 2889 219 2926 maguum
243 2879 279 2914 ei
299 2881 483 2915 terrorem
509 2880 660 2923 iniecit3
688 2889 761 2924 quo
785 2880 910 2913 tamen
934 2887 1021 2911 mox
1036 2874 1195 2910 militem
1213 2873 1400 2910 liberavit.
1448 2883 1533 2908 nec-
