1794 3132
528 256 582 290 m
611 253 902 301 ALEXLADEM
932 253 1095 288 NOTAE
1468 247 1548 290 431

722 370 896 413 Modico
924 374 1160 413 remoratus
1188 370 1410 425 Hydrunti

127 428 339 483 Tempore,
361 427 638 482 praestolans
665 427 889 471 adventum
918 427 1120 482 coniuyis‚
1152 431 1275 481 atque

123 485 364 529 Multorum
394 483 612 536 Comitum,
641 497 743 538 quos
770 487 946 526 noverat
973 485 1064 538 ipse
1089 484 1258 537 futuros

123 542 231 585 Esse
257 542 350 585 viae
377 542 523 593 socios,
554 541 753 584 mentitus
779 554 823 583 se
853 539 1117 592 Michaelem,

132 598 310 642 Verterat
339 613 367 641 a
397 596 570 641 Danais
597 597 772 651 quidam
799 597 993 640 seductor
1022 597 1080 639 ad
1107 597 1241 649 illum,

123 655 340 699 Immerito
367 658 540 708 raptum
568 654 637 696 ius
665 653 894 708 Imperiale
925 666 1155 707 reposcens,

123 711 177 755 Se
197 711 434 767 profuyum
459 710 740 766 lachrymam,
773 710 1103 765 lachrymantem
1131 710 1237 753 Duoe
1266 713 1304 752 et
1333 709 1497 753 honeste

123 768 310 823 Suscipit
330 771 370 811 et
398 771 554 811 tractat
571 767 829 822 placidoque
851 767 998 820 favore
1029 767 1254 821 beniynum

122 824 305 868 Exhibet
335 824 586 879 obsequium.
630 823 823 878 Populus
853 837 1011 878 quoque
1038 824 1233 866 credulus
1261 825 1396 866 omnis

121 881 385 938 Assuryebat
413 883 452 924 ei
475 881 590 934 flexa
620 882 776 924 cervice
803 880 1009 923 salutans,

122 938 251 982 Hunc
280 938 486 986 adhibens,
509 939 668 981 socium
697 938 780 980 sibi
808 937 924 989 Dux,
956 942 1001 979 ut
1031 938 1185 980 iustior
1214 941 1318 980 esset

125 995 265 1040 Causa
291 996 396 1048 viae,
426 1009 577 1048 secum,
608 995 710 1038 dum
739 994 1002 1047 transfretat,
1034 994 1125 1048 ipse
1153 994 1324 1037 reducit.

67 1053 313 1109 Anonymus
340 1052 561 1096 Barensis:
606 1051 691 1094 An.
720 1061 906 1094 MLxxx.
951 1050 1048 1093 Ind.
1080 1061 1149 1093 111.
1192 1051 1283 1104 ipse
1308 1051 1412 1094 Dux
1451 1052 1553 1104 fecit

61 1109 147 1163 fine
187 1123 280 1153 cum
307 1109 434 1161 Bari,
464 1113 503 1152 et
547 1122 687 1151 mense
713 1107 864 1162 Aprili
904 1107 1005 1160 fecit
1034 1107 1218 1150 Tarenta
1261 1122 1355 1150 cum
1380 1108 1466 1160 illc,
1514 1112 1553 1151 et

70 1165 220 1218 Trane,
252 1166 329 1209 et*
354 1165 559 1220 fumilare
599 1165 700 1219 fecit
743 1166 804 1210 ibi
831 1164 1020 1207 fflichael
1051 1164 1160 1218 Imp.
1226 1165 1345 1207 Adde
1390 1165 1549 1219 Lupum
1566 1169 1585 1190 *
1605 1171 1628 1206 i.
1658 1168 1766 1219 εὐφη-

65 1223 392 1278 Protospatham
411 1223 490 1266 hoc
512 1222 563 1265 A.
586 1222 735 1266 Tradit
755 1221 900 1265 Order.
933 1221 1085 1264 Vitalis
1113 1222 1186 1264 lib.
1212 1222 1275 1264 11.
1305 1221 1551 1264 Michaelem
1616 1224 1712 1266 μεῖν-

65 1281 207 1332 istum,
239 1291 364 1335 quem
394 1292 609 1335 perperam
640 1279 821 1322 Romani
851 1278 1053 1334 Diogenis
1083 1277 1218 1320 filium
1248 1278 1363 1329 facit,
1399 1279 1442 1320 in
1483 1291 1552 1321 co-

65 1337 222 1381 mitatu
251 1336 380 1380 fuisse
405 1336 651 1384 Boemundi,
694 1348 788 1378 cum
820 1334 1003 1378 Galliam
1042 1334 1149 1377 adiit
1177 1336 1229 1377 A.
1261 1343 1393 1378 MCVI.
1425 1335 1552 1378 alios-

67 1407 147 1450 que
205 1393 256 1437 de
310 1392 481 1437 Graecis
526 1406 598 1436 seu
642 1392 874 1435 Thracibus
917 1391 1115 1443 illustreS,
1162 1405 1348 1445 quorum,
1400 1391 1551 1446 inquit,

67 1450 237 1506 querela
266 1450 318 1494 de
342 1449 495 1493 Aleoeio
524 1449 800 1504 Imperatore,
832 1449 905 1503 qui
927 1462 1011 1502 per
1032 1448 1322 1502 proditionem
1351 1447 1440 1490 illis
1462 1447 1554 1490 An-

66 1512 314 1551 tecessorum
332 1506 564 1550 Stemmata
593 1519 767 1549 suorum
796 1505 1039 1556 abstulerat,
1062 1505 1200 1559 mayis
1232 1505 1290 1547 ad
1318 1506 1431 1547 iram
1460 1518 1554 1547 con-

67 1569 138 1608 tra
180 1578 274 1607 eum
312 1564 472 1617 feroces
513 1562 711 1606 Francos
752 1562 969 1605 incitabat.
1035 1561 1141 1603 Vide
1184 1561 1374 1604 eumdem
1417 1561 1488 1603 lib.
1517 1562 1554 1603 7.

69 1634 166 1677 pag.
192 1621 289 1663 640.
322 1621 419 1664 641.
468 1620 570 1662 Fuit
599 1632 722 1675 porro
752 1619 978 1662 Rectorum
1008 1618 1170 1661 familia
1194 1616 1555 1671 Constantinopoli

66 1677 332 1733 perillustris,
354 1690 375 1720 e
395 1690 479 1732 qua
509 1677 768 1719 memoratur
787 1675 899 1730 apud
916 1675 1119 1718 Zonaram
1142 1675 1183 1717 et
1209 1674 1384 1717 Leonem
1404 1673 1555 1717 Gram-

66 1735 270 1778 maticum
299 1734 477 1777 Ioannes
507 1733 661 1776 Reotor
703 1733 756 1776 ab
794 1731 1030 1775 Alexandro
1063 1732 1318 1785 Imperatore
1349 1730 1554 1773 Constan-

69 1792 158 1834 tino
190 1791 613 1846 Porphyrogennetae
643 1803 689 1832 ex
718 1789 849 1832 fratre
881 1788 1020 1843 nepoti
1051 1790 1168 1830 tutor
1199 1787 1335 1829 datus.

199 1843 311 1889 Ὑπὸ
351 1847 431 1889 τοῦ
462 1842 783 1903 Βοτανειάτου]
833 1845 1054 1888 Ordericus
1101 1844 1172 1886 lib.
1200 1844 1236 1885 7.
1301 1843 1409 1884 Ecce
1445 1843 1596 1886 sicutB

66 1903 256 1947 Michael
288 1903 459 1958 pepulit
488 1902 722 1958 Dioyenem
761 1903 957 1944 vitricum
999 1915 1121 1943 suum
1167 1900 1218 1942 de
1250 1899 1405 1953 Reqali
1434 1899 1550 1953 solio,

65 1962 128 2003 sic
172 1961 264 2014 ipse
307 1961 359 2003 de
401 1960 542 2003 eodem
584 1959 764 2003 culmine
801 1958 1114 2012 praecipitatus
1148 1960 1207 1998 est
1237 1971 1263 1998 a
1293 1955 1551 2007 Bithinacio,

67 2018 139 2072 qui
167 2017 444 2060 nihilominus
470 2016 603 2060 simili
632 2016 804 2070 repulsa
832 2016 1014 2058 deiectus
1041 2018 1100 2056 est
1131 2013 1183 2055 ab
1218 2012 1380 2054 Alexio.

206 2067 634 2128 Kaloao'lcoavag]
683 2074 860 2115 Ioannes
901 2072 1054 2115 Caesar
1093 2070 1243 2120 Ducas,
1286 2067 1593 2111 Constantinic

67 2131 211 2174 Ducae
238 2131 344 2185 Imp.
377 2130 519 2182 frater,
550 2129 770 2172 Michaelis
799 2129 905 2183 Imp.
937 2130 1126 2182 patruus.

197 2183 393 2244 Ῥέκτης]
440 2186 609 2230 Alludit
637 2186 691 2229 ad
722 2198 870 2228 nomen
914 2182 1355 2238 pseudoimperatoris:
1404 2179 1594 2236 ῥέκτηςο

69 2243 180 2287 enim
211 2244 274 2288 est
293 2244 418 2287 homo
447 2245 654 2294 strenuus,
676 2238 949 2297 δραστήριος.
999 2239 1067 2283 Sic
1098 2252 1222 2293 supra
1250 2238 1390 2281 eadem
1414 2237 1551 2286 Anna,

68 2292 261 2356 ’Ἀνδρες
289 2297 634 2356 κακοϊργότατοι
662 2298 735 2341 καὶ
765 2297 910 2354 otum
942 2292 1224 2362 πραγμάτων.
1269 2295 1323 2350 Et
1343 2293 1550 2361 Synesius,

69 2354 212 2400 ἐδόκει
241 2354 325 2413 γὰρ
357 2347 487 2408 οὗτος
509 2356 607 2408 νέος
626 2372 675 2399 τε
705 2350 815 2398 εἶναι
836 2354 908 2396 καὶ
930 2353 1081 2410 ῥέκτης
1099 2348 1218 2410 ανὴρ,
1243 2351 1341 2400 οἶος
1363 2351 1553 2402 εχθροις

67 2429 116 2457 τε
146 2416 355 2465 κακῶσαι,
389 2414 462 2457 καὶ
491 2413 650 2471 φίλους
681 2414 878 2470 ποιῆσαι.

205 2470 414 2526 Μαρίαν]
445 2472 626 2514 Mariam
645 2470 841 2519 Alanam,
856 2466 1073 2510 Michaelis
1088 2466 1228 2506 Ducae
1245 2464 1349 2516 Imp.
1373 2474 1552 2504 uxorem.
1567 2475 1600 2509 D

201 2524 399 2584 Ἑλένην]
432 2528 638 2571 Helenam
669 2525 882 2569 custodiae
912 2522 1155 2565 mandatam
1176 2534 1199 2563 a
1219 2519 1447 2562 Botaniata
1468 2518 1553 2560 iam
1568 2534 1601 2569 D

69 2598 194 2640 supra
224 2585 550 2635 observavimus,
582 2582 847 2639 postmodum
878 2579 1093 2622 remissam
1127 2577 1178 2619 ad
1210 2578 1371 2630 patrem
1402 2575 1455 2617 ab
1485 2586 1554 2616 eo·

69 2641 163 2685 dem
194 2641 396 2697 Scylitzes
427 2641 585 2684 scribit.
634 2640 789 2682 Verum
818 2637 860 2679 id
890 2636 1020 2678 serius
1050 2633 1215 2683 accidit,
1259 2632 1294 2673 si
1339 2644 1421 2685 qua
1454 2630 1554 2672 fides

70 2697 267 2742 Orderico
310 2698 383 2741 lib.
421 2698 458 2741 7.
527 2697 671 2740 Filias
708 2707 865 2750 quoque
907 2691 1118 2734 Wscarcli
1154 2689 1381 2742 praefatus
1417 2686 1556 2750 Heros

69 2754 292 2809 (Alexius),
324 2767 374 2797 ac
413 2755 453 2798 si
491 2755 584 2808 ipse
618 2752 827 2808 genuisset
867 2761 948 2799 eas‘,
980 2747 1138 2790 amavit
1167 2745 1379 2787 blanditer
1421 2746 1459 2786 et
1479 2756 1556 2796 pze

69 2812 290 2855 tractavit:
332 2815 371 2854 et
411 2811 502 2865 fere
527 2819 610 2854 XX.
655 2809 783 2852 annis
820 2806 868 2848 in
901 2803 1064 2847 deliciis
1096 2801 1296 2845 educavit.
1361 2778 1396 2842 ό
1446 2800 1554 2864 cium

67 2867 245 2912 illarum
269 2871 361 2912 erat
391 2882 528 2921 mane,
557 2868 658 2910 dum
678 2863 917 2918 Imperator
946 2861 996 2903 de
1023 2873 1099 2903 suo
1128 2861 1267 2901 stratu
1285 2858 1547 2907 surrexisset,
