1806 3132
487 271 542 305 m
570 270 858 304 ALEXJADEM
887 272 1049 306 NOTAE
1421 265 1503 308 689

18 386 277 432 Amin-aldus
304 385 471 429 dicitur.
531 384 633 428 Fuit
662 397 783 439 porro
817 383 942 428 Gazis
972 386 1125 429 Asanis
1156 385 1344 438 Catuchi,
1408 400 1501 431 uem

20 446 147 489 antea
179 443 344 495 Saisan,
385 454 458 485 seu
489 440 777 493 Gliziasthlan,
812 440 1013 485 Sultanus
1056 442 1333 495 interfecerat,
1424 444 1500 486 ius.

19 501 101 546 Sed
130 513 184 543 an
215 498 429 544 Catuchus
459 498 570 541 idem
598 498 654 540 sit
683 511 776 540 cum
806 498 1044 548 Malducho,
1075 511 1146 541 seu
1173 500 1220 541 ut
1250 499 1458 542 vocitatur
1477 513 1503 543 a

19 557 160 614 Tyrio,
189 555 410 605 Menduco‚
439 555 730 610 potentissimo
762 554 994 597 Turcorum
1022 554 1214 610 Satrapa,
1245 555 1317 611 qui
1346 567 1371 598 a
1403 556 1504 598 Dol-

17 613 195 657 dechino
224 612 485 656 Damasceno
516 611 551 654 Τ
582 624 713 654 ranno
744 610 837 653 neci
876 611 999 654 datus
1035 612 1097 654 est
1125 612 1177 654 A.
1209 611 1303 654 Chr.
1331 621 1502 655 ucxm.

18 683 102 714 non
132 669 269 713 ausim
299 668 469 712 omnino
503 681 526 712 a
578 680 726 719 rmare,
759 679 852 710 cum
881 668 1071 710 Asanum
1102 667 1332 711 Catuchum
1362 681 1387 711 a
1418 668 1503 711 Cli-

20 726 255 770 ziasthlane
282 725 491 768 Iconiensi
521 724 698 768 Sultano
744 724 955 766 sublatum
1001 723 1159 767 scribat
1202 724 1338 767 Anna.
1398 724 1503 767 Vide

20 786 64 827 et
113 782 255 826 confer
293 781 519 825 Albertum
565 782 647 836 Aq.
692 780 765 823 lib.
794 781 857 823 12.
888 793 977 835 cap.
999 782 1038 823 9.
1071 781 1112 823 et
1148 781 1212 823 17.
1255 782 1297 823 et
1332 780 1503 836 Tyrium

26 840 98 884 lib.
121 841 186 883 11.
216 851 307 894 cap.
337 839 405 882 19.
434 839 477 882 et
509 839 577 880 20.
650 837 769 880 Idem
813 836 1034 880 Ordericus
1079 850 1175 892 pag.
1205 837 1299 879 829.
1342 835 1502 888 Gazim‚

22 898 214 952 nepotem
244 897 288 939 et
315 894 535 939 haeredem
565 893 703 937 Balad
736 892 878 948 Calepi
918 893 1090 936 Domini
1120 893 1246 936 fuisse
1273 894 1394 936 autor
1428 894 1502 936 est.

157 963 448 1026 Μανουήλην]
496 968 625 1011 Recte
666 967 875 1021 Interpres
906 966 1212 1010 Candelabrum
1252 978 1299 1008 ex
1332 966 1503 1008 Meursii
1517 970 1547 1005 D

22 1026 235 1070 Glossario
264 1025 406 1068 vertit.
468 1024 580 1068 Nam
618 1023 711 1067 falli
753 1024 919 1066 constat
965 1024 1102 1066 virum
1147 1022 1357 1065 eruditum
1394 1022 1503 1076 apud

22 1084 185 1126 Ducam
217 1095 309 1138 cap.
328 1082 397 1125 39.
426 1081 499 1125 ubi
529 1076 794 1123 ,Μανουάλια
823 1080 1011 1123 armillas
1036 1079 1348 1148 interpretatur.
1389 1078 1504 1121 Ano·-

23 1153 173 1196 nymus
201 1139 253 1183 de
282 1139 458 1206 Templo
484 1138 526 1183 S.
554 1137 755 1193 Sophiae:
801 1133 1016 1191 σταυροὺς
1054 1135 1101 1179 δὲ
1138 1133 1318 1191 εποίησε
1356 1133 1500 1185 πέντε,

26 1221 80 1227 -
112 1195 185 1238 καὶ
219 1195 484 1238 ΒῚανουαλια
513 1191 592 1237 δύο
625 1190 842 1247 ὁλόχρυσα
871 1195 948 1236 etc.
991 1206 1097 1236 auro
1123 1192 1223 1246 fusa
1251 1193 1334 1236 duo
1355 1191 1503 1234 cande-

22 1253 167 1297 labra:
194 1252 259 1296 ita
288 1251 574 1296 combefisius.
627 1248 851 1293 Μενάλιον
894 1263 966 1305 pro
1001 1245 1281 1291 Μανουάλιον
1323 1247 1504 1291 occurrit

20 1311 66 1353 in
98 1309 215 1365 Orig.
244 1308 331 1353 GP.
358 1308 430 1351 καὶ
459 1306 642 1363 μενάλια
672 1304 752 1350 δύο
784 1303 1024 1360 &kenez-om
1052 1307 1114 1349 est
1143 1306 1282 1348 autem
1312 1303 1503 1347 candela-

22 1367 145 1410 brum
176 1365 288 1421 quod
317 1379 448 1409 manu
476 1366 683 1421 gestatur.
732 1364 991 1408 Candelabro
1022 1363 1166 1418 igitur,
1203 1362 1294 1405 vice
1321 1358 1501 1414 μυδροῦ,

23 1436 96 1466 seu
126 1423 227 1466 ferri
266 1422 494 1475 candentis,
540 1422 651 1477 quod
695 1422 787 1463 tum
831 1420 990 1472 aberat,
1035 1420 1147 1462 visus
1193 1418 1411 1472 ademptus
1442 1417 1504 1459 est

22 1480 206 1524 Saisani.
249 1479 356 1522 Vide
382 1479 617 1522 Historiam
652 1478 841 1521 nostram
870 1476 1086 1531 Gallobyz.
1116 1474 1170 1518 N.
1191 1475 1258 1517 34.

162 1549 224 1595 Τὸ
257 1547 554 1610 Φιλομήλιον]
591 1551 773 1594 Zonaras
802 1562 897 1605 pag.
921 1550 1016 1591 245.
1512 1548 1725 1595 Pag.481.c

154 1614 407 1676 Ἀνῆγειρεν
450 1613 875 1676 Ὀρφανοτροφεῖον]
927 1617 1024 1660 Non
1072 1616 1122 1658 de
1165 1627 1271 1657 novo
1316 1613 1502 1657 condidit
1514 1618 1735 1665 Pag.482.c

23 1677 449 1732 Orphanotrophium,
479 1677 551 1720 sed
580 1675 882 1719 labefactatum
911 1674 953 1716 et
985 1672 1220 1727 neglectum
1250 1670 1504 1713 instauravit

23 1735 207 1787 Alexius,
235 1734 539 1777 Monachorum
568 1734 610 1775 et
640 1732 941 1774 Monacharum
971 1729 1132 1772 cellulis
1173 1727 1303 1778 auxit,
1333 1726 1503 1769 Scholas

23 1790 351 1844 Grammaticae,
380 1791 426 1832 in
454 1790 606 1846 quibus
637 1788 786 1843 pupilli
816 1789 857 1830 et
886 1797 1114 1841 pauperum
1143 1783 1263 1826 liberi
1291 1782 1502 1825 erudiren-

21 1849 105 1899 tur,
133 1847 307 1897 statuit3
346 1846 525 1902 denique
556 1844 983 1893 Gerontocomiorum,
1031 1840 1098 1884 vel
1126 1838 1502 1889 Xenodochiorum,

21 1904 362 2004 gtaribtff‘ffliffi
389 1900 904 2003 {ffssafsstsetffiiffiss‘iss
930 1910 1080 1997 ‘fflt
1106 1894 1503 1995 Ἓέῗῖῗέξωέἓὲἑ

23 2017 77 2060 D.
107 2017 245 2069 Pauli,
276 2029 383 2072 quae
420 2017 464 2060 in
494 2029 542 2059 ea
583 2004 872 2058 stabat'urbis
915 2011 1082 2066 regione
1123 2020 1228 2063 quae
1266 2007 1403 2062 vergit
1448 2005 1500 2048 ad

20 2073 282 2128 Acropolim,
315 2071 407 2128 (seu
439 2071 657 2128 Angulum
689 2071 739 2113 D.
771 2068 990 2121 Demetrii)
1020 2065 1072 2109 ad
1103 2076 1231 2120 quam
1261 2061 1502 2105 inaedifica-

23 2131 117 2172 tum
162 2129 575 2185 Orphanotrophium
618 2127 764 2170 scribit
809 2127 946 2175 Anna,
991 2122 1202 2177 perspicue
1242 2119 1357 2174 patet
1396 2117 1503 2181 illud

25 2200 111 2230 esse
141 2187 261 2230 vetus
278 2185 703 2241 Orphanotrophium,
733 2183 846 2224 intra
876 2179 985 2235 quod
1006 2178 1125 2221 stetit
1144 2175 1280 2220 Aedes
1299 2175 1349 2217 D.
1367 2173 1502 2224 Pauli,

25 2244 74 2286 ut
115 2256 212 2286 mox
250 2243 449 2286 dicemus.
504 2243 539 2284 A
575 2240 737 2283 Iustino
765 2235 1088 2299 Imperatoreet
1112 2232 1266 2287 Sophia
1298 2229 1503 2285 Augustis

27 2299 242 2342 conditum
273 2299 440 2342 videtur
468 2299 640 2341 innuere
672 2295 855 2338 Codinus
893 2293 942 2335 de
970 2291 1086 2345 Orig.
1118 2288 1199 2332 GP.
1230 2300 1326 2342 pag.
1345 2287 1415 2328 45.
1435 2285 1503 2348 585

26 2369 52 2399 a
96 2368 179 2411 quo
226 2354 637 2410 Orphanotrophium
674 2351 715 2394 S.
746 2350 868 2393 Pauli
902 2347 1148 2403 appellatur.
1214 2345 1326 2406 Ante
1352 2342 1503 2385 Iustim

25 2414 215 2467 tempora
245 2413 485 2455 extructum
520 2410 647 2453 fuisse
678 2406 832 2451 evincit
862 2406 943 2448 Lex
964 2405 1002 2446 5.
1035 2402 1132 2445 Cod.
1165 2401 1215 2443 de
1245 2400 1432 2454 Episcop.
1464 2397 1505 2438 et

29 2468 176 2512 Cleric.
208 2481 315 2524 quae
344 2469 408 2512 est
437 2467 585 2511 Leonis
616 2468 658 2508 et
689 2462 903 2507 Anthemii
933 2461 1064 2514 Impp.
1096 2470 1142 2500 ex
1188 2469 1270 2511 qua
1312 2454 1504 2497 docemur

28 2526 241 2581 praeterea
272 2525 461 2568 Zoticum
491 2522 728 2578 quemdam,
759 2520 876 2561 cuius
905 2515 1147 2559 memoriam
1178 2512 1312 2567 agunt
1332 2510 1505 2552 Menaea

27 2581 107 2624 ult.
138 2581 392 2634 Decembris,
424 2580 553 2623 fuisse
590 2579 772 2633 primum
802 2575 917 2617 illius
947 2571 1193 2619 curatorem,
1236 2567 1313 2610 sub
1343 2565 1505 2629 Orpha-

29 2638 223 2693 notrophi
255 2638 434 2690 nomine,
480 2636 552 2691 qui
596 2635 754 2689 primus
798 2627 1035 2673 huiusmodi
1077 2625 1261 2668 officium
1301 2623 1505 2685 invemsse

29 2694 197 2746 dicitur,
227 2695 295 2737 cui
324 2695 468 2749 postea
509 2690 750 2735 successerit
780 2687 927 2751 Nicon.
958 2684 997 2726 A
1027 2683 1214 2724 Romano
1245 2680 1410 2734 Argyro
1439 2689 1505 2718 m·

29 2751 270 2794 stauratum
298 2751 427 2794 fuisse
456 2750 580 2793 autor
607 2747 669 2790 est
701 2743 915 2799 Scyhtzes.

164 2813 377 2872 Παύλου]
415 2816 613 2860 Scribunt
639 2811 920 2865 TheophaneS,
945 2807 1138 2857 Zonaras,
1171 2802 1384 2858 Scylitzae,
1413 2800 1547 2843 loe-D

29 2874 91 2918 les
133 2876 176 2918 et
217 2874 400 2918 Codinus
443 2873 495 2916 de
535 2870 696 2926 Origin.
727 2867 807 2909 CP.
837 2877 932 2920 pag.
951 2864 1019 2906 58.
1050 2861 1162 2904 Edit.
1205 2859 1307 2912 Reg.
1348 2855 1503 2899 Aedem

101 2958 219 2994 Anna
242 2957 437 2995 Commun-
493 2957 551 2992 H.
1212 2945 1259 2977 44
