1806 3132
299 213 382 258 642
823 227 1000 261 cAROLI
1027 227 1267 262 DUCANGII

59 346 285 394 Pag.357.A
430 331 691 397 Ἀνθήλιον]
788 341 915 395 Quasi
945 335 1044 384 οἷντὶ
1073 337 1215 398 ἡλίου.
1254 343 1487 399 Hesychius
1514 343 1702 388 Milesius
1732 345 1783 389 de

298 396 377 439 hac
407 395 624 450 Columna,
657 395 729 454 ἐφ’
761 387 884 454 ᾧπερ
916 393 1125 453 ἱδρῦσθαι
1147 401 1486 443 Κωνσταντῖνον
1516 397 1690 456 ὁρῶμεν
1719 400 1784 444 δί-

298 467 376 509 κην
404 448 529 509 ἡλίου
561 449 888 509 προλάμποντα
916 457 1012 506 τοῖς
1041 454 1255 507 πολίταις.

252 520 286 556 A
422 501 657 566 ’Έρριψαν]
687 511 869 555 Duravit
899 511 940 555 et
979 512 1098 555 stetit
1129 511 1395 556 Constantini
1424 513 1482 556 M.
1513 513 1666 558 Statua
1711 528 1783 558 us-

298 578 377 621 que
421 566 474 609 ad
504 567 641 610 Alexii
682 568 890 623 tempora,
927 581 1008 623 quo
1043 569 1286 623 imperante,
1318 570 1442 613 vento
1482 571 1782 615 vehementiori

294 621 506 677 perflante,
536 623 692 666 decidit
719 624 995 680 diffractaque
1024 626 1065 668 et
1091 626 1135 668 in
1170 626 1326 669 multas
1355 627 1494 681 partes
1523 628 1782 672 comminuta

295 679 441 722 obvios
487 680 651 735 aliquot
688 681 913 724 interemit.
991 681 1120 735 Quem
1153 682 1330 726 Statuae
1372 695 1515 726 casum
1556 684 1780 728 observant

293 736 421 779 etiam
453 736 633 780 Zonaras
671 737 715 780 in
747 737 1022 781 Constantino
1051 738 1107 781 M.
1157 740 1199 782 et
1241 740 1284 781 in
1331 739 1477 783 Alexio
1523 741 1565 783 et
1601 741 1781 785 Michael

294 791 459 848 Glycas,
492 793 564 848 qui
607 793 651 836 id
680 794 758 837 sub
802 807 975 837 vernum
1020 795 1184 849 tempus
1222 796 1422 839 accidisse
1452 799 1638 850 narrant,
1671 798 1779 847 Sole,

292 849 341 891 ut
384 849 446 892 ait
474 849 613 902 Anna,
657 851 750 893 tum
779 851 823 893 in
852 851 990 894 Tauro
1034 852 1182 906 posito.
1265 853 1383 896 Diem
1423 866 1520 896 vero
1551 855 1592 897 et
1623 868 1780 897 annum

291 906 437 948 tantae
466 906 611 949 ruinae
651 907 812 950 indicat
843 907 1025 951 Codinus
1066 908 1110 950 in
1155 908 1269 964 Orig.
1302 909 1564 963 Meursianis,
1596 911 1635 954 5.
1666 912 1782 954 vide-

291 962 391 1005 licet
408 961 541 1017 April.
566 964 630 1005 14.
660 963 812 1006 Indiot.
846 965 898 1007 A.
930 965 987 1007 M.
1017 965 1133 1008 iuxta
1173 964 1351 1009 Graecos
1393 976 1649 1012 VIMDOXIV.
1684 967 1778 1011 Chr.

291 1027 424 1062 MOVI.
490 1020 632 1062 Τοῦτο
663 1020 767 1075 γοῦν
813 1017 865 1063 τὸ
902 1013 1071 1076 ἄγαλμα
1109 1021 1350 1065 κατέπεσεν
1388 1018 1480 1065 ἀπὸ
1510 1025 1589 1066 τοῦ
1620 1022 1777 1077 κίονος,

292 1073 365 1117 καὶ
394 1069 535 1132 φόνον
564 1075 654 1117 τῶν
685 1075 826 1120 ἐκεῖσε
857 1073 1132 1131 εὑρεθέντων
1173 1072 1343 1133 α’νδρῶν
1371 1095 1419 1122 τε
1463 1079 1538 1122 καὶ
1569 1083 1780 1136 γυναικῶν

294 1128 401 1174 ὠσεὶ
431 1131 535 1174 δέκα
562 1129 811 1188 εἰργάσατο,
842 1130 951 1176 κατὰ
982 1131 1059 1193 τὴν
1083 1134 1291 1191 πέμπτην
1321 1133 1482 1206 δηλαδιὶ
1517 1131 1779 1192 Ἀπριλλίου

291 1184 440 1245 μηνός,
471 1190 549 1248 τῆς
567 1186 1040 1248 τεσσαρεσκαιδεκάτης
1060 1185 1340 1244 Ἰνδικτιῶνος
1360 1193 1440 1236 τοῦ
1464 1193 1778 1248 εξακισχιλιοσ-

291 1246 374 1288 τοῦ
395 1243 869 1301 τεσσαρεσκαιδεκάτου
895 1245 1035 1301 ἔτους,
1053 1244 1255 1292 εἰκοστὸν
1281 1246 1380 1301 ἔτος
1400 1245 1589 1307 ἀγούσης
1605 1253 1684 1309 τῆς
1702 1254 1782 1306 βα-

291 1301 456 1353 σιλείας
475 1305 554 1346 τοῦ
577 1302 728 1357 κυρίου
755 1303 953 1358 Ἀλεξίου
972 1307 1051 1348 τοῦ
1070 1308 1315 1362 Κομνηνοῦ,
1341 1303 1433 1364 ὥρα
1449 1298 1500 1366 ἦν
1520 1306 1625 1351 ὡσεὶ
1638 1308 1775 1365 τρίτη,

291 1354 365 1401 ὅτε
394 1355 560 1416 γνόφος
580 1359 761 1415 ἐγένετο,
803 1362 874 1403 καὶ
903 1360 1047 1415 βίαιος
1078 1358 1207 1413 νότος
1239 1360 1425 1407 ἔπνευσε
1456 1364 1665 1422 σφοδρόν,
1696 1366 1775 1408 τοῦ

292 1412 490 1472 κομήτου
521 1415 705 1472 ἀστέρος
733 1419 813 1460 τοῦ
849 1412 1052 1462 ἀκοντίου
1084 1412 1337 1473 ὀλυθὲντος,
1367 1420 1441 1463 καὶ
1469 1418 1548 1464 τὸν
1574 1422 1779 1465 τοιοῦτον

290 1472 369 1515 τοῦ
414 1467 544 1527 ἀέρος
584 1470 773 1529 τάραχον
819 1473 1162 1531 ἐξειργασμένου,
1208 1478 1288 1519 τοῦ
1319 1477 1532 1535 φανέντος
1561 1475 1671 1521 κατὰ
1699 1476 1777 1535 τήν

288 1525 503 1584 Ἑσπέραν
545 1531 622 1589 τῆς
652 1532 936 1588 παρασκευῆς
964 1534 1041 1591 τῆς
1081 1529 1262 1590 πρώτης
1292 1530 1548 1589 ἑβδομάδος.
1609 1536 1778 1579 Colum-

291 1599 369 1629 nae
395 1587 718 1642 Porphyretioae
748 1588 982 1647 ζωστῆρας,
1026 1603 1097 1632 seu
1128 1590 1315 1644 circulos,
1362 1592 1512 1647 quibus
1540 1593 1617 1636 illa
1645 1593 1779 1635 conti-

290 1643 478 1695 nebatur,
509 1644 633 1698 paulo
665 1645 774 1698 ante,
805 1646 881 1689 sub
914 1646 1143 1689 Botaniata
1173 1648 1343 1700 scilicet,
1376 1649 1537 1692 fulmen
1571 1649 1777 1692 dissecue-

290 1699 369 1752 rat,
411 1700 476 1742 uti
503 1701 678 1743 tradunt
710 1701 909 1756 Scylitzes
939 1703 980 1745 et
1010 1703 1203 1746 Zonaras.
1275 1705 1365 1748 Hos
1395 1705 1624 1749 Theodosio
1645 1706 1776 1760 impe-

290 1756 410 1798 rante
438 1757 594 1811 positos
625 1758 820 1801 docemur
855 1772 902 1802 ex
937 1758 1139 1803 Chronico
1165 1759 1390 1804 Alexandr.
1437 1762 1489 1805 ad
1524 1763 1562 1805 9.
1594 1762 1778 1805 eiusdem

291 1812 526 1856 Theodosii.
605 1813 710 1857 Cum
749 1815 860 1858 enim
906 1828 952 1858 ex
983 1816 1178 1859 inferiore
1221 1816 1450 1862 Columnae
1489 1819 1608 1873 parte
1650 1820 1778 1862 noctu

289 1869 459 1912 avulsus
487 1869 633 1913 fuisset
669 1871 775 1925 lapis
802 1872 1014 1927 grandior,
1046 1886 1096 1915 ne
1133 1873 1327 1917 universa
1357 1875 1546 1930 lapidum
1575 1875 1777 1918 dissolve-

289 1926 406 1968 retur
451 1939 682 1982 eompages,
732 1928 898 1972 circulis
945 1929 1086 1972 ferreis
1123 1930 1310 1974 revincta
1349 1932 1474 1986 atque
1503 1932 1671 1987 illigata
1701 1933 1775 1975 est.

290 1982 397 2024 Loco
443 1983 577 2038 igitur
618 1983 903 2039 disruptarum
948 1998 1149 2029 zonarum
1192 1987 1363 2030 Manuel
1403 1987 1636 2031 Comnenus
1676 1987 1776 2043 (non

290 2038 580 2094 Palaeologus,
623 2041 672 2082 ut
721 2042 916 2096 opinatur
959 2042 1024 2085 vir
1065 2042 1231 2098 doctus)
1280 2043 1539 2100 Spondylum
1592 2045 1774 2088 eiusdem

290 2095 578 2138 crassitudinis
605 2109 651 2139 ex
671 2098 816 2141 multis
837 2098 1045 2153 lapidibus
1076 2100 1448 2154 superaedificavit,
1490 2101 1530 2144 et
1549 2102 1594 2143 in
1614 2114 1776 2144 summo

289 2151 608 2206 Inscriptionem
654 2154 807 2208 posuit,
857 2167 963 2210 quae
1003 2156 1116 2198 extat
1163 2157 1272 2211 apud
1317 2158 1461 2200 Ioann.
1501 2158 1687 2201 Dousam
1731 2159 1775 2200 in

290 2207 434 2250 Itiner.
467 2208 548 2252 CP.
593 2210 634 2252 et
664 2209 914 2266 Suidgerum
958 2212 1003 2254 in
1032 2212 1268 2267 Hodoepor.
1317 2214 1390 2256 lib.
1412 2215 1450 2257 2.
1519 2214 1588 2258 Ab
1633 2215 1776 2258 eodem

290 2264 431 2316 etiam,
464 2265 507 2308 ni
537 2265 672 2322 fallor,
707 2267 898 2311 Manuele
928 2269 1076 2320 erecta,
1109 2282 1214 2323 quae
1238 2270 1332 2324 post
1362 2269 1540 2314 Statuae
1571 2270 1775 2314 Constan-

290 2320 478 2364 tinianae
509 2334 652 2365 casum
698 2324 828 2377 stetit,
870 2324 979 2368 Crux
1018 2338 1142 2379 supra
1171 2326 1304 2380 ipsam
1334 2326 1594 2370 Columnam.
1669 2328 1774 2370 Vide

291 2378 504 2430 praeterea
535 2391 640 2433 quae
670 2379 721 2422 de
755 2380 959 2424 Columna
993 2381 1209 2436 Purpurea
1243 2383 1399 2426 habent
1445 2383 1610 2439 Gyllius
1639 2384 1712 2427 lib.
1733 2386 1772 2426 3.

291 2433 497 2488 Descript.
530 2435 611 2478 ΟΡ.
646 2449 734 2491 cap.
754 2438 792 2480 3.
824 2438 866 2480 et
894 2438 1104 2493 Augerius
1134 2439 1316 2494 Busbeg.
1346 2440 1391 2482 in
1421 2440 1564 2483 Itiner.
1596 2439 1678 2483 CP.

51 2503 141 2550 Ρη,
155 2503 236 2540 358.
247 2505 277 2539 A
424 2487 614 2591 Εἱρήνηὶ
657 2493 802 2547 Veget.
842 2494 915 2537 lib.
937 2495 976 2536 3.
1026 2507 1113 2549 cap.
1139 2497 1175 2538 1.
1245 2495 1328 2549 Qui
1362 2496 1572 2540 desiderat
1612 2511 1769 2551 pacem,

285 2551 514 2600 praeparet
534 2548 597 2591 bel
614 2563 696 2592 um.
717 2550 970 2593 Themistius
986 2550 1102 2594 Orat.
1126 2553 1190 2594 10.
1217 2551 1416 2607 πολέμου
1437 2543 1585 2595 ἆθλον
1613 2550 1773 2610 εἰρήνη.

289 2602 400 2645 Hinc
444 2604 640 2648 Nummis
686 2606 975 2662 Augustorum
1024 2620 1106 2650 non
1150 2609 1275 2652 semel
1318 2609 1578 2664 inscriptum,
1620 2620 1774 2653 MARTI

289 2668 541 2712 PACIFERO,
583 2663 625 2704 et
656 2661 889 2706 Cromwelli
924 2664 1097 2719 Anglici
1129 2665 1326 2720 Tyranni,
1357 2675 1453 2709 PAX
1494 2676 1774 2717 QVAERITVR

292 2725 462 2759 BELLO.
495 2716 747 2761 Prudentius
778 2720 819 2761 in
851 2720 1207 2775 Psychomachia:

424 2772 523 2816 Pax
552 2774 648 2817 belli
676 2776 813 2818 eoeaeti
838 2777 1024 2830 pretium
1053 2781 1113 2820 est
1135 2778 1403 2834 pretiumque
1423 2779 1594 2833 pericli.

292 2827 470 2872 Sanctus
501 2829 766 2886 Augustinus
798 2833 927 2888 Epist.
950 2834 1045 2876 205.
1110 2835 1210 2878 Non
1236 2849 1328 2889 pax
1356 2837 1585 2891 quaeritur,
1614 2839 1660 2879 at
1690 2836 1771 2880 bel-
