1734 3120
193 201 275 243 250
695 205 860 239 ANNAE
889 204 1156 239 COMNENAE

190 327 325 367 ταῦτα
355 325 425 368 καὶ
454 319 660 378 δυνάμεις
688 316 955 378 ἅποχρώσας
991 315 1111 379 αὐτῷ
1142 321 1299 365 δίδωσι
1327 320 1474 365 πολλὰ
1503 319 1678 366 ὑποθέ-

190 410 322 449 μενος
347 393 419 436 καὶ
459 388 758 447 ἐντειλάμενος
800 390 846 434 ἐν
874 392 987 434 πᾶσι
1028 390 1223 445 νουνεχεὶ
1262 387 1341 443 τὰς
1382 389 1679 448 ἐπιχειρήσεις

192 465 440 506 ποιεῖσθαι.
502 459 525 505 ὁ
557 462 605 506 δὲ
641 457 898 516 καταλαβών
928 457 1007 519 τὴν
1036 453 1236 514 {Astu-6021
1276 454 1432 503 αὐτίκα
1470 458 1549 503 τὸν
1576 454 1680 504 ἅνα-

190 527 352 586 μεταξύ
383 526 767 585 διαπλίοϊσίμενος
795 525 1011 585 πορθμὸν
1042 524 1362 584 καταλαμβάνει
1386 525 1438 571 τὸ
1459 523 1679 584 Ἀτραμῦ-

190 615 297 642 τιον.
357 595 489 651 πόλις
520 598 568 642 δὲ
596 595 752 655 πρώην
788 596 868 653 μὲν
907 588 958 656 ἦν
987 593 1457 654 πολυανθρωποτάτη’
1491 593 1716 654 ὁπηνίκαὸ

191 666 238 711 δὲ
259 665 283 710 ὁ
299 668 467 723 Τζαχᾶς
481 664 535 709 τὰ
550 665 659 710 κατὰ
670 664 748 726 τὴν
757 662 956 724 Σμύρνην
977 665 1183 723 ἐληΐζετο,
1202 665 1274 709 καὶ
1292 659 1430 722 αὐτὴν
1450 666 1680 718 παντελῶς

192 732 414 793 ἐριπώσας
444 731 643 795 ἠφάνισε.
708 733 787 779 τὸν
818 736 923 791 γοῖτν
953 735 1148 792 παντελῆ
1185 728 1437 793 ἅφανισμὸν
1481 735 1561 795 τῆς
1588 751 1680 778 τοι-

191 801 324 861 αύτης
353 800 632 859 θεασάμενος
656 800 846 856 πόλεως,
893 799 954 855 ιῖς
992 804 1142 847 δοκεῖν
1180 802 1290 861 μηδὲ
1327 797 1576 859 ἄνθρωπον
1606 820 1681 846 κα-

191 871 393 930 τοικῆσαί
422 888 533 915 ποτε
565 871 610 916 ἐν
640 865 766 931 αὐτῇ,
801 872 1071 931 παραχρῆμα
1101 865 1420 930 α’νῳκοδὸμησέ
1438 888 1487 915 τε
1517 871 1589 915 καὶ
1617 869 1681 924 εἷς

192 938 242 983 τὸ
276 936 498 995 πρότερον
526 935 858 997 ἆποκατέστησε
889 942 1034 999 σχῆμα
1071 936 1183 992 τούς
1212 956 1260 984 τε
1297 940 1508 993 ἐποίκους
1541 937 1681 984 ἆπαν-
1698 949 1734 982 lc

153 1005 385 1063 Οταχόθεν
413 1003 716 1062 ἀνεκαλέσατο,
750 1005 916 1052 ὁπόσοι
951 1007 1063 1060 τέως
1103 1011 1194 1051 τῶν
1233 1005 1526 1063 αὐτοχθόνων
1569 1005 1680 1053 ἐσώ-

193 1078 331 1133 ζοντο,
363 1078 435 1121 καὶ
464 1077 512 1132 ἐξ
539 1072 806 1121 ἀλλοδαπῶν
838 1075 1032 1130 πολλοὺς
1062 1075 1471 1135 μεταπεμψάμενος
1502 1074 1682 1136 ἐνῴκισέ

191 1163 239 1190 τε
280 1145 352 1189 καὶ
393 1143 471 1190 τὸν
514 1142 736 1202 πρότερον
774 1140 1056 1190 ἅποδεδώκει
1093 1142 1277 1202 κόσμον.
1340 1142 1604 1202 πυθόμενος
1633 1146 1681 1190 δὲ

192 1215 297 1270 περὶ
325 1216 414 1257 τῶν
445 1211 654 1271 Τούρκων
683 1215 756 1259 καὶ
791 1211 1068 1272 μεμαθηκώς
1096 1212 1205 1257 κατὰ
1234 1211 1312 1272 τὴν
1342 1210 1544 1272 Λάμπην
1574 1211 1682 1258 τού-

191 1299 295 1334 τους
322 1282 384 1340 τῷ
415 1279 515 1326 τότε
548 1281 836 1339 ἐνδιατρίβειν
863 1277 1119 1339 α’πόμοιραν
1155 1284 1246 1326 τῶν
1285 1280 1361 1327 ὑπ’
1391 1277 1526 1327 αὐτὸν
1555 1279 1682 1326 δυνά·
1698 1291 1734 1324 15

191 1366 312 1405 μεων
341 1347 687 1406 ἀποδιελόμενος
714 1351 941 1408 ἐξέπεμψε
979 1352 1073 1395 κατ’
1105 1346 1263 1396 αι’-τῶν.
1311 1348 1361 1395 οἳ
1394 1350 1467 1394 καὶ
1495 1350 1683 1394 καταλα-

193 1415 347 1472 βόντες
377 1413 537 1471 αὐτοὺς
566 1419 639 1462 καὶ
670 1416 870 1476 πόλεμον
889 1417 1104 1476 καρτερὸν
1123 1420 1218 1476 μετ’
1238 1415 1385 1464 αὐτῶν
1404 1416 1683 1475 συνάψαντες

194 1483 276 1543 τήν
305 1487 494 1531 νικῶσαν
540 1482 659 1542 εἶχον
703 1489 975 1544 παραυτίκα·
1023 1483 1206 1546 ἀπηνῶς
1249 1487 1298 1532 δὲ
1337 1491 1435 1540 τοῖς
1469 1484 1683 1543 Τούρκοις

193 1556 409 1599 τοσοῦτον
438 1552 689 1615 ἐχρήσαντο,
725 1553 786 1609 ιῦς
815 1557 887 1601 καὶ
915 1554 971 1601 τὰ
1003 1554 1152 1614 νεογνὸ
1192 1553 1364 1601 τούτων
1394 1554 1459 1608 εἶς
1499 1556 1683 1613 λέβητας

193 1622 398 1677 ἐμβαλεῖν
426 1620 740 1679 καχλάζοντας·
771 1624 968 1677 πολλοὺς
996 1624 1045 1669 δὲ
1074 1625 1148 1669 καὶ
1171 1623 1368 1669 ἔκτειναν
1394 1623 1468 1668 καὶ
1498 1623 1683 1681 ζωγριάν
1696 1636 1734 1670 2(

146 1685 370 1748 Βόἷγοντες
398 1689 515 1746 πρὸς
541 1689 619 1736 τὸν
648 1686 881 1749 Εὗμάθιον
907 1694 1134 1750 χαίροντες
1163 1690 1423 1754 ἐπανῄεσαν.
1484 1689 1526 1736 οἶ
1556 1693 1605 1736 δέ
1635 1708 1681 1748 γε

192 1760 562 1819 καταλειφθέντες
612 1763 808 1818 Τοῦρκοι
860 1759 1262 1820 μελενδυτήσαντες
1318 1761 1391 1806 καὶ
1432 1759 1512 1814 τὰς
1554 1761 1684 1820 σφῶν

325 1876 357 1910 2.
383 1878 549 1922 νουνεχεὶ
573 1876 616 1919 F,
645 1877 827 1923 νουνεχῶς
850 1877 890 1913 Ρ.
1014 1879 1048 1913 6.
1075 1877 1117 1912 δὲ
1137 1876 1182 1920 Α,
1209 1888 1280 1912 om.
1297 1875 1338 1911 P.
1414 1872 1458 1910 τὰ
1483 1875 1557 1920 AG,
1583 1873 1624 1910 τὸ
1641 1874 1682 1910 P.

326 1918 504 1970 Σμύρνην
529 1924 606 1968 AF,
631 1920 812 1972 Σμύρναν
835 1925 876 1961 Ρ.
1024 1927 1058 1961 7.
1085 1921 1291 1971 ἔρειπώσας
1314 1924 1358 1960 A.
1449 1918 1612 1970 ἠφάνισε
1638 1923 1683 1968 Α,

325 1968 509 2018 ἠφάνισεν
533 1973 571 2008 Ρ.
720 1976 774 2010 10.
801 1971 1082 2018 ἀποκατέστησε
1096 1974 1140 2017 A,
1168 1971 1444 2018 ἀπεκατέστησε
1461 1971 1501 2007 P.
1630 1973 1683 2007 16.

327 2021 365 2054 αἳ
389 2022 450 2055 καὶ
476 2022 744 2067 καταλαβοῦσαι
760 2022 797 2057 C.
926 2024 979 2058 17.
1007 2019 1226 2067 συνάψασαι
1255 2022 1291 2058 C.
1427 2020 1483 2056 19.
1507 2021 1685 2056 τοσοῦτον

327 2080 398 2104 om.
427 2068 499 2105 Ac.
646 2071 702 2106 20.
729 2073 887 2117 ζωγρίαν
914 2071 959 2116 F,
985 2073 1163 2118 ζωγρείαν
1187 2070 1228 2107 P.
1377 2070 1435 2105 22.
1459 2066 1502 2104 τὰ
1532 2068 1567 2104 C.

193 2185 294 2231 quod
318 2197 393 2220 non
417 2185 663 2233 confecisset),
689 2188 823 2224 annuit
846 2188 991 2235 petenti
1017 2200 1060 2224 ac
1085 2187 1205 2224 multa
1229 2198 1384 2223 monens
1419 2184 1684 2231 mandansque,

193 2237 237 2269 ut
261 2233 410 2280 quidvis
447 2234 602 2270 consilio
641 2237 855 2283 susciperet,
895 2236 1040 2273 idoneis
1080 2248 1164 2272 eum
1206 2235 1325 2282 copiis
1363 2234 1557 2270 instruxit.
1619 2234 1685 2278 qui

193 2282 365 2328 Abydum
396 2283 524 2318 statim
549 2283 738 2328 profectus
761 2285 860 2321 freto
885 2285 1044 2321 traiecto
1063 2284 1319 2331 Atramytium
1348 2295 1386 2319 se
1410 2282 1583 2319 contulit.
1610 2282 1684 2317 fuit

195 2342 236 2366 ea
262 2330 545 2376 populosissima
562 2331 651 2367 olim
669 2333 814 2379 civitas,
831 2334 895 2369 sed
909 2333 1082 2378 Tzachas,
1096 2346 1182 2370 cum
1199 2333 1377 2380 Smyrnae
1391 2343 1495 2367 oram
1510 2333 1686 2375 vastaret,

194 2391 272 2414 eam
299 2379 448 2424 penitus
473 2381 610 2415 evertit
632 2392 675 2417 ac
699 2381 847 2418 delevit.
899 2385 1131 2428 quapropter
1156 2381 1371 2426 Phssocales,
1395 2380 1463 2415 ubi
1487 2379 1598 2416 talem
1625 2392 1685 2414 ur-

194 2428 277 2462 bem
306 2427 455 2473 penitus
480 2427 641 2464 deletam
665 2430 871 2476 conspexit,
908 2434 952 2466 ut
988 2442 1096 2466 nemo
1136 2432 1177 2466 in
1214 2441 1256 2465 ea
1290 2441 1466 2475 umquam
1497 2428 1685 2463 habitasse

194 2475 398 2518 videretur,
423 2477 609 2522 extemplo
644 2488 724 2512 eam
750 2478 904 2514 reficere
939 2491 1136 2525 aggressus
1160 2478 1325 2525 priorem
1359 2478 1394 2513 ei
1433 2476 1591 2523 speeiem
1629 2488 1685 2511 re·

195 2524 321 2558 stituit
347 2524 518 2570 civesque
541 2525 620 2560 eius
646 2529 684 2561 et
709 2526 914 2573 indigenas,
939 2530 1126 2574 quotquot
1165 2527 1288 2563 adhuc
1320 2525 1475 2562 fortuna
1505 2527 1685 2569 servarat,

196 2570 452 2618 undecumque
474 2575 694 2610 convocavit
719 2587 761 2612 ae
790 2576 920 2611 multis
946 2576 1058 2611 etiam
1084 2575 1233 2611 aliunde
1259 2574 1446 2611 arcessitis
1482 2573 1685 2619 pristinum

197 2619 281 2655 urbi
306 2624 480 2656 ornatum
507 2621 685 2658 reddidit.
734 2624 909 2659 nuntiato
953 2627 1079 2660 autem
1119 2636 1197 2660 esse
1221 2623 1361 2660 Turcas
1393 2622 1493 2659 circa
1517 2621 1685 2667 Lampen

197 2670 342 2713 partem
367 2680 412 2703 ex
439 2670 556 2715 copiis
582 2671 658 2706 suis
683 2671 824 2718 delegit
850 2672 888 2707 in
915 2684 1051 2719 eosque
1077 2672 1243 2718 dimisit3
1269 2672 1335 2718 qui
1348 2683 1410 2707 eos
1425 2670 1593 2717 aggressi
1606 2670 1685 2706 acri

196 2716 399 2770 certamine
424 2719 618 2755 commisso
644 2720 766 2765 primo
791 2721 936 2766 impetu
950 2724 1138 2767 superant.
1181 2723 1258 2756 tam
1274 2719 1476 2756 crudeliter
1498 2729 1587 2754 vero
1611 2718 1684 2754 vic-

196 2766 296 2818 toria
320 2764 377 2799 usi
402 2769 499 2809 sunt,
534 2770 575 2802 ut
600 2766 807 2804 Tui-carum
833 2769 1008 2815 parvulos
1033 2770 1074 2805 in
1101 2769 1287 2805 ferventes
1310 2768 1450 2804 lebetes
1483 2767 1682 2810 inicerent3

197 2823 383 2858 caesisque
417 2816 497 2847 tum
523 2815 696 2860 plurimis
733 2817 898 2862 eaptisve
940 2818 1031 2853 laeti
1067 2818 1116 2853 ad
1142 2816 1388 2853 Eumathium
1422 2814 1594 2851 redeunt.
1645 2817 1685 2850 at

197 2859 340 2898 Turcae
365 2862 594 2910 superstites,
622 2876 695 2912 quo
722 2864 863 2904 cladem
886 2866 967 2914 ipso
993 2865 1126 2904 habitu
1148 2865 1393 2915 popularibus
1413 2865 1490 2902 suis
1503 2866 1684 2902 testaren-
1720 2862 1734 2878 *³
