1734 3120
188 220 272 262 412
744 229 890 263 PETRI
921 229 1114 263 Possmi

324 346 685 388 ΣΥΝΙ-ΙΘΕΙΑΙ.
747 346 836 388 Lib.
867 356 935 388 111.
978 346 1022 387 in
1052 345 1179 388 Bulla
1217 359 1344 388 aurea
1385 358 1516 400 genus
1547 346 1677 389 veeti-

189 403 298 457 galis
337 402 398 445 sic
429 402 612 445 dictum:
659 402 909 445 Guillelmus
941 402 1091 457 Tyrius
1121 402 1192 445 lib.
1226 413 1294 445 ΠΙ.
1355 402 1426 445 Ita
1455 407 1501 445 ut
1530 417 1552 445 e
1577 417 1677 446 con—

187 463 330 513 spectu
363 457 856 512 Constantinopolitanae
893 459 1089 514 civitatis,
1123 463 1425 513 procuratores
1462 473 1560 502 suos
1603 460 1675 502 ha-

190 517 303 559 beret
350 516 421 571 qui
470 516 785 559 consuetudines
833 531 859 558 ιι
913 516 1229 559 transeuntibus
1277 516 1502 572 exigerent.
1570 516 1676 559 Vide

188 573 412 616 Novellam
451 573 678 615 Iustiniani
711 573 805 615 163.
852 572 924 615 ubi
970 571 1075 626 περὶ
1117 574 1377 628 κοι,·φισμιῦν
1425 572 1675 629 συνηθείας.

189 630 297 673 Sunt
327 629 482 672 alicubi
510 629 713 684 hodieque
742 630 785 671 in
818 628 957 672 Gallia
989 630 1193 685 quaedam
1225 630 1411 685 portoria
1442 643 1547 686 quae
1578 644 1676 673 con-

188 686 428 730 suetudines
459 687 677 729 vocantur.

323 744 748 785 ΣῩΜΠΛΘΕΙΑΙ.
821 743 909 786 Lib.
933 754 1002 786 ΙΙΙ.
1034 744 1075 786 61
1105 744 1176 786 lib.
1198 754 1263 786 IX.
1313 744 1534 787 manifeste
1578 745 1677 787 sunt

188 800 449 843 remissiones
479 812 636 854 poenae
658 813 761 854 quas
782 799 943 843 Gallice
972 814 1121 854 ,qraces
1149 800 1338 852 dicimus,
1373 801 1540 856 quando
1576 814 1677 844 con-

188 857 291 899 victi
313 856 500 899 criminis
521 856 771 911 supplicium
801 857 922 911 plena
943 858 1151 911 potestate
1170 857 1379 912 Principis
1401 858 1675 901 condonatur.

189 913 335 965 Venia,
364 913 567 963 remissio,
607 913 694 956 sive
724 914 896 956 remissa
929 915 976 956 111
1007 914 1197 969 loquitur
1217 914 1356 957 Autor
1386 915 1678 958 commentarii

187 971 232 1012 in
251 970 432 1013 Paulum
450 970 673 1013 Ambrosio
694 970 846 1013 tributi
868 970 921 1013 ad
942 971 1065 1014 Rom.
1085 982 1149 1015 VI.
1171 971 1236 1014 14.
1283 971 1505 1027 Significat
1532 971 1674 1015 eadem

188 1040 266 1070 vox
311 1026 422 1081 apud
454 1026 620 1069 Annam
667 1040 749 1070 non
792 1040 886 1070 raro
932 1028 1187 1071 tributorum
1235 1028 1560 1072 condonationes
1602 1029 1678 1072 aut

186 1084 463 1127 relaxationes
491 1083 739 1126 debitorum.
777 1080 1057 1138 σύμπάθειαι
1086 1085 1366 1141 δημοσιακῶν
1395 1080 1675 1143 ὀφλημάτων.

187 1141 290 1184 item
323 1135 607 1194 συμπάθειαι
636 1142 726 1182 τῶν
755 1140 1001 1196 λεγομένων
1030 1143 1292 1198 συνηθειῶν.

322 1197 702 1240 EYMOEQNEIN.
777 1198 987 1241 Peculiari
1031 1200 1200 1242 notione
1252 1199 1501 1243 fidelitatem
1549 1199 1676 1242 alicui

188 1253 373 1309 profiteri
405 1254 445 1296 et
475 1254 561 1296 eins
591 1247 838 1308 ἄνθρωπον
867 1254 1004 1310 λίζιον
1032 1257 1135 1300 fieri.
1158 1256 1211 1299 in
1239 1256 1394 1311 scripto
1422 1255 1677 1300 Concordiae

189 1311 415 1353 Baimundi
445 1311 520 1353 sub
550 1311 673 1354 finem
706 1312 777 1355 lib.
799 1323 902 1355 XIII.

321 1369 699 1411 ΣΦΑΙΡΙΖΕΙΝ.
762 1370 851 1412 Lib.
873 1380 938 1413 IX.
967 1371 1061 1425 post
1092 1370 1287 1413 medium.
1339 1365 1380 1412 εἰ
1417 1369 1465 1412 δὲ
1497 1368 1675 1427 σφαιρί-

188 1423 315 1478 ζοντα
359 1425 517 1466 τοῦτον
557 1419 648 1467 εἶδέ
678 1442 756 1476 τις.
832 1426 934 1480 Quis
980 1427 1146 1470 dubitet
1190 1427 1258 1470 hic
1301 1426 1676 1484 ocpacplgmresse

186 1481 272 1536 pila
291 1481 466 1524 ludere?
497 1482 656 1537 Pergit.
689 1480 728 1525 εἰ
749 1481 797 1525 δὲ
818 1479 1135 1538 ἱππαζόμενον,
1155 1481 1258 1526 εἰδὲ
1278 1479 1497 1536 ἱππασίας
1518 1480 1676 1526 ποιού-

186 1553 332 1592 μενον.
379 1539 492 1593 Ergo
524 1538 748 1584 distinctae
775 1541 1091 1585 exercitationes
1119 1540 1366 1597 σφαιρίζειν
1387 1542 1428 1585 et
1449 1537 1673 1595 ἱππάζειν.

187 1594 322 1650 Atqui
365 1595 489 1650 paulo
534 1597 630 1650 post
668 1597 728 1639 sic
771 1598 899 1641 habet
927 1598 1066 1641 Anna.
1113 1597 1386 1656 σφαιρίζοντι
1434 1595 1513 1654 γάρ
1563 1614 1675 1640 ποτε

183 1652 247 1708 τῷ
278 1645 568 1706 αὐτοκράτορι
608 1650 718 1695 κατὰ
757 1650 808 1696 τὸ
850 1652 895 1696 ἐν
934 1651 1109 1712 μεγάλῳ
1147 1655 1348 1712 παλατίῳ
1389 1651 1673 1712 ἶππηλάσιον.

187 1707 308 1763 (quid
339 1704 614 1765 ὶππηλάσιον
641 1711 694 1753 ad
725 1710 875 1767 pilam)
906 1713 1055 1767 pergit.
1112 1707 1218 1772 ἆνήρ
1258 1729 1325 1764 τις
1365 1708 1590 1767 βάρβαρος
1631 1711 1678 1766 ἐξ

181 1759 422 1819 Ἀρμενίων
467 1765 539 1809 καὶ
572 1763 780 1822 Τούρκων
823 1766 921 1826 φὺς,
968 1768 1097 1826 ξίφος
1146 1769 1323 1813 ἔσωθεν
1368 1772 1458 1812 τῶν
1493 1764 1674 1827 ἆμφίων

183 1821 344 1879 φέρων,
370 1819 481 1865 ἐπὰν
511 1819 588 1866 τὸν
608 1818 912 1879 αὐτοκράτορα
935 1826 1024 1868 τῶν
1043 1823 1423 1884 συσφαιριζὸντων
1444 1822 1674 1882 ἀνασειρά-

182 1894 319 1922 σαντα
344 1876 422 1923 τὸν
451 1878 626 1933 χαλινὸν
657 1875 994 1939 ἀπολειφθέντα
1025 1881 1259 1937 ἐθεάσατο,
1292 1883 1360 1940 ἐφ’
1396 1873 1433 1940 ᾦ
1467 1899 1673 1927 πνευστι-

184 1938 301 1978 ῶντα
330 1933 408 1979 τὸν
434 1936 581 1980 ἵππον
624 1932 846 1995 ἀναψῦξαι
892 1941 971 1984 616.
1046 1942 1109 1984 En
1151 1942 1352 1997 equestris
1397 1942 1513 1985 lusus
1550 1942 1672 1996 pilae.

183 1993 364 2047 Quinam
395 1995 430 2037 is
463 2008 559 2038 vero
591 1997 689 2039 est?
748 1997 878 2040 Video
928 1998 1154 2041 simulacra
1196 1998 1294 2042 belli
1338 1998 1466 2042 armis
1500 1999 1673 2042 decursa

182 2049 509 2106 σφαιρομαχίας
535 2053 746 2096 veteribus
777 2054 924 2106 dictas.
981 2054 1090 2098 Nam
1123 2069 1169 2098 ex
1194 2055 1366 2098 Polluce
1394 2055 1467 2098 lib.
1499 2066 1570 2099 III.
1599 2053 1672 2097 καὶ

184 2104 238 2148 τὰ
269 2103 387 2150 ὅπλα
416 2111 618 2166 σφαῖραι.
665 2103 740 2167 ἀφ’
772 2107 833 2152 ὠν
854 2110 926 2153 καὶ
956 2106 1006 2154 τὸ
1039 2115 1362 2170 σφαιρομαχεῖν
1392 2111 1464 2154 καὶ
1486 2127 1674 2170 σφαιρο-

181 2163 327 2218 μαχία.
387 2165 483 2208 Νο11
513 2166 679 2210 videtur
710 2180 807 2223 ergo
840 2181 925 2211 esse
955 2181 1072 2223 posse
1098 2169 1270 2212 dubium
1304 2170 1404 2225 quin
1426 2168 1672 2225 σφαιρίζειν

182 2221 237 2264 311
266 2222 475 2265 interdum
507 2223 617 2277 apud
650 2224 820 2268 Annam
865 2238 1018 2280 equum
1046 2225 1253 2269 domitare
1299 2227 1427 2282 atque
1455 2227 1499 2269 in
1531 2226 1672 2270 orbem

182 2291 305 2333 agere
334 2280 408 2322 aut
439 2280 628 2334 equestre
657 2281 866 2325 ludicrum
899 2282 1126 2325 decurrere.

319 2338 687 2380 EXIAEYMOE.
738 2339 828 2382 Lib.
857 2350 926 2382 ΙΙΙ.
967 2339 1011 2381 in
1050 2339 1176 2383 Bulla
1214 2339 1367 2383 Aurea.
1411 2335 1673 2394 σχιδευμοίς

182 2390 253 2433 καὶ
273 2384 640 2449 ἅποσχηδευμούς
661 2395 833 2439 autumo
855 2408 940 2438 esse
959 2396 1177 2440 scissiones
1197 2397 1239 2440 et
1254 2396 1517 2440 rescissiones
1533 2409 1671 2439 rerum

182 2448 476 2501 iudicatarum,
509 2451 574 2493 vel
597 2452 923 2505 contractarum,
945 2453 1167 2508 postquam
1188 2453 1442 2496 solemnibus
1462 2453 1566 2495 iuris
1587 2453 1672 2496 for-

181 2505 306 2547 mulis
341 2506 533 2549 firmatae
575 2509 686 2550 sunt.
757 2522 884 2564 quam
924 2510 1177 2564 potestatem
1212 2511 1366 2553 summi
1409 2509 1669 2566 principatus

182 2562 392 2621 propriam
424 2563 658 2618 Imperator
690 2564 780 2608 illic
810 2566 941 2609 Matri
971 2567 1268 2610 communicat.

316 2619 446 2660 ΣΩΛ
475 2623 699 2664 ΠΙΣΤΙΣ.
762 2623 940 2666 Videtur
968 2623 1040 2666 lib.
1062 2634 1160 2668 XIV.
1191 2637 1277 2666 esse
1307 2623 1407 2666 fides
1437 2623 1511 2666 illa
1543 2636 1669 2678 quam

182 2673 406 2718 solemnem
440 2677 689 2731 Imperatori
720 2680 795 2722 aut
821 2680 927 2734 Regi
958 2680 1225 2723 iureiurando
1262 2680 1509 2735 interposito
1544 2680 1669 2735 profi-

182 2730 326 2773 tentur
355 2732 427 2786 qui
457 2746 597 2775 eorum
629 2734 711 2777 iuri
743 2749 784 2778 se
819 2736 1048 2779 subiiciunt
1079 2739 1122 2780 et
1161 2750 1304 2781 eorum
1336 2737 1522 2780 homines
1548 2737 1668 2779 fiunt.

324 2846 554 2890 TEJIIIH.
616 2847 785 2905 τέμηης
832 2849 1038 2906 singulari
1081 2864 1252 2896 numero
1291 2850 1414 2896 vallis
1459 2851 1512 2896 ab
1543 2850 1668 2896 Anna
