1734 3120
519 223 831 260 GLOSSARJUM
862 226 1098 262 ANNAEUM
1471 225 1553 267 407

207 397 662 442 MANIAKATAI.
720 397 820 439 Fuit
847 398 919 453 qui
956 399 1235 454 suspicaretur
1273 402 1408 444 nescio
1451 404 1550 457 quid

71 453 122 496 de
150 452 360 508 torquatis
386 451 534 498 Gallis.
594 454 768 497 Memini
796 455 934 508 legere
965 467 1032 498 me
1069 455 1180 509 apud
1211 456 1433 512 Polybium
1469 475 1552 513 μα-

72 504 220 564 νιάκην
248 509 453 564 torquem.
499 510 579 554 Sed
612 523 725 554 nunc
754 524 835 554 non
865 511 955 554 erat
982 512 1046 554 his
1070 511 1198 555 locuS.
1247 514 1334 556 Nec
1355 515 1550 570 cuiquam

71 566 208 621 potest
243 578 331 609 esse
369 565 543 610 dubium
585 567 687 622 quin
725 569 990 622 μανιακᾶται
1028 568 1138 624 apud
1171 572 1337 613 Annam
1368 571 1440 615 lib.
1467 583 1551 616 vn.

69 622 1551 740 131ᾑὲὲὲ3ἓὲ11111130ξὲΡὶῗῗιΐθέ133111313ῧέᾳξὲξᾱῗῗ

72 736 343 792 Curopalates
378 737 422 780 in
460 738 657 794 Diogene.
698 716 982 795 ’ἅντάρανόος
1017 739 1066 783 δὲ
1102 742 1164 797 τῷ
1200 738 1439 798 μονομάχῳ
1479 743 1551 785 καὶ

71 792 446 849 κατηγωνισμένον
476 791 518 837 ὀἱ
549 791 629 838 σῦν
656 789 776 853 αὐτῷ
807 797 933 848 (forte
953 792 1032 839 σῦν
1051 791 1187 853 αὐτῷ)
1218 797 1550 852 περαιωθέντες

69 851 132 907 τῷ
158 850 331 902 βασιλεῖ
351 850 655 903 δουλωθέντες
683 852 949 908 μανιακᾶταί
976 869 1024 896 τε
1055 850 1454 912 ἐπωνομάσθησαν,
1477 856 1551 899 καὶ

69 909 124 966 τῇ
151 904 377 961 Ῥωμαίων
405 908 549 968 πολλῇ
581 908 707 963 (forte
736 905 887 964 πόλει)
917 909 1214 966 ἑναπέμειναν.

203 966 645 1011 MANOYHAHM.
704 968 793 1011 Lib.
817 978 897 1012 xv.
950 967 1256 1012 Candelabrum
1287 969 1385 1011 ante
1413 969 1552 1024 Impe-

68 1021 252 1064 ratorem
294 1022 492 1077 praeferri
535 1023 707 1067 solitum
736 1038 761 1068 a
794 1025 1014 1069 manubrio
1059 1026 1167 1068 forte
1210 1024 1269 1067 sic
1314 1025 1474 1069 dictum
1503 1039 1550 1069 ex

67 1078 219 1122 Latino
249 1079 374 1122 verbo
403 1093 565 1124 manus.
615 1081 722 1124 Vide
751 1081 982 1125 Meursium
1011 1083 1053 1125 et
1083 1082 1188 1125 alios
1206 1081 1550 1138 Glossographos.

202 1137 552 1181 MAPKEEEH
614 1137 772 1182 Dubito
802 1152 857 1182 an
888 1139 966 1182 hoc
1006 1139 1062 1182 sit
1100 1151 1296 1194 personae
1332 1139 1546 1194 proprium

69 1204 243 1235 nomen:
290 1206 343 1236 an
391 1206 487 1237 vero
534 1194 757 1250 dignitatis
795 1195 910 1238 illius
955 1195 1076 1239 hodie
1119 1195 1376 1245 notissimae,
1422 1209 1547 1251 quam

67 1249 406 1294 Marchionatum
436 1250 628 1304 dicimUS,
668 1251 731 1294 ita
761 1253 809 1295 ut
842 1252 1081 1296 Tancredus
1120 1253 1173 1295 ab
1202 1252 1328 1295 Anna
1359 1252 1548 1295 Marchio

66 1306 248 1350 vocetur.
308 1306 540 1362 Scriptores
567 1308 887 1363 Expeditionum
923 1317 1141 1352 'sacrarum
1171 1309 1410 1352 constanter
1440 1309 1550 1352 hunc

67 1362 328 1406 Tancredum
360 1366 513 1408 vocant
535 1365 737 1408 Marchisi
767 1366 915 1409 filium.
947 1366 988 1409 et
1015 1366 1195 1410 fortasse
1225 1365 1365 1408 Patris
1398 1378 1547 1409 nomen

67 1419 152 1462 filio
171 1419 363 1463 adiunxit
388 1421 457 1464 hic
474 1422 611 1473 Anna,
643 1435 757 1466 more
788 1422 862 1466 illo
894 1423 1024 1466 veteri
1055 1436 1135 1479 quo
1156 1422 1347 1466 Socrates
1367 1422 1548 1477 Sophro-

66 1476 171 1519 nisci
200 1478 241 1519 et
274 1477 535 1534 Thucydides
566 1478 682 1522 Olori
712 1479 796 1522 dici
825 1479 942 1523 solet.

199 1535 658 1578 ΜΙΧΛΗΛΛΤΟΣ.
718 1537 778 1580 Ut
805 1532 1084 1591 Ῥωμανάτος
1114 1538 1247 1580 certas
1279 1548 1547 1579 nummorum

64 1590 218 1644 species
255 1591 449 1648 designat
500 1593 756 1649 imaginibus
794 1594 1004 1636 certorum
1042 1594 1349 1649 Imperatorum
1402 1605 1547 1647 nempe

66 1646 282 1691 Michaelis
325 1650 401 1692 aut
431 1650 613 1693 Romani
641 1650 841 1705 Diogenis
885 1651 1118 1706 impressas.
1188 1649 1255 1692 Ad
1299 1649 1545 1716 Michaelem

64 1704 175 1758 quod
208 1704 365 1748 attinet
393 1706 466 1750 lib.
487 1717 591 1750 XIII.
625 1707 702 1750 sub
731 1706 856 1750 finem
893 1707 943 1750 fit
972 1707 1128 1750 mentio
1164 1705 1435 1762 μιχαηλατου
1471 1721 1546 1758 χα·

64 1762 195 1817 ραγῆς
235 1761 315 1805 hoc
361 1764 423 1806 est
468 1763 667 1818 pecuniae
714 1764 940 1819 impressae
983 1764 1121 1819 effigie
1158 1763 1374 1806 Michaelis
1389 1762 1546 1828 ²Duoae

64 1816 261 1873 Augusti.
321 1819 393 1873 Sic¹
419 1820 530 1863 enim
561 1820 686 1875 paulo
717 1821 812 1875 post
846 1821 1035 1876 loquitur
1075 1819 1336 1864 Baimundus
1373 1817 1543 1876 οφείλω

62 1871 297 1928 λαμβάνειν
326 1874 419 1919 κατ’
450 1875 625 1933 ἑτησίαν
656 1874 781 1920 δόσιν
809 1871 901 1919 α’πὸ
932 1879 1021 1919 τῶν
1039 1876 1276 1932 βασιλικῶν
1305 1876 1545 1931 θησαυρῶν

61 1926 250 1973 τάλαντα
298 1932 499 1976 διακόσια
546 1935 626 1976 τοῦ
678 1931 1138 1989 προβεβασιλευκότος
1182 1934 1317 1987 κυροῦ
1362 1928 1546 1987 ,Μιχαήλ

63 1983 282 2045 ποιότητά
310 2004 359 2032 τε
386 1989 458 2032 καὶ
493 1990 681 2048 χαραγήν
719 1985 1020 2049 ἀποφέροντα.
1072 1991 1142 2034 ubi
1174 1989 1404 2033 notandum
1434 1988 1544 2043 quod

63 2040 250 2102 ποιότης
277 2047 319 2089 et
346 2046 508 2105 χαραγή
537 2048 870 2105 distinguuntur.
928 2047 1074 2104 l’alloy
1113 2051 1151 2090 et
1195 2047 1232 2090 lc
1276 2047 1371 2090 coin
1415 2047 1456 2088 et
1500 2045 1544 2087 in

63 2103 300 2146 Romanato
330 2100 571 2162 ποιότητος
599 2105 728 2148 solius
759 2105 807 2147 fit.
841 2106 1009 2157 mentio,
1042 2117 1124 2147 non
1158 2104 1257 2146 item
1286 2101 1398 2167 typi:
1437 2101 1544 2144 forte

61 2159 276 2203 affectasse
306 2161 591 2205 Baimundum
620 2163 727 2205 solvi
763 2161 841 2204 sibi
871 2162 948 2204 tali
989 2161 1155 2204 moneta
1194 2171 1544 2223 pensloneman-

63 2228 190 2259 nuam
220 2217 330 2272 quod
360 2218 439 2262 iste
466 2219 700 2275 Imperator
721 2218 901 2262 Michael
926 2219 1063 2261 Ducas
1084 2216 1222 2260 affinis
1248 2216 1377 2270 ipsuis
1396 2215 1543 2257 fuisset

60 2274 109 2315 ut
139 2272 248 2316 libro
277 2284 306 2318 Ι.
338 2275 536 2319 traditur.
587 2276 718 2319 Porro
747 2271 936 2329 ποιότης
965 2276 1005 2318 et
1034 2269 1196 2331 χαραγή
1227 2272 1413 2314 diversae
1444 2283 1543 2313 con·
1619 2278 1624 2283 “

60 2329 325 2374 siderationis
383 2333 514 2376 erant.
576 2346 672 2376 nam
727 2333 961 2386 Imperator
1013 2331 1188 2386 quilibet
1237 2328 1411 2392 arbitrio
1468 2339 1542 2369 suo

62 2386 221 2429 certum
267 2388 447 2442 gradum
493 2390 534 2433 et
579 2389 748 2432 modum
794 2388 990 2443 puritatis
1034 2386 1194 2429 metalli
1225 2383 1540 2439 praescrlbebat.

61 2443 163 2542 113ξο
201 2444 292 2486 erat
331 2441 528 2502 ποιότης.
574 2460 703 2502 quam
736 2445 908 2489 eandem
939 2457 1025 2487 esse
1055 2443 1131 2486 sub
1161 2442 1243 2485 alio
1273 2440 1543 2496 charagmate

61 2499 103 2542 ni
135 2500 167 2542 il
197 2501 325 2544 vetat.

196 2558 539 2602 ΜΟΛΙΣΚΟΣ.
602 2558 692 2601 Lib.
719 2569 782 2601 vl.
830 2557 994 2599 videtur
1035 2569 1120 2599 esse
1164 2555 1367 2610 angustus
1409 2554 1543 2596 terrae

60 2613 222 2656 tractus
251 2628 383 2670 aquas
412 2615 602 2659 dividens
633 2615 767 2656 instar
796 2613 1029 2667 crepidinis,
1058 2611 1365 2654 substructione
1395 2610 1436 2674 et
1453 2622 1543 2674 ‘ag-

61 2682 157 2724 gere
189 2669 358 2714 firmata
397 2672 539 2724 moles,
585 2670 815 2714 cuiusmodi
862 2669 985 2712 obiici
1017 2669 1179 2723 stagnis
1217 2680 1266 2710 ac
1302 2666 1543 2709 flumlnlbus

61 2725 207 2770 solent.
282 2727 455 2779 Gallice,
505 2729 795 2784 praeterquam
844 2726 952 2781 quod
997 2725 1191 2768 Latinam
1238 2723 1361 2766 molis
1399 2735 1542 2787 vocem

60 2782 286 2827 retinemus
329 2785 541 2829 interdum
586 2785 631 2827 111
674 2784 737 2826 his
778 2782 1049 2838 appellandis,
1095 2781 1242 2836 diques
1284 2779 1542 2835 frequentlus

60 2851 269 2885 vocamus.
327 2841 469 2888 Habet
498 2843 637 2888 autem
674 2835 1010 2898 ὗποκοριστικὴν
1050 2838 1228 2881 formam
1259 2837 1431 2881 verbum
1460 2851 1541 2891 μο-
