1734 3120
512 221 777 257 ALEXIADIS
809 222 902 256 ΠΒ.
933 223 1032 258 xlv,
1064 220 1101 258 7.
1468 217 1549 260 291

63 331 262 380 οἴκοθεν.
321 333 377 380 τὰ
403 335 484 392 μὲν
513 333 592 393 γὰρ
631 338 713 380 τοῦ
755 333 963 392 σώματος
1003 333 1253 390 ὃποδαπῶς
1294 332 1426 393 εἶχον,
1471 333 1551 383 οἰκ

61 399 115 446 ι’ὶν
143 399 339 459 εἴποιμι,
385 403 631 461 λεγέτωσαν
659 403 708 448 δὲ
742 406 880 447 ταῦτα
920 401 962 448 οἳ
1003 405 1109 461 περὶ
1142 403 1221 464 τὴν
1249 409 1552 463 γυναικωνῖτιν

62 471 134 515 καὶ
154 471 521 529 καταλεγέτωσαν.
580 470 635 515 τὰ
655 471 704 516 δὲ
726 469 901 527 ἔξωθεν
919 473 993 516 καὶ
1014 469 1099 516 ὅσα
1116 490 1195 529 μοι
1215 471 1551 518 συνεπεπτώκει

63 532 193 584 οἷῖπω
238 535 317 583 τὸν
346 532 507 596 ι’)’γδοον
535 536 843 598 ὗπερελασάσῃ
887 536 1047 596 χρόνον
1089 541 1160 584 καὶ
1191 537 1327 593 ὅσους
1357 540 1551 596 έχθρούς

26 603 87 664 5ἧ
117 609 207 650 τῶν
235 602 496 664 ἀνθρώπιον
524 624 602 663 μοι
631 607 761 651 κακία
790 604 1139 665 παρεβλάστησε,
1172 610 1253 665 τῆς
1277 603 1550 665 Ἰσοκράτους

60 675 271 733 Σειρῆνος
298 676 461 728 δεῖται,
493 678 576 732 τῆς
605 676 878 733 Πινδαρικῆς
907 675 1264 734 μεγαλοφωνίας,
1296 677 1376 719 τοῦ
1405 678 1550 720 Πολέ-

58 759 209 798 μωνος
228 742 391 802 ῥοίζου,
422 745 502 801 τῆς
518 741 749 802 Ὁμηρικῆς
771 740 1042 801 Καλλιόπης,
1065 744 1144 802 τῆς
1163 746 1398 803 Σαπφικῆς
1417 742 1588 801 λύραςο

61 804 89 869 ἤ
114 827 236 864 τινος
263 805 397 869 ἄλλης
425 809 549 869 παρὰ
579 808 740 864 ταί-τας
768 809 1012 867 δυνάμεως.
1073 806 1207 855 ου’δέν
1228 809 1311 868 γάρ
1340 811 1432 856 ἐστι
1460 814 1550 856 τῶν

59 880 217 923 δεινῶν
245 875 300 924 οὔ
326 876 498 936 μικρόν,
533 874 587 924 οὔ
619 881 791 961 μεῖζονζ
828 875 908 924 οὐκ
941 877 1139 937 ἐγγύθεν,
1178 875 1231 923 οὗ
1262 881 1548 938 πορρωτέρω,

4 942 87 993 100
114 946 176 1008 μὴ
205 943 345 1000 εὐθὺς
386 947 594 1005 ἐπέβρισε
629 948 734 992 καθ’
768 945 904 1008 ἡμῶν.
964 948 1037 991 καὶ
1078 949 1192 1006 δῆτα
1226 948 1299 991 καὶ
1335 945 1549 1005 ὑπερέσχε

59 1019 217 1096 σαφῶς
244 1013 296 1060 τὸ
328 1013 572 1061 κλυδώνιον
593 1017 667 1060 καὶ
695 1015 849 1060 ἔκτοτε
879 1016 951 1059 καὶ
970 1015 1098 1073 μέχρι
1128 1018 1208 1060 τοῦ
1231 1019 1306 1060 νῦν
1325 1018 1399 1060 καὶ
1422 1017 1550 1074 μέχρι

59 1101 115 1128 ου
145 1082 199 1129 τὸ
230 1081 489 1142 σύγγραμμα
516 1085 642 1128 τουτὶ
671 1083 828 1172 γράφω
859 1081 885 1142 ἡ
915 1085 1007 1128 τῶν
1026 1086 1273 1143 συμφορῶν
1299 1083 1552 1165 ἐπωρύεταί

58 1169 136 1208 μοι
165 1148 368 1196 θάλαττα
396 1153 470 1197 καὶ
499 1147 612 1197 ἄλλα
641 1153 713 1196 ἐπ’
738 1146 890 1205 α’λλοις
919 1150 1244 1208 καταλαμβάνει
1279 1169 1334 1196 τα
1365 1151 1549 1210 κύρια-,τα

58 1215 167 1264 ἀλλὰ
194 1217 274 1278 γὰρ
306 1218 475 1266 ἔλαθον
503 1219 568 1273 εἰς
595 1219 675 1273 τὰς
704 1220 898 1278 ἐμαυτῆς
926 1218 1165 1280 συμφοράς
1194 1223 1549 1280 παραστραμένη.

3 1291 139 1334 15νῦν
167 1280 244 1333 οὖν
273 1289 350 1333 ἐπὶ
380 1292 482 1334 νοῦν
511 1290 710 1335 ἐλθοῦσα
739 1287 1067 1349 ἕπανανήξομαι
1095 1291 1307 1349 καθάπερ
1331 1286 1593 1348 ανάρρουνῑ)

59 1357 333 1437 ποιησαμένη
364 1358 437 1402 καὶ
463 1375 579 1415 προς
608 1357 687 1411 τὰς
726 1356 909 1416 πρώτας
947 1355 1084 1414 λαβας
1124 1358 1431 1439 ἐπανέλθοιμι.
1489 1372 1599 1406 ταΡ.
1626 1373 1698 1408 447

57 1424 139 1481 μὲν
168 1416 256 1479 οὖν,
289 1442 354 1478 ως
381 1421 527 1480 εἶπον,
560 1426 666 1482 παρ’
696 1426 887 1486 ἒμαιτῆς
917 1424 1027 1481 ἔχω,
1073 1444 1128 1470 τα
1154 1427 1204 1471 δὲ
1232 1428 1305 1471 καὶ
1334 1424 1427 1471 απὸ
1457 1429 1548 1470 τῶν

59 1493 501 1550 ξιστρατευσαμένων
530 1496 594 1553 τῷ
637 1489 928 1551 αὐτοκράτορι
966 1495 1184 1547 ποικίλως
1226 1496 1334 1551 περὶ
1375 1492 1547 1539 τούτων

56 1558 348 1616 μανθάνουσα
368 1562 442 1606 καὶ
464 1559 539 1606 διά
561 1579 694 1606 τινων
716 1563 968 1619 πορθμέων
990 1561 1054 1616 εἷς
1074 1559 1187 1619 Λἱμάς
1201 1561 1547 1619 διαβιβαζόντων

0 1641 47 1674 20
57 1627 112 1671 τὰ
140 1633 238 1682 τοῖς
265 1630 485 1686 πολέμοις
514 1628 833 1690 ξυμβεβηκότα,
865 1629 1060 1687 μάλιστα
1089 1631 1138 1676 δὲ
1164 1633 1237 1676 καὶ
1256 1627 1550 1689 αὗτοπροσώ-

57 1713 158 1750 πως
186 1698 293 1754 περὶ
321 1695 493 1742 τούτων
521 1699 818 1757 διηγουμένων
846 1697 1061 1752 πολλάκις
1092 1694 1257 1757 ἢκουον
1284 1702 1365 1744 τοῦ
1397 1717 1446 1744 τε
1475 1695 1549 1743 αὖ·

56 1762 328 1823 τοκράτορος
359 1766 432 1811 καὶ
463 1767 685 1824 Γεωργίου
715 1769 796 1812 τοῖ
829 1765 1152 1825 Παλαιολόγου.
1198 1766 1283 1825 ἐγώ
1314 1768 1363 1812 δὲ
1392 1768 1464 1812 καὶ
1495 1765 1551 1811 τὰ

57 1831 203 1878 πολλὰ
231 1832 404 1879 τούτων
432 1832 731 1894 συνελεξάμην
758 1836 833 1879 καὶ
862 1833 1074 1893 κράτιστα
1104 1836 1181 1880 ἐπὶ
1216 1837 1300 1880 τοῦ
1330 1833 1444 1892 μετὰ
1472 1834 1550 1880 τὸν

192 1945 248 1979 12.
274 1939 481 1999 ἐπωρὺεταί
502 1945 652 1991 scripsi:
681 1941 878 1992 ἐπορὺεπιί
900 1946 943 1992 F,
969 1941 1219 1993 ἔμπορεῦεταί
1240 1945 1282 1980 Ρ.
1397 1947 1453 1981 13.
1483 1942 1550 1980 θά-

190 1993 301 2027 λαττα
326 1992 367 2036 F,
395 1990 570 2028 θάλασσα
597 1993 638 2029 Ρ.

55 2084 115 2109 me
140 2076 381 2120 exceperunt.
430 2086 519 2111 nam
552 2087 647 2122 quae
673 2075 845 2122 eorporis
870 2075 945 2111 mei
968 2074 1140 2112 condicio
1165 2074 1291 2121 fuerit,
1315 2075 1398 2122 ipsa
1422 2074 1550 2112 dicere

54 2121 161 2158 nolo:
210 2122 276 2158 sed
324 2126 532 2160 memorent
570 2126 610 2160 et
648 2127 825 2160 enarrent
865 2135 911 2159 ea
949 2124 1126 2170 gynaecei
1166 2124 1341 2160 ministri.
1403 2123 1452 2160 ad
1488 2135 1550 2159 ex-

55 2173 164 2206 terna
187 2171 254 2207 illa
277 2171 378 2207 mala
400 2172 668 2218 persequenda,
691 2185 786 2219 quae
813 2172 906 2207 mihi
932 2172 1099 2208 nondum
1126 2174 1303 2208 octavum
1327 2172 1463 2208 aetatis
1488 2183 1551 2207 an-

55 2231 148 2254 num
180 2230 352 2266 egressae
378 2220 595 2264 inciderint,
627 2225 794 2267 quotque
824 2221 995 2256 inimicos
1025 2221 1064 2256 in
1089 2232 1149 2256 me
1174 2221 1370 2256 hominum
1404 2219 1551 2255 malitia

55 2267 271 2312 concitarit,
296 2279 392 2314 opus
416 2272 516 2304 esset
541 2269 671 2306 Sirene
692 2269 881 2315 Isocratis,
907 2269 1232 2315 magniloquentia
1249 2267 1416 2315 Pindari,
1443 2267 1550 2303 Pole-

55 2316 179 2352 monis
203 2316 419 2363 velocitate,
446 2317 644 2354 Homerica
670 2318 850 2364 Calliope,
885 2318 1045 2363 denique
1071 2317 1260 2363 Sapphica
1284 2316 1366 2363 lyra
1390 2316 1451 2353 vel
1475 2316 1550 2351 alia

57 2363 116 2399 his
151 2363 267 2400 simili
305 2365 450 2411 ingenii
478 2366 671 2402 facultate.
721 2366 817 2401 nihil
849 2366 949 2401 enim
974 2365 1063 2400 mali
1097 2377 1165 2401 nec
1189 2366 1297 2412 parvi
1327 2376 1397 2401 nec
1420 2364 1548 2411 magni

56 2423 176 2458 prope
201 2413 396 2460 longiusve
420 2416 540 2458 extat,
567 2414 671 2460 quod
694 2426 772 2449 non
796 2414 1003 2460 improviso
1030 2424 1097 2449 uos
1121 2412 1371 2459 oppresserit,
1393 2424 1439 2448 ac
1461 2424 1548 2458 pro-

58 2460 160 2497 fecto
183 2464 309 2497 aestus
323 2473 383 2497 me
399 2463 610 2499 obruerunt
624 2463 673 2498 ab
689 2462 756 2498 illo
782 2465 954 2508 tempore
971 2465 1010 2498 et
1026 2462 1086 2497 vel
1106 2463 1331 2506 etiamnunc,
1347 2472 1431 2497 cum
1447 2461 1548 2496 hunc

57 2508 196 2545 librum
213 2510 349 2552 scribo,
366 2510 624 2547 calamitatum
641 2523 744 2547 mare
758 2522 817 2546 me
831 2510 996 2546 fremens
1008 2510 1177 2545 incursat
1194 2509 1334 2555 aliique
1352 2511 1439 2556 post
1455 2509 1549 2544 alios

57 2557 200 2594 fluctus
223 2561 412 2605 mergunt.
456 2559 524 2595 sed
550 2559 600 2595 ad
623 2560 793 2595 miserias
818 2570 917 2594 meas
941 2559 1138 2603 abreptam
1163 2569 1220 2593 me
1246 2557 1369 2593 sentio
1390 2557 1548 2603 ideoque

57 2606 196 2641 mentis
234 2618 334 2643 nune
366 2618 519 2654 compos
557 2608 665 2653 quasi
705 2618 895 2652 emergam
930 2606 1101 2642 reditura
1138 2605 1187 2641 ad
1224 2605 1439 2652 argumenti
1474 2605 1550 2641 mei

56 2653 298 2700 principium.
338 2654 467 2701 itaque
490 2668 577 2692 cum
608 2656 694 2697 alia,
720 2659 763 2691 ut
784 2655 876 2699 dixi,
901 2667 948 2690 ex
974 2665 1057 2690 mea
1080 2654 1262 2689 memoria
1285 2653 1406 2699 hausi,
1429 2653 1504 2689 alia
1527 2665 1550 2688 a

58 2701 171 2738 sociis
196 2702 477 2749 expeditionum
498 2704 740 2750 imperatoris
759 2702 1003 2739 multifariam
1026 2703 1205 2748 comperi,
1230 2713 1254 2737 a
1269 2702 1406 2748 quibus
1429 2702 1548 2748 porti-

58 2752 186 2786 torum
223 2751 461 2798 quorundam
498 2764 570 2798 ope
599 2752 822 2788 bellicorum
861 2761 1014 2787 casuum
1052 2750 1191 2786 notitia
1228 2749 1277 2785 ad
1307 2761 1366 2786 me
1402 2750 1550 2796 perlata

0 2802 4 2805 ’
60 2801 129 2843 est,
153 2801 236 2834 tum
273 2800 478 2846 praecipue
506 2804 546 2837 et
584 2801 667 2846 ipsa
698 2804 738 2836 et
767 2801 1034 2845 imperatorem
1067 2802 1107 2834 et
1131 2798 1336 2845 Georgium
1359 2797 1549 2834 Palaeolo·

61 2858 151 2895 gum
176 2847 224 2884 de
247 2847 307 2884 his
333 2847 445 2885 factis
468 2852 668 2886 narrantes
693 2859 805 2895 saepe
830 2847 968 2885 audivi.
1006 2846 1072 2883 sed
1096 2858 1237 2888 eorum
1262 2858 1362 2893 quae
1385 2845 1548 2893 prodidi,
