1734 3120
142 271 144 274 Α
174 210 255 254 372
687 215 852 254 ΑΝΝΑΕ
882 215 1148 253 OOMNENAE

173 337 246 380 καὶ
289 332 448 393 ταύτην
493 335 664 393 διηνεκῆ
711 331 736 391 ἡ
780 332 954 387 βασιλὶς
1001 327 1302 389 ἐμηχανήσατο
1346 330 1549 387 γίνεσθαι
1582 330 1661 373 τοῦ

172 405 402 460 βασιλικοῦ
434 404 684 460 σκίμποδος
713 399 824 445 κατά
854 418 901 445 τε
933 401 1023 444 τῶν
1054 396 1170 454 πρὸς
1198 397 1396 457 κεφαλήν
1416 399 1488 442 καὶ
1520 395 1664 450 πόδας

172 475 322 530 μερῶν
351 469 511 516 τούτου
549 468 642 526 ξύλ”
681 464 790 514 &ina
835 465 1221 524 προσεπιζεύξασα
1267 461 1474 523 ἀνδράσιν
1518 466 1663 510 ε’δίδου

21 553 61 588 Ρ.
90 544 306 588 50οτοὗτο
351 541 504 600 φέρειν
545 539 770 596 μετέωρον
816 537 1142 592 διαδεχομένοις
1188 530 1402 595 ἀλλήλους
1443 532 1521 578 τὸν
1558 535 1662 591 περὶ

173 611 251 654 τοῦ
283 603 610 665 αὐτοκράτορος
642 604 795 651 πόνον.
856 603 1068 649 ἐντεῦθεν
1103 599 1196 647 ἀπὸ
1235 604 1314 647 τοῦ
1353 599 1543 660 μεγάλου
1576 613 1697 648 πα-5

172 678 325 722 λατίου
352 673 674 732 καταλαμβάνει
702 673 757 718 τὰ
791 671 1017 731 Ζῆάγγανα.
1079 668 1191 716 ἄλλα
1223 673 1296 716 καὶ
1336 669 1513 716 τούτων
1543 687 1664 728 γενο-

172 748 317 803 μένων
366 741 498 791 οιῗδὲν
528 745 665 789 πλέον
693 745 756 802 τῷ
801 743 977 798 βασιλεῖ
1016 739 1133 798 πρὸς
1177 741 1397 799 σωτηρίαν
1439 740 1664 798 ἐπραγμα-

173 814 335 874 τεύθη.
394 812 459 868 εἷς
487 809 690 859 τούπίσω
723 813 770 856 δὲ
800 812 854 855 τοὶ
880 813 958 870 τῆς
989 809 1122 854 νόσου
1164 812 1392 867 χωροῦντα
1428 807 1454 868 ἡ
1494 809 1667 866 βασιλὶς

176 882 327 940 ὁρῶσα
358 884 431 927 καὶ
460 884 538 942 τῆς
569 882 617 937 ἐξ
645 876 905 936 ἅνθρώπων
949 878 1167 936 βοηθείας
1204 875 1488 922 παντάπασιν
1529 873 1667 921 ἄπελ-

175 953 345 997 πίσασα
380 949 660 1008 θερμότερον
703 946 782 1001 τὰς
829 948 940 1004 ὑπὲρ
986 943 1122 991 αὐτοῦ
1166 944 1361 1005 αἰτήσεις
1407 944 1522 1003 πρὸς
1554 943 1667 990 Θεὸν
1682 953 1726 987 10

177 1021 377 1065 ἐποιεῖτο
408 1017 524 1076 πρὸς
555 1022 646 1063 πᾶν
670 1018 851 1074 τέμενος
890 1017 1098 1073 δαψιλεῖς
1135 1014 1213 1068 τὰς
1242 1013 1478 1075 φωταυγάς
1508 1031 1666 1058 ποιου-

176 1090 283 1147 μένη
313 1090 385 1133 καί
415 1086 524 1141 τούς
553 1085 716 1145 ὕμνους
741 1089 936 1141 συνεχεῖς
950 1086 1023 1129 καὶ
1043 1080 1422 1137 ἄκαταπαύστους,
1446 1081 1668 1135 διαδόσεις

134 1158 225 1206 Βδὲ
269 1161 365 1210 τοῖς
395 1155 651 1211 ἁπανταχοῦ
697 1156 774 1215 γῆς
816 1155 888 1198 καὶ
932 1150 1162 1211 θαλάσσης
1201 1151 1397 1197 οἰκοῦσιν
1444 1149 1666 1209 εἰργάζετο

176 1223 374 1278 ἅπαντας
402 1227 483 1282 μὲν
512 1222 735 1281 μοναχούς
765 1224 810 1267 ἐν
841 1217 965 1280 ι’)’ρεσι
996 1222 1068 1266 καὶ
1106 1221 1342 1279 σπηλαίοις
1374 1217 1610 1272 ὀἰκοῦντας
1640 1216 1670 1277 ἢ

176 1295 248 1338 καὶ
275 1288 420 1347 ἄλλως
450 1291 527 1338 τόν
555 1290 793 1350 μοναχικὸν
824 1288 1033 1343 ἐπιόντας
1063 1290 1163 1346 βίον
1195 1288 1259 1342 εἰς
1287 1289 1476 1342 ἐκτενεῖς
1494 1286 1670 1346 δεήσεις
1685 1301 1728 1336 15

177 1361 477 1420 ἐπεγείρουσα,
523 1359 722 1413 ἅπαντας
751 1360 798 1404 δὲ
830 1361 1069 1411 νοσοῦντας
1098 1354 1126 1416 ἢ
1154 1358 1227 1402 καὶ
1255 1357 1300 1402 ἐν
1344 1356 1537 1413 εἷρκταῖς
1566 1373 1670 1400 κατ·

177 1431 412 1487 εχομένους
440 1430 514 1474 καὶ
557 1428 912 1484 τετριχωμένοις
945 1424 1315 1478 πλουσιωτάτους
1358 1425 1670 1483 ἐργαζομένους

175 1501 273 1551 ταῖς
304 1497 480 1543 δόσεσιν
512 1495 624 1554 ὁμοῦ
657 1493 773 1552 πρὸς
801 1493 881 1548 τὰς
911 1496 1022 1552 ὑπὲρ
1054 1496 1133 1539 τοῦ
1175 1489 1504 1550 αὐτοκράτορος
1543 1487 1670 1547 εὐχὰς

176 1568 513 1623 προσεκαλεῖτο.
585 1565 685 1609 ἐπεὶ
726 1564 774 1609 δὲ
818 1562 869 1608 τὸ
921 1565 1000 1607 τοῦ
1046 1558 1374 1619 αὐτοκράτορος
1419 1559 1667 1618 σπλάγχνον

178 1632 389 1694 ἑξῳδήκει
418 1652 465 1679 τε
497 1635 568 1678 καὶ
598 1633 662 1686 εἷς
691 1628 820 1691 τ’)’γκον
842 1633 1036 1691 ἐπιφανῆ
1069 1629 1380 1690 προελήλυθεν
1401 1631 1508 1674 οἵτε
1530 1626 1669 1680 πόδες
1681 1640 1729 1674 20

178 1702 450 1765 ἑξῳδήκεσαν
479 1705 552 1748 καὶ
594 1700 786 1760 πυρετός
822 1699 874 1746 τὸ
905 1698 1132 1758 βασιλικόν
1157 1701 1170 1757 Η
1193 1703 1322 1756 σῶμα
1355 1702 1566 1754 κατεῖχεν,
1606 1695 1670 1749 εἷς

178 1774 396 1831 καυτῆρας
440 1772 647 1816 ἐντεῦθέν
687 1788 802 1824 τινες
830 1773 919 1815 τῶν
945 1772 951 1826 Ι
981 1768 1144 1826 ἰατρῶν
1183 1763 1373 1825 ἄπεῖδον
1413 1764 1547 1824 μικρὰ
1589 1782 1669 1809 πε-

138 1839 468 1900 Οφροντικότες
497 1843 576 1885 τοῦ
606 1842 826 1896 πυξρετοῦ.
885 1839 978 1883 ἀλλ’
1015 1829 1066 1896 ἦν
1103 1835 1261 1882 ἅπασα
1290 1836 1517 1892 θεραπεία
1556 1831 1670 1878 α’νω-

314 1980 348 2015 2.
375 1977 469 2025 πρὸς
494 1977 660 2027 κεφαλὴν
674 1978 712 2024 C,
738 1974 833 2024 πρὸς
857 1988 929 2013 om.
947 1976 985 2012 P.
1099 1976 1133 2010 4.
1160 1971 1347 2019 ἀλλήλωςῗ
1419 1971 1485 2008 τὸν
1500 1999 1510 2010 .
1524 1999 1535 2010 .
1550 1969 1670 2008 πόνον

313 2028 463 2074 scripsi:
485 2028 582 2064 τῶν.
598 2023 750 2063 ,πόνων
777 2025 846 2062 CP.
967 2026 1052 2071 περὶ
1078 2023 1117 2067 C,
1143 2035 1214 2060 om.
1241 2023 1280 2059 P.
1453 2021 1512 2058 21.
1542 2021 1667 2069 σῶμα]

314 2076 375 2112 hic
399 2076 536 2123 incipit
560 2075 623 2112 fol.
649 2075 738 2111 243b
758 2074 794 2110 G.

179 2197 332 2242 invenit,
358 2208 469 2243 qnam
503 2208 545 2233 eo
571 2197 743 2243 Augusta
779 2198 1000 2243 perpetuam
1038 2195 1138 2240 fecit,
1179 2193 1279 2240 quod
1316 2192 1456 2228 additis
1482 2191 1529 2227 ad
1555 2194 1670 2236 caput

179 2245 365 2292 pedesque
390 2246 487 2292 regii
511 2245 640 2281 lectuli
668 2245 790 2282 contis
815 2245 969 2288 idoneis,
987 2247 1030 2280 ut
1053 2244 1127 2280 viri
1152 2255 1237 2278 eum
1255 2241 1542 2278 circumferrent
1559 2251 1670 2285 seque

179 2295 217 2329 in
245 2306 287 2329 eo
326 2306 481 2330 munere
518 2295 745 2340 exciperent,
786 2294 1004 2340 imperavit3
1044 2304 1086 2328 eo
1111 2292 1223 2328 modo
1250 2303 1269 2326 e
1297 2301 1430 2336 magno
1456 2289 1596 2335 palatio
1623 2288 1670 2323 ad

179 2342 364 2389 Mangana
391 2342 537 2378 delatus
577 2346 644 2378 est.
710 2342 773 2378 sed
798 2354 844 2378 ne
869 2343 922 2378 sic
946 2341 1095 2388 quidem
1133 2341 1339 2386 imperator
1379 2338 1583 2384 quidquam
1623 2337 1670 2372 ad

180 2391 336 2426 salutem
355 2391 533 2438 profecit3
552 2391 710 2436 ideoque
725 2391 908 2437 Augusta,
934 2390 999 2426 ubi
1025 2389 1198 2425 morbum
1225 2388 1355 2434 augeri
1373 2387 1481 2431 vidit,
1507 2386 1670 2421 humana

180 2451 250 2485 ope
274 2439 471 2486 desperata
494 2451 563 2486 pro
589 2451 632 2475 eo
658 2440 851 2475 ardentius
877 2439 947 2474 deo
974 2438 1209 2484 supplicabat
1234 2440 1273 2472 et
1297 2436 1440 2472 crebris
1466 2435 1671 2470 luminibus

181 2489 311 2533 quovis
336 2490 374 2523 in
401 2489 541 2534 templo
583 2489 766 2524 succensis
792 2491 1049 2534 perpetuaque
1088 2487 1295 2522 carminum
1323 2495 1514 2520 sacrorum
1538 2483 1670 2518 decan-

181 2537 325 2573 tatione
350 2538 580 2582 praescripta
606 2548 753 2582 egenos,
792 2537 1019 2582 ubicumque
1057 2539 1176 2579 erant,
1216 2537 1319 2570 terra
1357 2533 1527 2578 marique
1562 2531 1670 2566 donis
1703 2534 1706 2538 ”

181 2584 338 2620 ditabat.
388 2589 470 2620 tum
496 2590 534 2620 et
559 2585 758 2621 monachos
779 2597 918 2627 omnes,
945 2585 1010 2631 qui
1037 2585 1076 2619 in
1101 2584 1292 2619 montibus
1318 2581 1578 2628 speluncisque
1605 2580 1668 2615 ha-

182 2633 354 2668 bitabant
382 2634 439 2669 vel
465 2634 575 2670 aliter
609 2634 813 2669 solitariam
841 2634 958 2670 vitam
983 2633 1158 2679 agebant,
1191 2631 1237 2667 ad
1265 2631 1428 2666 intentas
1455 2640 1585 2675 preces
1610 2640 1670 2664 ex-

181 2682 275 2716 citat
300 2685 338 2717 et
364 2685 600 2727 aegrotantes
625 2683 765 2729 quique
791 2683 909 2718 vincti
934 2681 1176 2727 compedibus
1202 2684 1240 2715 et
1265 2678 1390 2714 attriti
1412 2680 1544 2722 erant‚-
1559 2677 1672 2712 dona·

182 2729 347 2765 tionibus
373 2734 502 2766 auctos
540 2730 587 2766 ad
612 2730 841 2776 precandum
880 2742 949 2776 pro
988 2731 1216 2775 imperatore
1254 2728 1439 2763 hortatur.
1497 2725 1560 2761 sed
1585 2736 1670 2760 cum

182 2778 420 2822 imperatoris
445 2779 586 2815 viscera
612 2780 651 2814 in
676 2779 951 2824 prominentem
977 2779 1113 2814 molem
1139 2777 1342 2813 crevissent
1368 2778 1407 2810 et
1432 2774 1544 2820 pedes
1569 2774 1670 2809 intu-

183 2826 363 2861 muissent
388 2838 431 2862 ac
457 2826 572 2862 febris
597 2827 676 2862 eius
702 2839 837 2873 corpus
859 2830 999 2872 ureret,
1025 2826 1255 2862 medicorum
1281 2824 1435 2870 quidam
1462 2823 1558 2858 febri
1584 2834 1669 2858 con-

181 2877 325 2921 tempta
350 2875 396 2910 ad
421 2876 588 2911 cauteria
613 2875 864 2921 refugiebant,
900 2887 995 2921 quae
1022 2879 1147 2910 tamen
1182 2877 1264 2910 tota
1288 2873 1433 2909 curatio
1462 2870 1608 2906 inutilis
1632 2874 1671 2906 et
1709 2915 1712 2917 Β
