1780 3138
502 210 771 244 ALEXIADIS
801 208 911 245 LIB.‘
926 211 1012 244 XII.
1042 206 1078 242 4.
1454 205 1534 245 149

567 298 579 312 .

39 327 111 371 καὶ
142 324 204 385 μὴ
234 323 351 383 πρὸς
380 323 435 369 τὰ
458 325 504 370 ἑν
534 325 646 369 ποσὶ
672 321 814 380 μόνον
849 322 1280 381 παρασκευάζεσθαι,
1321 321 1432 370 ἄλλα
1464 328 1534 371 καὶ

37 394 94 440 τὰ
125 394 284 452 πόρρω
313 392 424 451 ὁρᾶν
453 391 564 453 μήτε
592 391 685 451 μὴν
713 393 868 452 φειδοῖ
904 391 1141 450 χρημάτων
1168 397 1323 450 καιροῦ
1352 396 1535 439 καλοῦν-

41 482 119 518 τος
138 459 372 521 ἀνέτοιμον
389 463 635 522 φαίνεσθαι
652 462 725 505 καὶ
746 462 926 518 μᾶλλον,
951 459 1143 519 ὁπηνίκα
1164 461 1333 522 ἔφοδον
1367 463 1535 521 ἐχθροῦ

37 531 266 591 αἴσθηται.
317 535 455 576 ταῦτα
487 532 636 575 τοίνυν
667 527 912 586 δεξιώτατα
939 531 1208 586 διαθέμενος
1227 531 1406 576 ἐκεῖθεν
1429 549 1535 586 μετ-

0 599 232 655 mammis
271 597 595 657 καταλαμβάνει
634 597 714 659 τὴν
760 596 1099 656 Στρούμπιτζαν
1136 596 1354 645 κᾶκεῖθεν
1399 593 1536 654 αὖθις

36 665 133 727 ι’ίχρι
164 673 245 715 τοῦ
274 670 522 726 Σλοπίμου.
592 665 871 726 μεμαθηκώς
910 668 960 712 δὲ
1002 669 1076 712 καὶ
1104 666 1185 728 τὴν
1223 664 1424 713 Ἰωάννου
1453 672 1534 713 τοῦ

37 737 140 784 υἱοῦ
157 741 248 783 τοῦ
279 735 692 795 σεβαστοκράτορος
721 727 858 794 ἧτταν
890 735 1002 781 κατὰ
1031 740 1123 780 τῶν
1144 739 1390 794 Δαλματῶν
1418 747 1573 794 προ-Ο

36 809 366 862 αποσταλέντος
411 805 619 864 δυνάμεις
660 802 931 862 ἅποχρώσας
978 807 1200 862 ἐκπέμπει
1242 805 1306 860 εἷς
1346 802 1534 865 ἀρωγήν.

37 876 62 922 ὃ
91 877 173 934 μὲν
213 868 292 922 οὖν
321 874 549 930 Βολκᾶνος
592 874 732 929 εὐθὺς
771 872 1080 934 πονηρότατος
1127 871 1192 919 ὢν
1233 875 1378 936 ἐρωτᾷ
1420 875 1536 930 πρὸς

0 944 116 994 οτὸν
140 946 326 1003 βασιλέα
353 943 410 989 τὰ
438 946 547 1002 περὶ
585 942 761 1005 εἰρήνης
788 945 861 988 καὶ
889 944 994 997 τούς
1034 944 1303 1002 ζητηθέντας
1340 941 1537 1002 ὁμήρους

37 1015 269 1072 ἐκπέμπει.
342 1015 512 1068 ἐκεῖνος
553 1015 602 1058 δὲ
647 1010 966 1072 ἐγκαρτερήσας
1009 1013 1086 1057 ἐπὶ
1130 1010 1329 1057 ἐνιαυτὸν
1356 1011 1434 1057 ἕνα
1462 1013 1536 1056 καὶ

35 1086 176 1144 μῆνας
203 1081 298 1137 δύο,
331 1081 394 1136 ὠς
421 1081 502 1128 τὸν
528 1085 810 1140 Βαϊμοῦντον
843 1081 907 1126 ἔτι
929 1082 976 1126 έν
994 1086 1092 1135 τοῖς
1110 1084 1193 1140 τῆς
1210 1083 1539 1140 Λογγιβαρδίας

35 1152 191 1208 μέρεσι
229 1152 512 1209 διατρίβοντα
549 1147 968 1210 ἑπεπληροφόρητο,
1010 1153 1091 1194 τοῦ
1129 1153 1346 1206 χειμῶνος
1382 1150 1537 1194 ἐπικα-

36 1217 394 1277 ταλαμβάνοντος
423 1214 517 1281 ἤδη,
549 1218 655 1274 τούς
684 1217 959 1276 στρατιώτας
988 1218 1106 1277 πρὸς
1131 1217 1210 1272 τὰς
1235 1221 1366 1278 σφῶν
1395 1217 1537 1271 οἰκίας

0 1288 301 1346 δὲξέπεμψεν,
335 1285 470 1342 αὐτὸς
498 1290 547 1334 δὲ
575 1287 655 1347 τὴν
686 1289 1012 1347 Θεσσαλονίκην
1039 1285 1376 1344 καταλαμβάνει.
1425 1287 1471 1331 ἕν
1487 1288 1536 1331 δὲ

34 1360 98 1416 τῷ
128 1355 207 1417 τὴν
249 1356 367 1415 πρὸς
400 1358 727 1416 Θεσσαλονίκην
773 1352 922 1402 ἀνύειν
964 1357 1127 1415 ἐτέχθη
1172 1354 1197 1400 ὁ
1243 1353 1534 1413 πρωτότοκος

35 1429 125 1470 τῶν
152 1424 261 1471 υἱῶν
288 1431 369 1472 τοῦ
403 1425 822 1487 πορφυρογεννήτου
851 1428 925 1472 καὶ
950 1427 1169 1483 βασιλέως
1194 1422 1395 1470 Ἰωάννου
1425 1426 1580 1470 κατάῙ)

35 1493 114 1553 τὴν
144 1496 425 1552 Βαλαβίσταν
451 1493 810 1554 συνεπαγόμενος
841 1493 889 1540 ἐν
923 1498 987 1554 τῷ
1014 1495 1250 1540 τίκτεσθαι
1279 1495 1353 1539 καὶ
1383 1493 1535 1551 ἕτερον

37 1564 168 1623 θῆλυ.
228 1564 371 1610 ἐκεῖσε
401 1567 506 1622 γοῦν
534 1563 614 1625 τὴν
642 1566 819 1623 μνήμην
852 1567 933 1608 τοῦ
967 1561 1356 1622 μεγαλομάρτυρος
1386 1567 1535 1621 Δημη-

0 1633 164 1688 οτρίου
195 1633 425 1687 ἐκτελέσας
453 1632 695 1690 εἰσέρχεται
729 1632 793 1686 εἷς
821 1631 902 1693 τὴν
929 1629 1242 1691 μεγαλόπολιν.
1307 1631 1455 1690 γέγονε
1486 1633 1535 1676 δὲ

36 1701 111 1744 καί
140 1718 183 1745 τι
215 1705 433 1748 τοιοῦτον.
491 1703 599 1760 περὶ
634 1702 690 1746 τὰ
724 1703 839 1759 μέσα
875 1706 954 1747 ‘coi
994 1701 1349 1747 Κωνσταντινιόυ
1387 1698 1533 1760 φόρου

172 1859 206 1893 5.
231 1854 514 1904 Στροῦμπιτζον
539 1858 578 1894 C.
749 1860 781 1893 7.
809 1858 887 1892 υἱοῦ
912 1858 976 1892 τοῦ
1001 1857 1046 1902 F,
1071 1857 1136 1891 τοῦ
1161 1868 1234 1892 om.
1261 1855 1303 1893 P.
1477 1857 1532 1892 12.

172 1907 223 1942 ἔτι
251 1911 328 1946 τοῖς
354 1907 399 1952 F,
423 1912 499 1946 τοῖς
523 1919 598 1943 om.
625 1907 664 1943 P.
743 1908 785 1942 ἓν
811 1906 953 1942 addidi.
1057 1906 1113 1941 19.
1138 1901 1295 1952 μνήμην
1320 1905 1384 1940 τοῦ
1398 1905 1443 1950 F,
1469 1906 1533 1940 τοῦ

175 1967 247 1991 om.
275 1955 316 1992 P.
439 1956 497 1992 21.
524 1960 628 2003 μέσα
654 1956 699 2001 F,
722 1954 818 2003 μετὰ
843 1954 884 1991 Ρ.
987 1957 1271 1990 Κωνστανιίνυυ
1298 1953 1335 1989 C.

36 2110 198 2156 eederet,
235 2122 473 2158 nequaqnam
498 2111 683 2148 adductus
706 2115 762 2147 aet
787 2123 865 2148 esse
890 2111 995 2147 ducis
1017 2111 1155 2154 dicens,
1194 2109 1339 2145 nullum
1364 2108 1412 2144 ad
1437 2109 1532 2154 vigi-

36 2160 194 2195 lantiam
219 2163 370 2206 tempus
397 2161 651 2197 intermittere
695 2172 815 2206 neque
839 2160 887 2196 ad
921 2171 965 2196 ea
995 2159 1127 2204 solum,
1158 2170 1254 2205 quae
1287 2160 1411 2193 essent
1445 2160 1533 2193 ante

36 2208 161 2255 pedes,
186 2208 392 2254 intendere,
416 2221 548 2245 verum
574 2210 688 2245 etiam
714 2209 845 2245 futura
879 2210 1048 2255 cogitare
1085 2219 1154 2243 nee
1197 2206 1360 2252 denique
1398 2207 1532 2241 intem·

37 2257 183 2303 pestiva
229 2258 459 2303 parsimonia
499 2259 718 2304 inparatum
758 2257 999 2304 deprehendi,
1049 2257 1080 2292 si
1116 2256 1316 2291 necessitas
1366 2257 1532 2300 urgeret,

35 2317 122 2342 cum
147 2306 240 2341 adeo
264 2305 430 2342 hostium
454 2307 617 2353 impetus
642 2308 894 2342 nuntiaretur.
947 2306 1006 2341 his
1032 2306 1153 2352 igitur
1178 2304 1320 2350 optime
1340 2303 1533 2348 dispositis

35 2354 307 2400 Strumpitzam
343 2367 383 2391 se
420 2355 569 2392 confert
602 2355 766 2402 indeque
803 2355 1048 2401 progreditur
1085 2364 1203 2399 usque
1227 2352 1274 2388 ad
1313 2351 1531 2398 Slopimum.

38 2403 105 2438 ubi
127 2403 259 2439 audita
282 2403 398 2448 clade,
429 2416 543 2450 quam
568 2405 725 2440 Ioannes
763 2403 1071 2440 sebastoeratoris
1105 2401 1205 2437 filius
1241 2401 1419 2436 adversus
1444 2399 1529 2435 Dal-

39 2454 159 2487 matas
183 2451 295 2498 paulo
320 2455 409 2488 ante
433 2454 566 2488 missus
592 2456 797 2499 acceperat,
824 2451 1052 2488 sufficientes
1077 2451 1112 2486 ei
1138 2450 1264 2495 copias
1298 2448 1440 2484 auxilio
1466 2449 1532 2484 mi·

38 2501 96 2536 sit.
123 2511 239 2546 quare
257 2500 624 2537 fraudulentissimus
643 2501 824 2538 Boleanus
842 2502 969 2536 statim
990 2499 1038 2535 ad
1051 2501 1317 2544 imperatorem
1332 2497 1534 2543 delegavit,

0 2569 5 2597 j-
38 2549 104 2594 qui
128 2560 258 2594 pacem
283 2553 473 2595 rogarent,
499 2551 713 2596 petitusque
741 2549 888 2585 obsides
912 2549 1030 2585 dedit.
1091 2547 1153 2583 ille
1188 2558 1326 2582 annum
1353 2557 1469 2581 unum
1494 2548 1534 2581 et

0 2607 9 2629 :5
38 2609 183 2633 menses
206 2597 301 2633 duos
326 2598 380 2634 ibi
401 2602 581 2644 moratus,
613 2611 698 2635 cum
727 2598 983 2634 Boemundum
1010 2596 1237 2632 commorari
1269 2595 1466 2631 etiamtum
1491 2595 1533 2629 in

38 2645 318 2691 Longibardiae
353 2647 526 2692 partibus
560 2649 726 2691 resciret,
761 2648 926 2682 instante
969 2646 1096 2681 hieme
1120 2643 1258 2679 milites
1290 2643 1445 2679 domum
1476 2642 1531 2678 di-

0 2690 8 2734 ἔ
39 2694 152 2729 misit.
207 2706 283 2740 quo
307 2694 409 2731 facto
441 2695 531 2730 dum
556 2695 854 2732 Thessalonicam
882 2706 1008 2730 versus
1038 2692 1303 2739 proficiscitur,
1338 2695 1449 2727 natus
1476 2694 1532 2726 est

13 2772 18 2773 γ
39 2742 87 2778 ad
112 2742 338 2778 Balabistam
363 2744 675 2791 porphyrogeniti
701 2744 1014 2790 imperatorisque
1040 2741 1191 2777 Ioannis
1214 2740 1315 2776 filius
1341 2740 1528 2786 primoge-

14 2827 19 2834 .
39 2792 142 2826 nitus
166 2802 335 2827 sororem
362 2803 487 2828 seeum
511 2794 701 2839 geminam
732 2794 773 2828 in
796 2795 910 2839 partu
936 2792 1084 2828 ducens.
1117 2788 1253 2825 deinde
1273 2789 1453 2825 memoria
1476 2788 1531 2823 ibi

19 2839 167 2886 magni
192 2841 369 2887 martyris
392 2840 576 2877 Demetrii
608 2842 797 2877 celebrata
832 2842 873 2876 in
898 2843 1013 2886 eaput
1044 2838 1154 2885 regni
1185 2849 1263 2874 sese
1286 2837 1441 2883 recepit,
1466 2836 1533 2871 ubi

16 2889 122 2925 atum
145 2889 327 2935 temporis
351 2888 423 2925 hoe
448 2889 596 2926 accidit.
655 2890 836 2927 collocata
861 2892 943 2926 erat
970 2889 1010 2924 in
1035 2887 1160 2923 medio
1188 2886 1425 2923 Constantini
1450 2884 1532 2920 foro
