1780 3138
211 239 266 281 90
724 235 890 271 ANNAE
921 232 1189 268 COMNENAE

1444 342 1468 358 2}

213 362 400 418 θέμενος
425 354 683 416 ἕβοιλεύετο
716 356 973 410 πολιορκεῖν
995 349 1075 410 τὴν
1096 347 1242 396 πόλιν.
1287 349 1381 394 ἀλλ’
1413 365 1545 393 ουπω
1569 346 1700 405 ε’ργου

209 429 440 487 ἁψάμενον
471 421 956 481 ἐπικαταλαιιβάιοισιν
984 416 1118 466 αὐτὸν
1149 416 1413 475 ἐξελθόντες
1442 436 1484 462 οι
1514 416 1701 462 Κελτοί·

61 504 103 540 V
129 505 198 539 254
210 501 282 544 καὶ
310 499 544 557 τηνικαῦτα
563 497 695 553 μέγας
715 488 960 549 αναμεταξῠ
977 486 1295 551 ἅναρρήγνυται
1316 485 1530 544 πόλεμος.
1583 482 1704 541 εἶχον

211 569 259 613 δὲ
287 566 367 629 τὴν
397 569 586 611 νικῶσαν
618 582 657 607 οι
695 566 907 619 Τοῦρκοι·
950 560 1022 604 καὶ
1060 577 1101 602 οι
1134 561 1330 602 Λατῖνοι
1360 554 1468 601 είσω
1500 558 1589 600 τῶν
1619 572 1705 598 πυ-

168 639 300 682 Βλιόν
332 635 635 681 συ-νεκλείοιτο
671 630 749 676 τὸν
790 628 941 687 μόθον
979 628 1261 684 ἑκατέρωθεν
1309 624 1485 681 ἔχοντες
1521 621 1614 669 ἀπό
1655 631 1739 668 τε5

211 708 300 750 τῶν
342 703 394 748 τὸ
438 705 575 748 κουλᾶ
611 698 925 761 φροιρούντων
981 696 1068 755 (ἔτι
1116 694 1197 754 γὰρ
1237 697 1371 740 τοῦτο
1411 697 1616 749 κατεῖχον
1662 711 1704 738 οι

211 771 446 831 βάρβαροι)
490 767 581 816 ἇπό
627 788 675 815 τε
716 771 805 814 τῶν
852 767 1027 823 ἔξωθεν
1057 763 1448 822 παρακαθημένων
1484 759 1704 821 Τοὺρκων.

212 840 356 895 δεινὸς
399 842 447 885 δὲ
482 836 589 901 ἀνὴρ
634 835 694 882 ὧν
726 835 749 881 ὃ
787 839 1064 892 Βαΐμοῢντος
1107 834 1180 877 καὶ
1218 829 1298 891 τὴν
1327 834 1406 893 τῆς
1433 826 1707 887 Ἀντιοχείας

212 907 351 969 ἆρχὴν
381 910 736 969 σφετερίσασθαι
781 906 931 951 θέλων
969 905 1014 949 ἐν
1044 920 1235 961 σχηματι
1280 902 1534 962 συμβουλῆς
1570 892 1707 953 αὖθις

215 976 303 1027 “05
333 978 441 1039 χρη”
474 995 580 1038 φησι
616 994 732 1033 προς
764 976 868 1028 τούς
897 991 1093 1032 κομητας
1125 969 1264 1025 “τους
1294 966 1455 1023 αὖτοὺς
1480 970 1585 1014 καθ’
1610 966 1705 1014 ἑκά·
1722 975 1768 1011 10

211 1067 341 1106 τερον
369 1049 503 1105 μέρος
533 1048 577 1091 ἐν
596 1041 742 1104 ταῦτιῦ
762 1042 875 1102 μετά
895 1061 942 1088 τε
964 1046 1053 1087 τῶν
1078 1040 1202 1095 ἐντος
1225 1041 1298 1085 καὶ
1320 1037 1447 1092 ἕκτος
1466 1035 1704 1096 μάχεσθαι,

64 1123 103 1159 P·
130 1124 198 1158 321
213 1114 321 1163 ἀλλὰ
351 1118 447 1177 διχῆ
477 1115 784 1172 ὄιαιρεθέντας
815 1113 860 1157 ἐν
881 1107 1052 1164 ἆνίσοις
1077 1108 1273 1170 τμήμασι
1304 1105 1422 1165 πρὸς
1451 1105 1585 1165 λόγον
1617 1110 1708 1151 τῶν

214 1186 493 1242 εκατέρωθεν
535 1201 649 1239 προς
685 1181 797 1242 ἡμᾶς
831 1181 1094 1264 μαχομένων
1124 1179 1302 1235 ἐχθρῶν
1334 1175 1467 1221 οὕτω
1482 1175 1562 1235 τὴν
1591 1194 1709 1233 προς

214 1251 373 1307 αὐτοὺς
401 1250 694 1307 αναόέχεσθαι
724 1248 876 1308 μάχην
938 1249 1037 1305 εμοὶ
1067 1248 1148 1305 μὲν
1169 1239 1247 1291 οὖν
1277 1246 1448 1302 ἐξέσται
1474 1242 1588 1302 μετὰ
1619 1247 1709 1288 τῶν

214 1321 292 1384 τὴν
318 1319 563 1379 ακροπολιν
588 1317 840 1379 τηρούντων
865 1316 1106 1375 μάχεσθαι,
1137 1315 1176 1361 εἰ
1205 1317 1278 1360 καὶ
1309 1313 1413 1372 ὑμῖν
1441 1317 1576 1359 ’τοῦτο
1607 1331 1710 1359 συν·
1723 1319 1769 1356 15

216 1390 369 1447 δόξειε.
428 1394 524 1444 τοῖς
554 1391 602 1434 δέ·
633 1406 679 1447 γε
711 1390 891 1441 λοιποῖς
919 1385 1032 1444 μετὰ
1060 1388 1151 1430 τῶν
1187 1383 1363 1441 ε’ξωθεν
1391 1381 1574 1445 μελήσει
1604 1401 1710 1441 καρ-

216 1463 356 1517 τερῶς
395 1458 772 1516 συμπλέκεσθαιΫ
836 1457 1120 1502 συντίθενται
1159 1453 1354 1507 ἅπαντες
1391 1456 1445 1515 τῇ
1483 1453 1564 1498 τοῦ
1603 1454 1710 1496 Βαῖ-

215 1526 407 1586 μούντου
437 1524 599 1586 γνώμῃ.
661 1525 684 1571 ὁ
716 1528 754 1570 δ’
786 1521 925 1578 εὖθύς
968 1524 1098 1582 ἔργου
1135 1521 1287 1585 ἥψατο
1325 1523 1398 1567 καὶ
1442 1522 1710 1582 παραχρῆμα

215 1598 377 1652 τειχίον
407 1592 643 1640 αντίθετον
682 1592 910 1653 ἐγκαρσιον
945 1590 1242 1650 ἆποδιαιροῢν
1278 1593 1362 1650 τῆς
1404 1588 1509 1649 όλης
1534 1586 1709 1635 Ἀντιο-

215 1666 335 1721 χείας
364 1663 442 1726 τὴν
461 1660 609 1721 ἇκροπ
613 1665 706 1708 ολιν
727 1663 944 1719 ἐδείματο,
981 1661 1121 1719 ἔρυμα
1152 1658 1487 1719 καρτερώτατον
1508 1660 1709 1716 πολέμου
1723 1665 1771 1700 20

173 1728 516 1791 Βαποχρῶντος.
587 1733 695 1792 κᾷθ’
726 1729 873 1784 ου’τως
910 1726 1179 1783 ανύστακτος
1218 1727 1369 1812 φύλαξε
1394 1731 1475 1773 τοῦ
1505 1725 1711 1773 τοιούτου

215 1803 387 1857 τείχους
405 1802 651 1846 καθίστατο
673 1798 745 1845 διὰ
767 1817 934 1853 παντος
952 1794 1309 1856 απομαχόμενος,
1345 1796 1538 1856 ὁπηνίκα
1559 1794 1713 1854 καιρὸς

217 1871 380 1924 ἐδίδου,
428 1867 546 1927 πρὸς
584 1867 688 1922 τούς
718 1866 841 1922 ἐντος
870 1865 1165 1926 γενναιότατα.
1228 1864 1270 1913 οἱ
1297 1868 1334 1912 δ’
1365 1861 1493 1938 ἄλλοι
1522 1864 1713 1924 κόμητες

353 1976 384 2009 1.
412 1969 582 2030 ἐβούλετο
597 1973 641 2009 Α.
719 1976 752 2010 2.
784 1970 983 2021 ἁψάμενος
999 1974 1040 2019 Ρ,
1066 1974 1226 2010 correxi.
1301 1974 1334 2008 3.
1352 1968 1619 2028 ἀναρρήγνυται
1636 1970 1710 2014 FC,

351 2019 494 2086 ἀναρήὲ
496 2034 597 2058 νυται
622 2023 662 2058 P.
776 2024 809 2058 6.
835 2022 876 2058 τὸ
895 2022 1003 2065 FAC,
1030 2021 1096 2058 τὸν
1110 2022 1150 2058 Ρ.
1252 2023 1309 2057 10.
1335 2021 1423 2056 καθ’
1449 2017 1626 2077 ἑκάτερον
1639 2019 1710 2064 FC,

352 2072 440 2106 καθ’
469 2071 594 2119 ἕτερον
621 2071 661 2107 Ρ.
813 2073 868 2108 11.
894 2084 937 2123 τε,
958 2071 1036 2118 FA,
1062 2083 1106 2118 γε
1130 2071 1169 2106 P.
1311 2071 1370 2105 20.
1397 2064 1651 2118 καρτερώτατα
1669 2068 1712 2104 F.

217 2152 293 2188 suit
319 2153 525 2199 urbemque
551 2153 724 2190 obsidere
750 2154 960 2191 constituit
1009 2155 1049 2190 at
1075 2152 1245 2189 nondum
1271 2152 1425 2198 incepto
1451 2162 1568 2198 opere
1592 2162 1712 2186 erum-

218 2203 349 2245 pentes
364 2201 461 2237 Galli
487 2213 572 2237 eum
597 2202 872 2249 aggrediuntur
889 2202 1084 2248 atrocique
1108 2202 1210 2238 inter
1237 2204 1422 2247 utrosque
1446 2200 1594 2246 proelio
1609 2199 1712 2235 facto

217 2249 363 2285 Turcae
388 2249 550 2286 victores
578 2250 756 2297 evadunt,
781 2251 907 2287 Latini
935 2253 1126 2297 coguntur
1160 2251 1200 2286 in
1227 2250 1372 2294 urbem,
1403 2249 1458 2285 ita
1483 2251 1526 2285 ut
1551 2247 1712 2294 utraque

217 2299 325 2342 parte
358 2299 396 2333 et
426 2298 473 2334 ab
499 2299 545 2334 iis
577 2300 642 2344 qui
667 2299 744 2335 arci
776 2300 966 2345 praesidio
993 2302 1103 2335 erant
1128 2300 1225 2344 (eam
1259 2298 1359 2334 enim
1396 2298 1551 2334 barbari
1583 2297 1713 2332 etiam-

217 2350 297 2380 tum
322 2346 557 2393 obtinebant)
576 2350 615 2383 et
632 2359 654 2383 a
671 2348 764 2383 foris
782 2348 1043 2384 obsidentibus
1057 2348 1189 2384 Tui-cis
1216 2349 1480 2395 urguerentur.
1516 2345 1583 2382 sed
1608 2344 1713 2381 vafer

217 2394 468 2441 Bocmundus,
494 2407 579 2431 cum
606 2396 829 2432 Antiochiae
853 2396 1112 2443 principatum
1135 2397 1209 2432 sibi
1234 2407 1401 2432 asserere
1425 2394 1551 2437 vellet,
1579 2405 1712 2430 rursus

217 2443 414 2478 consilium
438 2443 639 2480 comitibus
675 2445 765 2481 dare
797 2445 976 2481 simulans
1008 2446 1116 2481 “Non
1145 2444 1322 2491 expedit„
1353 2443 1479 2490 inquit
1502 2443 1603 2479 “uno
1633 2454 1713 2478 eos-

218 2491 303 2526 dem
327 2494 499 2537 tempore
523 2493 562 2528 in
588 2493 777 2539 duplicem
796 2497 840 2549 ‘et
865 2494 1059 2529 internum
1079 2496 1118 2530 et
1136 2497 1337 2530 externum
1356 2493 1505 2529 hostem
1522 2503 1714 2539 pugnare3

220 2539 287 2574 sed
312 2551 381 2585 pro
408 2540 572 2576 hostium
597 2542 717 2588 copia,
741 2542 807 2589 qui
839 2543 885 2578 ab
912 2545 975 2578 ut1
978 2554 1072 2588 aque
1096 2545 1207 2589 parte
1233 2555 1302 2578 nos
1328 2541 1526 2584 invadunt,
1554 2541 1594 2576 in
1621 2539 1714 2576 duas

220 2586 359 2624 divisos
382 2592 510 2633 partes
535 2590 748 2636 inaequales
774 2591 961 2637 proelium
995 2602 1064 2626 nos
1089 2602 1292 2627 conserere
1320 2592 1486 2637 oportet.
1537 2588 1714 2635 equidem

219 2637 259 2670 in
277 2647 351 2682 eos,
376 2637 439 2681 qui
456 2649 580 2674 arcem
602 2638 835 2682 custodiunt,
852 2639 979 2680 vultis,
996 2640 1172 2676 certabo:
1199 2639 1306 2676 vobis
1325 2639 1398 2675 erit
1413 2649 1538 2682 curae,
1557 2640 1711 2673 strenue

219 2687 352 2720 contra
371 2687 546 2722 externos
565 2686 780 2724 dimicare”.
818 2688 1060 2724 consentiunt
1078 2700 1206 2724 omnes
1218 2687 1429 2724 Boemundi
1454 2685 1625 2732 consilio,
1651 2685 1716 2732 qui

219 2732 420 2768 confestim
435 2744 476 2768 re
490 2739 672 2782 suscepta,
686 2748 760 2782 quo
775 2748 896 2772 arcem
914 2737 961 2772 ab
974 2737 1068 2773 urbe
1083 2739 1288 2783 separaret,
1302 2747 1453 2772 murum
1466 2735 1520 2771 illi
1536 2747 1582 2771 cx
1594 2737 1716 2770 trans-

219 2792 326 2817 verso
351 2783 579 2836 oppositum,
605 2787 649 2819 ut
667 2787 763 2820 esset
776 2785 1071 2821 munitissimum
1088 2785 1262 2821 diuturni
1277 2785 1367 2821 belli
1382 2783 1627 2831 praesidium,
1654 2794 1716 2818 ex-

220 2829 354 2865 truxit.
381 2829 486 2866 cuius
503 2832 601 2867 muri
618 2833 699 2878 ipse
707 2833 1020 2879 vigilantissimus
1035 2837 1164 2870 custos
1177 2833 1306 2871 extitit
1319 2836 1358 2869 et
1371 2832 1502 2880 quavis
1518 2831 1716 2869 occasione
1776 2844 1780 2851 ¹

220 2877 348 2914 oblata
362 2880 494 2915 contra
511 2891 573 2916 eos
590 2882 655 2927 qui
672 2893 797 2918 arcem
814 2882 994 2919 tenebant
1018 2881 1223 2919 fortissime
1240 2882 1475 2930 pugnabant.
1508 2892 1580 2917 nec
1592 2880 1717 2916 minus
1758 2896 1780 2912 ε
