1794 3132
231 190 316 233 490
652 226 654 228 ,
755 198 934 233 CAROLI
962 196 1202 233 DUCANGII

231 314 378 367 tamis,
409 326 494 366 seu,
526 315 574 357 ut
604 327 672 380 eos
701 315 837 367 vocat,
868 313 1113 402 Οαΐᾳραέιὶε,
1146 313 1406 368 provinciam
1441 312 1722 379 Capitanatae

230 371 1013 483 tresiani?afflata
1031 371 1280 479 agisa}
1299 371 1395 471 015³AE
1419 371 1722 484 {213350533332

230 485 346 529 tatis.
406 485 553 540 Neque
584 498 697 528 error
728 485 790 527 est
816 485 859 526 in
890 484 1136 548 oppid-orum
1176 484 1470 539 appellatione,
1516 485 1722 540 quidquid

230 542 395 598 garriat
441 543 636 597 corrupte
679 540 937 595 Capitanata
982 540 1077 592 dici,
1123 554 1216 584 cum
1254 556 1305 584 ex
1333 541 1512 585 Autoris
1541 542 1721 594 nomine,

229 599 383 655 inquit,
417 597 688 653 Catapanata
719 598 912 641 vocanda
946 598 1014 640 sit.
1069 597 1181 641 Nam
1223 599 1295 653 qui
1332 598 1504 641 Graecis
1540 597 1722 652 Catapa-

228 669 322 708 nus,
353 655 517 699 Latinis
559 657 621 698 est
655 653 925 709 Capitaneus.
987 654 1168 697 Proinde
1210 654 1468 709 Capitanata
1510 655 1722 710 appellata

230 713 292 756 est
335 712 598 767 praefectura
645 712 809 767 aliquot
858 711 1105 766 oppidorum
1148 713 1222 754 uni
1269 711 1497 767 Capitaneo
1540 712 1721 764 subdita,

231 782 356 825 quam
391 767 720 811 Κατεπανίκιον
758 770 881 812 vocat
918 768 1091 811 Nicetas
1132 768 1176 811 in
1212 769 1322 812 Man.
1352 769 1424 812 lib.
1449 770 1486 812 2.
1521 769 1561 812 et
1602 770 1723 811 vetus

231 827 378 869 charta
423 827 534 881 apud
565 826 875 869 Rhamnusium
915 825 964 868 de
1007 825 1124 868 Bello
1158 824 1556 880 Constantinopolit.
1589 826 1662 868 lib.
1683 826 1722 868 4.

230 896 327 939 pag.
347 884 442 926 167.
486 884 600 926 Hinc
630 883 759 926 etiam
795 882 1054 937 castiganda,
1081 895 1188 937 quae
1223 883 1350 926 habet
1378 881 1532 926 Glaber
1563 882 1725 925 Rodul-

230 941 335 995 phus
365 940 438 983 lib.
461 941 500 982 3.
533 953 621 994 cap.
649 941 682 982 1.
728 939 844 982 Tunc
889 940 1016 982 etiam
1056 938 1299 993 Imperator
1343 939 1541 983 Basilius
1575 938 1724 983 Sancti

230 996 409 1051 Imperii
442 996 670 1040 GPolitani
697 997 914 1051 praecepit
945 996 1114 1040 cuidam
1153 996 1364 1051 Satrapae
1409 1010 1497 1051 suo,
1528 996 1611 1039 'illi
1652 996 1724 1051 qui

231 1054 609 1109 coynominabatur
641 1052 882 1108 Oataponti‚
926 1067 970 1096 eo
1002 1053 1172 1106 scilicet,
1207 1054 1317 1109 quod
1347 1054 1468 1097 iuoeta
1499 1067 1616 1097 mare
1657 1054 1723 1096 in-

229 1111 451 1163 habitaret,
485 1115 531 1154 ut
561 1126 588 1154 a
618 1111 924 1154 transmarinis
954 1110 1205 1161 civitatibus,
1238 1124 1344 1165 quae
1362 1110 1556 1154 Romano
1577 1110 1722 1153 deben-

230 1172 299 1211 tur
327 1167 525 1222 Imperio,
553 1168 724 1211 veniens
753 1167 913 1211 tri-buta
943 1169 1139 1223 exiyeret.
1171 1166 1285 1221 ‘Quo
1329 1168 1420 1210 loco
1463 1180 1546 1210 non
1576 1167 1725 1210 leviter

229 1225 394 1268 fallitur
425 1224 581 1268 Glaber
610 1224 654 1266 in
685 1237 785 1267 voce
822 1224 1049 1278 Oataponti
1093 1226 1134 1267 et
1182 1225 1269 1268 eius
1299 1225 1451 1280 etymo,
1497 1237 1593 1267 cum
1637 1223 1721 1275 ille,

230 1294 353 1381 gezem
384 1283 602 1381 mlemoraft,
627 1280 955 1381 {Iatepanonseu
976 1281 1223 1381 Catlapanuts
1243 1282 1476 1382 vgcarptur,
1507 1294 1554 1324 ex
1578 1281 1724 1380 1(lIigni-

231 1352 416 1494 f311‘3'10}{³
430 1351 1119 1495 οῗρὲζςξξιξέῗοοἳιῗέἷῗὲἰῗὲἱῃθὲἕ
1133 1352 1531 1439 ..tentantia
1547 1350 1726 1438 αηῧῗὲίῗ

230 1465 322 1495 mus
396 1466 480 1508 pu.
534 1467 548 1495 1
580 1487 588 1495 .
640 1488 648 1496 .

313 1527 461 1571 Multa
492 1527 753 1571 Graecorum
781 1541 875 1571 cum
903 1531 1024 1583 ,qente
1052 1527 1250 1572 Basilius
1278 1530 1341 1572 ire

315 1584 475 1639 Iussus,
508 1586 554 1627 in
582 1585 692 1628 hunc
722 1586 868 1628 audax
899 1599 1011 1628 anno
1041 1590 1175 1628 movet
1205 1600 1326 1629 arma
1355 1588 1554 1642 sequenti.

16 1630 219 1686 *Scytitzae
321 1640 399 1684 Oui
427 1641 622 1695 Catapan
646 1642 761 1695 facto
796 1656 1023 1697 coynomen
1052 1642 1181 1685 erat*
1210 1643 1452 1698 Bayianus.

17 1683 219 1763 5ᾞὲᾜῇ
319 1698 440 1752 Quod
477 1698 672 1752 Catapan
702 1698 871 1750 Graeci,
901 1713 979 1742 nos
1005 1700 1122 1742 iuxta
1153 1700 1332 1743 dicimus
1362 1713 1495 1743 omne.

41 1774 193 1811 Graeco·
319 1755 517 1811 Quisquis
549 1756 666 1810 apud
695 1755 878 1799 Danaos
906 1757 993 1799 vice
1018 1756 1220 1811 funyitur
1248 1758 1374 1800 liuius
1403 1757 1588 1811 lionoris,

60 1823 166 1859 Rom.
316 1812 564 1866 Dispositor
585 1812 742 1867 populi
764 1817 899 1867 parat
931 1827 1050 1856 omne
1080 1814 1190 1867 quod
1218 1814 1387 1869 expedit
1420 1814 1498 1866 illi,

44 1872 204 1957 Τονηὲέὲ
316 1869 376 1912 Et
404 1870 521 1913 iuxta
552 1870 662 1924 quod
693 1871 838 1924 cuique
869 1870 967 1913 dari
996 1871 1121 1925 decet,
1151 1884 1272 1914 omne
1300 1871 1529 1914 ministrat.

44 1932 66 1955 α
96 1949 102 1955 .
207 1947 214 1954 .

14 1932 40 1966 P
68 1931 91 1966 9
182 1974 215 2009 A
366 1962 674 2023 Βουλχάρδου]
723 1966 822 2009 Fuit
860 1967 896 2010 is
938 1966 1208 2010 Burcharclus
1234 1967 1392 2020 ComeS,
1446 1968 1723 2023 cognomento

230 2023 377 2075 Rufus,
411 2025 554 2078 post-ea
595 2024 823 2078 Episcopus
853 2024 1209 2076 Monasteriensis,
1249 2025 1423 2067 Henrici
1453 2025 1559 2079 Imp.
1593 2025 1727 2080 Lega-

228 2082 310 2122 tus.
369 2079 584 2123 Conradus
627 2081 802 2135 Usperg.
835 2082 887 2123 A.
917 2091 1086 2124 MCXXI.
1131 2080 1344 2124 Dominus
1384 2082 1609 2136 Henricus,
1655 2082 1727 2137 qui

228 2137 484 2180 Burckardo
514 2137 630 2191 Rufo
669 2138 829 2181 dudum
874 2139 921 2181 in
951 2138 1183 2193 Leyatione
1223 2139 1403 2182 Henriei
1446 2138 1727 2193 Imperatoris

231 2195 348 2248 apud
381 2194 789 2248 Constantinopolim
818 2195 1014 2249 defuncto
1062 2209 1147 2249 per
1189 2196 1426 2239 electionem
1456 2195 1725 2239 Ecclesiasti—

232 2265 323 2294 cam
360 2252 407 2294 in
440 2251 695 2295 Catheolram
732 2252 1114 2295 Monasteriensem
1151 2258 1419 2296 successerat.
1490 2253 1726 2296 Burchardi

232 2309 425 2363 Episcopi
454 2309 647 2351 meminit
673 2309 885 2363 praeterea
916 2309 1147 2352 Monachus
1180 2310 1451 2364 Pegaviensis
1483 2310 1564 2352 An.
1592 2319 1725 2353 MCVI.

233 2367 273 2407 et
304 2375 489 2409 MCXVII.
522 2365 631 2408 unde
663 2365 916 2420 supplendus
939 2365 1169 2421 Catalogus
1191 2367 1490 2421 Episcoporum
1513 2367 1727 2410 Monaste-

230 2421 430 2464 riensium
460 2422 570 2477 apud
602 2423 871 2466 Merssaeum.

186 2494 213 2526 A
362 2474 667 2534 Ῥωμαικάτου]
686 2480 857 2522 Moneta
879 2493 1018 2531 aurea,
1037 2481 1219 2524 Romani
1236 2481 1438 2536 Diogenis
1453 2479 1728 2535 Imperatoris

233 2534 371 2588 effigie
399 2535 617 2590 insignita.
682 2536 809 2579 Bulla
841 2537 1038 2580 Anacleti
1081 2538 1221 2592 Papae
1266 2538 1308 2579 in
1357 2536 1562 2580 Chronico
1593 2537 1728 2579 Bene-

232 2592 403 2634 ventani
427 2592 671 2635 Monasterii
693 2592 734 2636 S.
758 2593 958 2648 Sophiae:
989 2595 1176 2649 aliosque
1200 2594 1347 2648 fideles
1366 2598 1532 2637 nostros
1553 2594 1729 2647 beniyne

231 2650 506 2700 convenimus,
541 2654 745 2704 quatenus
775 2651 1109 2706 quadrinyentos
1134 2651 1407 2703 RomanatOS,
1441 2665 1542 2707 quos
1566 2651 1625 2693 eis
1639 2650 1722 2693 Po-

232 2705 375 2757 tiferia
409 2707 805 2759 accommodaverat,
836 2708 957 2751 nobis
977 2709 1279 2763 persolverent.
1346 2707 1504 2752 Charta
1536 2707 1728 2750 Andreae

234 2760 408 2804 Comitis
440 2762 489 2805 de
521 2762 691 2806 Chelmo
724 2764 776 2806 A.
808 2773 1004 2808 MGOXLI.
1035 2766 1146 2820 apud
1173 2766 1288 2809 Ioan.
1322 2766 1499 2808 Lucium
1536 2765 1579 2807 in
1611 2764 1725 2807 Hist.

234 2818 419 2861 Dalmat.
452 2832 546 2874 pag.
567 2820 662 2864 473.
694 2820 840 2864 Solvat
865 2823 1034 2866 nomine
1054 2836 1222 2877 poenae
1254 2822 1404 2868 Comiti
1428 2821 1628 2877 praefato
1657 2821 1726 2865 M.
