1794 3132
234 206 318 249 492
755 216 934 251 GAROLI
962 216 1201 251 DVOANGII

235 331 466 375 Malaterra
498 333 540 376 et
560 333 801 376 Willelmus
833 331 1131 376 Gemeticensis
1159 333 1263 376 loeis
1293 332 1454 385 citatis,
1479 333 1520 376 et
1540 333 1728 376 Blondus

236 388 286 431 de
315 389 497 432 Instaur.
529 389 663 433 Roma
693 390 798 445 Reg.
821 390 886 432 12.
919 388 1170 432 Guillelmus
1199 390 1325 444 Apul.
1354 390 1429 433 lib.
1450 391 1488 434 3.

322 445 394 489 Sic
424 447 525 501 quia
549 460 656 500 pace
685 446 823 490 Ducis
851 460 937 489 non
962 446 1162 502 funyitur
1191 446 1503 502 Abayelardus‚

321 502 382 546 Et
401 503 545 556 patrii
574 504 685 547 iuris
713 503 804 547 loca
837 503 1004 556 deserit,
1032 507 1070 546 et
1102 502 1360 547 Danaorum

322 559 441 603 Exul
470 560 562 603 adit
592 564 739 612 terras,
772 574 865 603 cum
893 564 1029 603 rector
1058 559 1239 603 Alexius
1269 565 1372 603 esset

320 615 509 671 Imperii,
546 616 722 660 clemens
749 617 859 659 hunc
889 617 1067 670 suscipit
1096 617 1168 660 ille
1198 617 1384 672 benique,

323 673 501 717 Tractat
530 673 766 728 honorifice,
800 674 874 717 dat
902 674 1061 717 multa:
1092 674 1167 717 sed
1192 675 1343 717 invida
1371 675 1482 718 nulli

321 730 504 774 Parcere
533 745 638 785 quae
667 734 790 774 curat
817 731 1021 774 iuveniles
1052 745 1167 774 mors
1198 731 1311 774 subit
1339 736 1487 775 artus:

323 786 484 842 Quique
512 801 803 843 reyressurum
834 801 878 830 se
906 788 1086 831 credidit
1117 802 1202 831 esse
1221 792 1448 842 potentem,

321 843 495 888 Diversi
523 845 691 899 yeneris
718 858 812 888 cum
836 844 1027 898 fascibus
1059 849 1181 899 atque
1207 845 1445 899 triumphis,

321 900 441 944 Exul
475 901 593 954 apud
623 901 805 945 Danaos
832 905 870 944 et
894 905 1086 945 mortuus
1117 906 1176 945 est
1208 906 1246 945 et
1271 903 1481 946 humatus.

198 963 225 999 C
377 955 465 1000 Τὸν
490 955 587 1000 &lov
617 958 696 1001 τοῦ
727 954 1164 1016 Σεβαστοκράτορος]
1215 960 1417 1003 Ioannem
1458 959 1729 1013 Comnenum,

237 1015 380 1070 postea
412 1015 636 1071 Dyrrachii
666 1015 838 1058 Ducem.
890 1015 940 1059 V.
971 1029 1067 1071 pag.
1089 1017 1182 1059 131.
1216 1016 1267 1059 Α..

189 1080 223 1116 D
361 1067 435 1113 ‘'Iv'
470 1069 698 1129 ἐντεῦθεν]
729 1073 857 1127 Hugo
890 1073 1092 1117 Franciae
1122 1074 1209 1117 Rex
1238 1073 1291 1116 ad
1321 1073 1528 1116 Basilium
1560 1073 1602 1116 et
1623 1072 1731 1117 Con-

235 1129 471 1172 stantinum
501 1130 634 1184 Impp.
667 1128 1156 1184 Constantinopolitanos
1185 1130 1296 1185 apud
1326 1129 1575 1174 Gerbertum
1597 1131 1728 1185 Epist.

239 1186 332 1228 111.
364 1185 449 1229 Sed
478 1187 578 1229 haec
611 1185 807 1238 conditio,
839 1200 944 1241 quae
974 1188 1110 1230 nostri
1139 1188 1249 1231 iuris
1279 1191 1391 1242 sunt,
1421 1191 1562 1231 vestra
1591 1187 1729 1242 efficit,

235 1256 470 1298 maynoque
494 1243 601 1295 usui,
623 1244 661 1286 si
685 1243 825 1297 placet
854 1243 953 1287 haec
973 1248 1122 1287 nostra
1150 1245 1401 1297 coniunctio,
1424 1245 1504 1287 erit
1533 1258 1730 1300 maqnos-

237 1314 314 1353 que
339 1299 505 1352 fructus
538 1300 696 1354 afferet.
741 1299 916 1343 Etenim
941 1301 1062 1344 nobis
1083 1301 1344 1345 obstantibus
1373 1315 1447 1344 nec
1468 1301 1624 1345 Gallus
1655 1315 1730 1345 neo

238 1355 478 1400 Germanus
502 1357 610 1411 sines
637 1357 809 1400 lacesset
838 1357 1018 1411 Imperii
1046 1359 1244 1402 Romani.

189 1427 223 1462 D
370 1407 732 1470 Ἀπεστοὲλησαν]
767 1415 864 1457 Huc
885 1415 1095 1469 pertinent
1117 1429 1223 1471 quae
1253 1415 1380 1458 habet
1410 1414 1598 1470 Scriptor
1618 1415 1730 1459 vitae

236 1470 410 1513 Henrici
429 1471 503 1514 IV.
531 1471 633 1525 Ipse
661 1471 757 1514 Rex
789 1470 1007 1523 Graeciae,
1038 1476 1084 1515 ut
1112 1477 1266 1516 metum
1295 1472 1594 1526 dissimularet,
1625 1474 1729 1515 ami—

236 1527 381 1570 citiam
412 1529 503 1571 eius
532 1529 749 1582 expetebat
778 1532 815 1571 et
846 1543 964 1583 quem
1004 1530 1199 1582 futurum
1226 1530 1383 1572 hostem
1404 1530 1557 1582 timuit,
1587 1544 1729 1573 mune-

235 1584 366 1637 ribus,
397 1599 448 1627 ne
474 1585 594 1638 fieret
622 1585 765 1641 hostis,
784 1587 1022 1639 praevenit.
1084 1586 1281 1630 Testatur
1309 1586 1384 1629 hoc
1414 1600 1545 1629 aurea
1585 1587 1730 1630 tabula

237 1640 455 1695 Spirensis
480 1642 644 1694 attaris,
679 1643 756 1685 etc.

190 1697 223 1732 D
371 1693 627 1754 Ἔγκόλπιον
656 1695 771 1754 μετὰ
804 1698 1181 1769 μαργαριταρίων]
1228 1701 1290 1743 De
1328 1701 1528 1755 Encolpio
1569 1701 1730 1744 dictum

236 1768 373 1809 supra.
450 1752 811 1810 -Moeoyaptro'cowv
861 1770 934 1811 pro
980 1772 1260 1812 μαργαριτης.
1344 1757 1646 1801 Constantinus
1685 1758 1729 1800 in

235 1812 426 1855 Historia
457 1811 673 1868 Apollonii
706 1813 845 1869 Tyrii:

411 1866 555 1912 Τόσσν
578 1866 770 1926 λογάρην
791 1869 862 1912 καὶ
885 1867 1018 1912 καλὸν
1039 1870 1219 1922 στολαῖς
1238 1866 1570 1926 μαργαριτάρια.

191 1929 222 1963 D
373 1922 493 1992 (9an
524 1923 785 1982 διάχρυσος]
834 1928 971 1970 Theca
1003 1927 1253 1972 Sanctorum
1284 1929 1474 1983 reliquiis
1505 1928 1728 1972 instructa.

234 1983 457 2038 Inscriptlo
491 1983 786 2039 Crucis‚.quae
816 1985 878 2027 est
910 1985 1094 2028 Traiecti
1134 1985 1187 2029 ad
1218 1985 1394 2038 Mosam,
1432 1985 1543 2040 apud
1570 1985 1729 2040 Appia—

234 2053 334 2083 num
364 2041 404 2083 et
436 2039 704 2084 Gretzerum:

440 2089 502 2140 013
527 2095 606 2156 τὴν
637 2097 684 2140 δὲ
712 2093 860 2166 θῄκην
885 2093 1108 2153 Ῥωμανὸς
1137 2099 1214 2156 γῆς
1243 2095 1490 2155 Δεσπότης,

434 2149 710 2210 Ὡραιότησιν
741 2156 912 2210 αρετῶν
944 2153 1210 2210 ἐστεμμένος

437 2208 629 2265 Χάρισιν
659 2207 822 2267 ώράϊσε
851 2211 1011 2266 τιμίων
1040 2211 1198 2256 λίθων.

234 2267 341 2310 Vide
373 2267 567 2323 Acropol.
614 2282 702 2324 cap.
728 2272 793 2313 11.
840 2269 942 2313 Vita
974 2269 1017 2314 S.
1045 2270 1176 2324 Eligii
1205 2270 1340 2325 Episc.
1371 2270 1565 2313 Noviom.
1612 2270 1731 2313 Inter

235 2324 326 2367 alia
357 2324 561 2368 bonorum
591 2340 764 2380 operum
795 2327 986 2381 insiynia
1039 2327 1196 2370 multas
1237 2326 1491 2371 Sanctorum
1522 2341 1574 2371 ex
1611 2342 1729 2384 auro,

236 2385 411 2436 arycnto
442 2386 565 2436 atque
592 2385 767 2438 yemmis
807 2384 1038 2437 fabricavit
1067 2383 1216 2436 thecas,
1245 2386 1331 2427 sive
1361 2384 1537 2427 tumbas.

191 2443 223 2477 D
372 2437 593 2497 Χαρτιόυ]
628 2440 734 2483 Vide
761 2441 936 2484 Dissert.
969 2441 1022 2484 ad
1053 2441 1294 2485 Ioinvillam
1327 2442 1395 2484 26.
1426 2454 1520 2496 pag.
1541 2442 1637 2484 314.

191 2507 223 2541 D
372 2494 568 2537 Καυκίον
606 2493 934 2555 Σαρδωνύχιον]
986 2496 1179 2554 Calycem
1226 2511 1247 2541 e
1295 2498 1545 2569 Sardonyce.
1591 2498 1726 2541 Gloss.

237 2549 473 2595 Graecolat.
501 2549 650 2604 καύκα,
682 2554 855 2597 Patera.
896 2554 1059 2606 Suidas,
1100 2554 1281 2597 καυκίον
1309 2555 1415 2609 παρ’
1444 2557 1559 2613 ημῖν,
1592 2551 1731 2608 κάλυξ

236 2606 283 2648 δὲ
314 2605 436 2661 παρὰ
469 2612 645 2666 σοφοῖς.
702 2610 896 2655 Occurrit
941 2613 1153 2666 praeterea
1199 2613 1242 2654 in
1289 2612 1378 2655 vita
1418 2612 1459 2656 S.
1496 2612 1729 2667 Eupraxiae

236 2664 354 2719 Virg.
385 2666 438 2707 N.
461 2667 527 2708 26.
558 2668 626 2709 28.
663 2668 760 2711 Vita
784 2668 824 2712 S.
855 2668 1064 2712 Eudociae
1085 2669 1283 2712 Samarit.
1300 2669 1353 2712 N.
1373 2671 1409 2712 2.
1441 2671 1483 2713 et
1510 2669 1611 2712 alibi
1631 2682 1730 2724 pas-

234 2720 326 2762 sim.
386 2721 541 2765 Scribit
571 2724 841 2778 Theophanes
871 2725 922 2769 A.
955 2725 999 2769 G.
1028 2736 1159 2769 DOIX.
1190 2725 1449 2770 Circensibus
1467 2726 1594 2770 Ludis
1628 2726 1729 2768 haec

234 2775 494 2842 in'Phocam
531 2779 709 2823 iactasse
740 2782 950 2834 Prasinos‚
991 2778 1125 2825 πάλιν
1164 2778 1228 2833 εἷς
1268 2779 1347 2825 τὸν
1384 2785 1546 2826 καῦκον
1586 2779 1724 2833 ἔπιες,

158 2863 165 2869 .
235 2833 368 2875 παλιν
397 2833 474 2876 τὸν
510 2837 611 2877 νσῖν
640 2830 882 2889 ἄπώλεκες.
956 2839 1072 2894 Quae
1118 2840 1244 2884 verba
1286 2840 1347 2884 sic
1392 2840 1520 2884 vertit
1565 2839 1724 2883 Paulus
