1780 3138
510 222 778 260 ALEXIADIS
807 223 903 260 LIB.
933 223 1018 260 XII.
1049 218 1087 258 3.
1467 215 1544 259 141

52 347 144 401 ρῶν
173 341 257 402 τήν
289 342 513 388 Θετταλοῖ-
543 338 677 384 πόλιν
707 336 966 395 καταλαβών
1007 338 1071 392 εἷς
1099 341 1215 400 μῆνα
1242 340 1550 397 Σεπτέμβριον

52 410 357 472 ἑπινεμησεως
398 406 876 467 τεσσαρεσκαιδεκάτης
913 406 1118 453 εἰκοστοῦ
1159 407 1289 462 ἔτους
1327 403 1470 462 ὄντος,
1504 409 1553 465 ἐξ

53 473 107 527 οὗ
150 480 230 535 τὰς
273 481 357 539 τῆς
398 478 626 536 βασιλείας
670 477 793 537 ἡνίας
842 475 1162 535 περιεζώσατο.
1231 479 1304 522 καὶ
1341 475 1420 536 τὴν
1449 471 1550 521 Λῖἷ-

52 566 241 607 γοτσταν
270 549 321 594 δὲ
338 545 645 606 παρεβιάσατο
666 546 1059 604 συνεξεληλυθέναι
1089 547 1186 602 μετ’
1210 541 1366 590 αι’-τοῦ.
1424 543 1449 589 ὁ
1470 542 1550 603 γὰρ

16 616 224 675 5τρόπος
255 617 423 676 ἐκείνης
452 612 659 668 τοιοῦτός
688 633 755 669 τις
784 607 848 675 ἦν.
898 610 951 659 οὐ
979 611 1096 659 πάνυ
1128 631 1172 658 τι
1201 611 1550 673 δημοσιεῦεσθαι

53 681 228 748 ἤθελεν,
260 684 371 730 ἀλλὰ
398 683 454 730 τὰ
482 683 630 729 πολλὰ
657 684 739 741 μὲν
780 682 1050 739 οἰκουροῦσα
1091 674 1146 739 ἢν
1185 683 1259 726 καὶ
1295 679 1350 726 τὰ
1387 681 1553 740 ἐκείνης

55 754 161 812 ἔργα
190 754 350 807 ἐποίει,
397 753 510 811 λέγω
558 753 607 797 δὲ
649 752 818 807 βίβλων
859 768 907 796 τε
951 745 1164 806 ἀνελίξεις
1207 753 1298 794 τῶν
1324 749 1554 807 μακαρίων

52 818 227 879 ἀνδρῶν
264 823 339 867 καὶ
373 819 428 866 τὸ
468 819 586 878 πρὸς
624 817 782 879 ἑαυτὴν
820 819 1107 878 ἐπιστρέφειν
1141 819 1215 863 καὶ
1247 813 1454 871 ε’ὗποιΐας
1480 818 1555 861 καὶ

51 889 232 949 χάριτας
266 890 333 945 εἷς
367 885 657 948 ἀνθρώπους,
693 887 884 946 μάλιστα
908 889 957 933 δέ
986 886 1051 941 εἷς
1079 888 1284 941 ἐκείνους,
1319 882 1402 940 οὓς
1431 881 1597 931 οἶδενΒ

0 956 146 1010 ιοᾰπό
175 977 224 1005 τε
253 962 336 1005 τοῦ
366 957 590 1018 σχήματος
630 953 723 1002 ἆπό
767 974 815 1001 τε
856 960 941 1001 τοῦ
987 957 1089 1013 βίου
1128 955 1403 1013 θεραπεύειν
1436 952 1553 1001 Θεὸν

52 1029 125 1074 καὶ
154 1029 383 1090 προσευχῇ
412 1028 704 1085 προσανέχειν
732 1027 805 1070 καὶ
841 1023 1129 1086 καταλληλοις
1158 1020 1307 1084 ᾠδαῖς.
1372 1021 1554 1069 ἐπειδὰν

52 1099 102 1141 δὲ
131 1098 287 1154 μέλλοι
315 1093 624 1155 δημοσιεῦσειν
652 1092 813 1153 ἑαυτήν
843 1091 953 1138 κατά
971 1111 1069 1138 τινα
1095 1094 1246 1151 χρείαν
1265 1088 1555 1151 ἀναγκαιοτά-

52 1183 132 1224 την
162 1163 224 1219 ιῦς
251 1165 470 1222 βασιλίδα,
503 1163 656 1218 αἰδοῦς
675 1181 723 1209 τε
746 1161 1069 1220 ὑπεπίμπλατο
1090 1164 1164 1207 καὶ
1194 1159 1394 1221 ἐρύθημα
1415 1157 1555 1213 εὐθὺς

54 1231 286 1295 ἐξηνθήκει
313 1238 414 1287 ταῖς
438 1237 663 1289 παρειαῖς.
727 1233 800 1277 καὶ
831 1231 857 1292 ἦ
885 1232 967 1289 μὲν
997 1229 1254 1292 φιλόσοφος
1286 1229 1441 1276 Θεανώ
1472 1229 1553 1274 τοῦ

0 1315 41 1350 15
54 1300 234 1363 πήχεως
261 1302 395 1361 αὐτῆς
422 1302 747 1359 γυμνωθέντος,
780 1298 934 1359 ἐπειδή
956 1318 1023 1354 τις
1042 1301 1216 1357 παίζων
1245 1297 1408 1359 εἰρήκει
1437 1298 1557 1356 πρὸς

53 1369 215 1430 ταίτην
247 1369 415 1424 ι(καλὸς
445 1368 471 1415 ὃ
498 1370 683 1429 πῆχυς”,
719 1365 846 1414 “cml
880 1365 934 1414 οὗ
956 1367 1209 1428 ’δημόσιος”
1241 1364 1371 1413 εἶπεν
1400 1368 1554 1427 ἐκείνη·

54 1438 81 1499 ἡ
109 1441 159 1484 δὲ
186 1440 361 1496 βασιλὶς
390 1439 463 1483 καὶ
493 1436 636 1499 μήτηρ
663 1437 757 1495 ἐμέ,
782 1437 834 1483 τὸ
869 1441 949 1497 τῆς
978 1435 1250 1496 σεμνότητος
1280 1431 1469 1496 ἄγαλμα,
1500 1434 1554 1482 τὸ

53 1511 133 1570 τῆς
157 1506 390 1567 ἁγιότητος
418 1505 700 1566 καταγώγιον,
729 1506 790 1567 μη
821 1504 890 1552 ὅτι
919 1524 967 1565 γε
998 1509 1145 1566 πῆχυν
1170 1503 1197 1565 ἢ
1223 1507 1399 1564 βλέμμα
1420 1508 1594 1564 δημο-Ο

54 1575 219 1623 σιείιειν
249 1572 410 1637 ἠγάπα,
443 1574 536 1621 ἀλλ’
571 1571 675 1621 οὖὸἑ
703 1574 858 1637 φωνην
889 1576 1056 1634 ἐκείνης
1095 1568 1264 1633 ἤθελεν
1301 1573 1366 1628 εἷς
1394 1570 1554 1633 ἀσυνή-

0 1651 157 1700 Ξοθεις
201 1646 594 1703 παραπέμπεσθαι
638 1640 790 1698 ἀκοάς.
865 1646 1083 1690 τοσοῦτον
1128 1635 1180 1704 ἦν
1224 1643 1366 1702 ἐκείνη
1408 1645 1556 1704 χρῆμα

189 1781 223 1814 2.
247 1775 650 1824 τεσσαρεσκαιδεκάτης
675 1778 843 1814 εἰκοστοῦ
866 1777 910 1823 F,
934 1773 995 1813 ιδ’.
1024 1772 1068 1812 κ’.
1094 1776 1143 1812 P:
1168 1776 1216 1812 cf.
1230 1776 1397 1822 Ducang.
1413 1775 1461 1811 ad
1475 1775 1511 1811 h.
1528 1775 1553 1810 l.

187 1823 294 1866 ὄντος
305 1826 379 1871 FC,
405 1822 511 1866 οὗτος
522 1827 563 1863 Ρ.
660 1829 693 1863 4.
723 1828 1048 1870 consumo-uma
1064 1825 1141 1870 AC,
1167 1826 1495 1869 συνεξηληλυθέναι
1510 1822 1552 1858 Ρ.

187 1877 222 1912 6.
249 1875 407 1922 ἐκείνης]
431 1876 671 1922 ἐγκλείστηςῗ
771 1877 826 1910 12.
854 1871 1119 1922 δημοσιεὺσειν
1141 1874 1185 1918 F,
1212 1869 1452 1920 δημοσιεύειν
1476 1872 1554 1907 PA.

192 1926 248 1960 13.
274 1923 541 1971 ὑπεπίμπλατο
566 1925 645 1971 FA,
670 1923 939 1972 ὑπεμπίπλατο
964 1923 1005 1959 Ρ.
1254 1923 1310 1957 15.
1337 1918 1486 1968 πήχεως
1510 1921 1553 1965 F,

189 1969 331 2020 πήχεος
354 1973 431 2009 PA.

55 2105 196 2142 medias
232 2106 482 2143 occidentales
518 2109 640 2143 terras
665 2105 967 2145 Thessalonicam
1007 2105 1141 2141 urbem
1177 2103 1291 2150 petiit
1340 2101 1556 2149 Septembri

54 2167 180 2191 mense
205 2155 413 2192 indictione
449 2155 595 2192 decima
629 2158 766 2202 quarta
792 2155 968 2191 vicesimo
1006 2154 1055 2189 ab
1079 2165 1124 2190 eo
1149 2155 1319 2198 tempore
1343 2163 1456 2197 auno,
1480 2163 1555 2197 quo

0 2244 3 2254 ,-
54 2203 258 2250 imperium
294 2205 555 2250 capessiverat,
593 2204 803 2251 Augustam
844 2216 970 2240 secum
1007 2203 1147 2238 ducens
1185 2201 1355 2247 quamvis
1384 2200 1556 2236 invitam.

0 2265 4 2282 ·.
55 2264 176 2299 neque
201 2253 301 2288 enim
339 2264 383 2288 ea
408 2253 510 2289 illius
552 2253 697 2289 indoles
737 2252 822 2293 fuit,
860 2256 905 2288 ut
950 2252 989 2288 in
1032 2251 1226 2298 publicum
1268 2249 1431 2285 libenter
1471 2260 1558 2295 pro-

59 2300 171 2345 diret,
195 2301 260 2337 sed
311 2304 356 2337 ut
403 2301 627 2348 plerumque
665 2302 768 2337 domi
814 2313 967 2336 manens
1019 2301 1096 2335 suis
1139 2298 1363 2345 fungeretur
1410 2295 1558 2341 officiis,

56 2350 175 2386 veluti
201 2353 244 2386 ut
268 2353 483 2386 sanctorum
509 2354 662 2396 patrum
687 2350 877 2386 evolveret
900 2349 1029 2394 libros,
1053 2351 1179 2383 mente
1204 2348 1418 2383 intueretur
1441 2349 1558 2381 semet

55 2398 188 2445 ipsam,
226 2410 379 2444 operam
418 2399 527 2434 daret
558 2398 826 2435 beneficentiae
863 2410 906 2434 ac
940 2396 1136 2433 munificae
1169 2396 1210 2431 in
1246 2407 1309 2431 eos
1333 2394 1555 2441 praesertim

0 2456 2 2461 ’
57 2446 227 2482 homines
268 2447 501 2493 liberalitati,
539 2460 632 2494 quos
668 2451 707 2483 et
746 2459 792 2482 ex
830 2446 964 2482 habitu
987 2449 1025 2481 et
1050 2457 1095 2481 ex
1121 2445 1204 2490 ipso
1229 2444 1331 2480 vitae
1357 2443 1559 2489 specimine

0 2507 5 2538 ζ
55 2495 126 2531 deo
163 2495 303 2532 servire
339 2496 583 2542 intellegebat
621 2499 659 2532 et
695 2496 869 2542 precibus
909 2506 1040 2531 vacare
1073 2493 1319 2538 cantibusque
1357 2491 1557 2527 alternare.

0 2562 7 2589 ι,
55 2545 230 2591 quotiens
254 2547 379 2580 autem
405 2545 616 2591 prodeundi
640 2546 678 2580 in
704 2544 898 2590 publicum
928 2544 963 2579 ei
989 2542 1192 2590 praecipua
1219 2544 1263 2576 ut
1292 2541 1446 2586 reginae
1475 2542 1558 2575 erat

0 2600 9 2623 ῐ
56 2593 267 2637 necessitas,
290 2593 434 2639 pudore
459 2594 660 2629 tenebatur
689 2604 899 2639 magnoque
924 2592 1053 2627 statim
1079 2591 1218 2626 rubore
1242 2588 1558 2624 suffundebantur

57 2642 136 2676 eius
160 2652 288 2687 genae.
330 2641 483 2678 Theano
509 2654 658 2688 quoque
685 2642 813 2676 ferunt
842 2636 1103 2687 philosoph'iae
1126 2638 1345 2682 studiosam,
1362 2649 1447 2673 cum
1473 2637 1557 2683 quis

10 2707 14 2710 ·
57 2689 156 2725 forte
194 2690 337 2725 nudato
372 2691 452 2726 eius
491 2691 646 2727 brachio
686 2695 886 2736 conspecto
924 2690 1050 2724 iocans
1084 2687 1241 2722 dixisset
1291 2687 1343 2722 “0
1382 2685 1556 2732 pulcrum

56 2737 253 2774 brachium
264 2739 312 2781 '’‚
351 2739 404 2775 sic
443 2740 679 2785 respondisse
728 2740 797 2774 “at
822 2750 896 2773 non
922 2736 1157 2783 publicum”.
1208 2735 1336 2781 itaque
1362 2735 1494 2780 regina
1517 2737 1557 2769 et

57 2790 180 2822 mater
207 2798 301 2829 mea,
327 2788 529 2833 gravitatis
554 2788 808 2832 simulacrum,
834 2786 1048 2822 sanctitatis
1080 2783 1326 2828 domicilium,
1360 2783 1455 2818 adeo
1480 2794 1555 2817 non

55 2836 226 2872 cubitum
250 2835 446 2872 oculumve
470 2837 511 2872 in
536 2837 730 2882 publicum
749 2835 919 2882 proferre
943 2833 1099 2878 solebat,
1116 2836 1159 2868 ut
1182 2844 1229 2867 ne
1245 2840 1376 2868 vocem
1403 2830 1555 2877 quidem

23 2898 34 2934 f
56 2883 215 2920 insuetis
238 2883 351 2920 vellet
378 2885 533 2921 auribus
557 2886 777 2921 immittere.
827 2887 906 2919 tam
931 2881 1106 2918 mirabile
1143 2881 1263 2927 igitur
1288 2880 1353 2916 illa
1379 2891 1555 2915 verecun-
