1734 3120
217 256 297 298 302
722 262 886 297 ANNAE
917 259 1184 296 COMNENAE

216 377 359 422 θείων
389 376 698 436 προφέροντας
718 376 903 435 γραφῶν
924 374 1132 418 ἐντεῦθεν
1153 370 1457 429 ἰσχυροποιεῖν
1477 371 1707 430 οἰομένους

216 447 269 491 τὸ
299 448 427 506 σφῶν
465 440 610 489 αὐτῶν
638 441 946 488 κατάπτυστον
974 439 1125 499 δόγμα.
1185 436 1297 485 ἄλλα
1331 443 1384 504 τῇ
1423 445 1596 496 συνεχεῖ
1623 442 1703 485 τοῦ

65 522 107 559 V.
135 521 205 557 359
217 510 544 570 αὐτοκράτορος
572 511 725 571 ὁμιλίᾳ
754 512 825 556 καὶ
855 514 953 562 ταῖς
982 513 1159 565 συχναῖς
1189 510 1473 566 παραινέσεσι
1503 510 1575 553 καὶ
1605 507 1706 554 τού-

174 590 307 628 Βτων
338 580 378 626 οἳ
410 583 591 633 πλείους
612 577 879 636 πειθόμενοι
903 581 982 621 τοῦ
1003 578 1136 621 θείου
1154 578 1366 634 μετέσχον
1385 578 1704 634 βαπτίσματος.

215 653 287 696 καὶ
317 649 396 709 γὰρ
429 650 478 705 ἒξ
504 649 727 693 ἀνατολῶν
756 649 945 706 ἡλιακῶν
977 640 1166 690 ἀκτίνων
1205 646 1250 698 ἐς
1287 644 1543 704 βαθυτάτην
1574 644 1734 690 νύκταξ

215 716 428 771 πολλάκις
454 716 508 761 τὰ
544 720 624 775 τῆς
664 716 897 770 διαλέξεως
936 714 1233 770 παρετείνετο,
1275 715 1345 758 καὶ
1385 717 1463 773 τῆς
1502 713 1707 772 τοιαύτης

216 786 390 845 ὁμιλίας
418 784 477 844 μή
510 781 815 845 α’φιστάμενος
843 778 995 835 ἄσιτος
1021 781 1077 827 τοὶ
1111 780 1255 827 πολλὰ
1275 783 1458 828 διετέλει
1478 785 1548 828 καὶ
1570 785 1706 828 ταῦτα

215 858 261 902 ἐν
289 859 428 914 καιρῷ
458 855 624 911 θέρους
653 853 698 897 ἐν
729 851 943 909 ὖπαίθρῳ
976 854 1109 911 σκηνῇ
1137 853 1445 909 διακαρτεριῦν.

350 929 389 969 9.
447 919 515 967 Ἐν
544 919 637 980 ὅσῳ
669 921 716 965 δὲ
745 923 881 963 ταῦτα
903 920 1094 964 ἐτελεῖτο
1122 920 1194 963 καὶ
1215 918 1240 978 ἡ
1262 918 1411 980 λογικὴ
1435 920 1575 979 ἐκείνη
1595 920 1707 977 μετὰ

214 996 303 1038 τῶν
335 991 595 1046 Μανιχαίων
639 991 945 1045 συνεκροτεῖτο
986 985 1145 1044 ἅμιλλα
1175 985 1362 1047 φθάσας
1390 1006 1458 1041 τις
1492 983 1583 1032 obt&
1626 991 1734 1032 τοῦ]

217 1056 389 1118 Ἴστρου
420 1058 498 1119 τὴν
527 1061 616 1102 τῶν
652 1054 873 1114 Κομάνων
913 1052 1158 1116 ἀπήγγελλε
1201 1057 1530 1113 διαπεραίωσιν.
1591 1055 1614 1101 ὁ
1659 1057 1706 1101 δὲ

214 1126 419 1185 βασιλεὺς
448 1125 507 1186 μὴ
537 1123 757 1183 ιιελλίσας
788 1122 904 1177 ὅλως
924 1122 1039 1181 πρὸς
1067 1122 1145 1167 τὸν
1175 1121 1395 1180 Λάνουβιν
1423 1119 1578 1183 ἤλαυνε
1610 1128 1707 1176 τοῖς

177 1199 501 1254 Οπεριτυχοῦσι
539 1191 829 1251 στρατιώταις
870 1190 1235 1250 συγχρησάμενος.
1305 1194 1376 1237 καὶ
1415 1191 1493 1254 τὴν
1519 1191 1707 1252 Βιδύνην

215 1262 474 1321 καταλαβών
508 1264 580 1307 καὶ
618 1259 722 1314 τούς
759 1259 1011 1317 βαρβάρους
1049 1259 1109 1319 μή
1152 1259 1347 1320 εὑρηκώς
1387 1262 1706 1322 (προέφθασαν

214 1335 291 1392 γὰρ
321 1332 403 1392 τήν
432 1334 516 1377 τοῦ
535 1328 861 1388 αὐτοκράτορος
882 1329 1054 1374 ἔλευσιν
1074 1328 1388 1388 μεμαθηκότες
1417 1329 1481 1384 εἷς
1502 1326 1704 1376 τούπίσω
1722 1341 1734 1374 1

214 1403 498 1461 διαπερᾶσαι)
530 1403 796 1462 παραχρῆμα
819 1396 1092 1456 στρατιώτας
1112 1401 1334 1457 γενναίους
1354 1395 1707 1456 οἷποδιελόμενος

214 1472 291 1531 την
320 1475 410 1516 τῶν
453 1468 689 1528 βαρβάρων
731 1469 959 1524 ἐπιδίωξιν
1004 1467 1269 1525 ἐπέτρεψεν.
1341 1466 1381 1512 οὶ
1428 1469 1476 1512 δὲ
1517 1466 1707 1512 κατόπιν

214 1558 385 1586 τουτων
418 1539 685 1598 παραχρῆμα
718 1532 904 1596 ἤλαυνον
933 1535 1011 1580 τὸν
1030 1531 1203 1594 Ἵστρον
1233 1534 1590 1594 διαπεράσαντες.
1635 1537 1706 1580 καὶ

216 1611 291 1655 ἐπὶ
321 1611 438 1667 τρισὶ
470 1607 705 1662 διώκοντες
735 1608 1042 1667 νυχθημέροις,
1075 1607 1176 1651 επεὶ
1204 1604 1309 1659 τοὺς
1340 1603 1574 1663 Κομάνοις
1602 1605 1707 1649 ἑθε-

214 1677 373 1724 άσαντο
406 1681 460 1724 δι’
492 1677 554 1723 ών
584 1678 858 1738 ἐπεφέροντο
903 1678 1088 1732 σχεδιῶι
1130 1674 1206 1720 τὸν
1235 1675 1378 1719 εκεῖσε
1426 1677 1507 1719 τοῦ
1539 1671 1706 1719 Λανοί-
1718 1682 1734 1717 2

213 1750 329 1803 βεως
355 1747 510 1803 ῥέοντα
554 1744 759 1803 ποταμὸν
802 1742 1161 1803 διαπεράσαντες,
1205 1738 1430 1800 ἄπρακτοι
1473 1741 1587 1802 πρὸς
1630 1742 1707 1786 τὸν

168 1829 200 1863 D
213 1812 515 1874 αὐτοκράτορα
545 1816 892 1872 ἐπανέστρεψαν.
951 1811 975 1857 ὃ
1007 1814 1055 1858 δὲ
1083 1811 1289 1869 βασιλεὺς
1318 1807 1481 1869 ν’νιιῖθη
1511 1811 1602 1867 μέν,
1637 1807 1703 1854 ὅτι

351 1933 383 1968 1.
407 1933 602 1980 οἰομένους
625 1931 667 1977 Ρ,
694 1927 867 1978 οἰόιιενος
892 1930 930 1966 O.
1077 1931 1110 1965 2.
1136 1930 1199 1978 τῇα
1221 1929 1258 1964 C.
1407 1930 1440 1964 3.
1466 1930 1526 1963 καὶ
1553 1928 1704 1973 scripsi:

346 1975 416 2016 κᾶν
441 1980 508 2016 CP.
646 1959 678 2016 6.
706 1965 890 2024 πολλάκης
915 1978 970 2023 0¹,
998 1967 1172 2017 πολλάκις
1196 1978 1250 2014 Οἳ.
1384 1979 1436 2013 10.
1462 1976 1527 2022 τις]
1553 1990 1583 2012 τι
1613 1978 1651 2012 in
1679 1977 1704 2011 C

346 2029 386 2063 in
407 2040 478 2064 ras.
504 2041 553 2065 m.
579 2030 613 2064 2.
762 2031 818 2063 11.
844 2025 1065 2074 ἀπήγγελλε]
1094 2028 1132 2061 ελ
1156 2028 1195 2062 in
1221 2026 1282 2063 C'
1273 2039 1313 2062 111
1339 2038 1412 2062 ras.
1439 2027 1547 2062 m.2.
1649 2026 1703 2060 12.

347 2073 534 2124 μελλήσας
557 2077 598 2118 P,
624 2073 789 2124 μελήσας
815 2076 853 2112 C.
1003 2076 1059 2111 19.
1087 2071 1321 2123 Κομανους]
1319 2072 1395 2112 miv
1396 2087 1457 2113 ους
1475 2075 1513 2109 in
1532 2073 1584 2109 C
1575 2086 1613 2108 m
1631 2085 1704 2109 ras

346 2137 394 2162 m.
423 2128 456 2160 2.
603 2125 662 2160 20.
688 2121 955 2170 Λανὶνοὺβεως
980 2124 1016 2159 C.

213 2236 283 2271 bus
301 2235 439 2282 dogma
464 2247 571 2271 suum
599 2235 826 2272 detestabile*
844 2235 988 2271 firmari
1013 2235 1228 2271 credebant,
1276 2234 1340 2270 sed
1366 2237 1404 2269 et
1430 2234 1563 2269 horum
1593 2235 1704 2280 pleri-

214 2296 286 2330 que
311 2284 501 2320 continuis
526 2284 766 2330 imperatoris
802 2284 1124 2331 disputa-tionibus
1157 2283 1510 2329 hortationibusque
1541 2284 1703 2319 convicti

214 2344 317 2368 sacro
343 2333 568 2379 baptismate
598 2333 868 2379 initiabantur3
903 2345 989 2368 nam
1016 2344 1037 2368 a
1061 2333 1183 2378 prima
1208 2333 1288 2367 luc-e
1327 2332 1374 2367 ad
1398 2332 1553 2366 multam
1597 2343 1704 2378 saepe

213 2384 360 2417 noctem
389 2381 572 2417 eiusmodi
598 2381 783 2428 colloquia
807 2383 1020 2428 impransus
1045 2381 1266 2427 plerumque
1290 2381 1535 2416 continuabat
1552 2381 1704 2416 aestatis

213 2432 381 2475 tempore
409 2430 447 2464 in
473 2429 633 2465 subdiali
658 2430 721 2465 ille
747 2430 898 2476 quidem
923 2429 1165 2466 tabernaculo
1191 2440 1441 2475 perseverans.

347 2479 379 2513 9.
430 2478 525 2513 Dum
551 2479 642 2514 haec
670 2482 855 2525 geruntur
893 2482 931 2514 et
955 2478 1077 2525 logica
1102 2479 1175 2513 ista
1211 2489 1295 2514 cum
1321 2477 1549 2513 Manichaeis
1575 2488 1702 2523 pugna

214 2525 359 2572 flagrat,
387 2526 536 2562 advolat
556 2527 720 2573 quidam,
747 2528 811 2573 qui
826 2528 872 2563 ab
891 2528 988 2563 Istro
1002 2527 1183 2562 Comanos
1208 2527 1396 2561 traiecisse
1422 2527 1584 2561 nuntiat.
1621 2530 1702 2560 tum

213 2574 291 2609 sine
318 2586 421 2610 mora
447 2575 653 2621 imperator
679 2575 892 2611 Danubium
925 2577 1022 2622 petit
1055 2575 1327 2621 assumptisque
1361 2575 1426 2620 qui
1458 2575 1496 2610 in
1513 2578 1702 2621 -promptu

214 2625 321 2657 erant
358 2623 542 2659 militibus
581 2624 745 2670 Bidynen
786 2624 987 2670 profectus,
1036 2636 1118 2660 cum
1156 2623 1337 2659 barbaros
1375 2635 1450 2659 non
1490 2624 1702 2668 invenisset,

214 2671 354 2716 quippe
378 2672 442 2717 qui
468 2673 619 2718 cognito
646 2673 885 2719 imperatoris
920 2673 1082 2708 adventu
1107 2673 1181 2707 iam
1215 2672 1315 2707 ultra
1341 2671 1497 2707 fluvium
1524 2675 1703 2707 retroces-

213 2719 356 2759 sissent
383 2720 555 2756 selectam
580 2721 766 2777 extemplo
802 2721 958 2756 fortium
984 2721 1152 2757 virorum
1179 2732 1328 2756 manum
1354 2721 1533 2756 barbaros
1559 2720 1700 2766 fugien-

213 2770 269 2802 tes
295 2769 466 2814 persequi
492 2769 606 2804 iubet.
657 2770 722 2815 qui
753 2769 889 2804 Istrum
919 2772 1046 2807 statim
1081 2769 1304 2816 transgressi
1337 2780 1379 2804 ac
1405 2771 1482 2804 tres
1507 2768 1586 2804 <lies
1612 2768 1700 2803 toti-

213 2815 370 2861 demque
394 2819 521 2851 noctes
563 2817 743 2853 Comanos
774 2818 945 2863 insecuti,
985 2819 1049 2853 ubi
1083 2829 1145 2853 eos
1176 2829 1321 2853 amnem
1363 2817 1561 2863 quemdam
1600 2809 1700 2851 ultra

212 2862 424 2899 Danubium
450 2864 626 2900 fluentem
661 2866 806 2901 ratibus
833 2867 1021 2902 traiecisse
1046 2866 1233 2909 viderunt,
1271 2877 1312 2901 re
1335 2866 1475 2901 infecta
1511 2865 1559 2901 ad
1586 2867 1699 2910 impe·

211 2915 376 2948 ratorem
401 2916 654 2948 1··.eve1tuutui·
703 2914 734 2948 is
772 2915 841 2949 etsi
869 2914 1022 2949 moleste
1044 2915 1145 2960 tulit,
1184 2915 1363 2950 barbaros
1400 2914 1448 2949 ab
1472 2914 1698 2950 exercitibus
1726 2922 1734 2941 τ
