1794 3132
215 200 299 244 458
739 209 918 244 ennom
947 209 1188 244 DUOANGII

172 329 202 363 B
352 319 594 379 Μάρτυρος
623 323 875 381 Δημητρίου
905 319 1032 378 ναός]
1066 323 1391 369 Celeberrimum
1415 326 1510 378 fuit,
1533 328 1574 370 et
1595 327 1706 382 apud

216 381 396 426 Graecos
436 382 693 438 Byzantinos
734 382 1124 424 decantatissimum
1161 381 1202 424 S.
1244 383 1447 426 Demetrii
1484 384 1704 439 Templum

215 439 594 490 Thessalonicense‚
627 440 677 482 (16
708 452 788 494 quo
829 439 983 493 passim
1014 437 1260 492 Scriptores,
1292 439 1418 483 Anna
1452 440 1525 483 lib.
1548 441 1586 483 5.
1626 441 1706 483 Ni-

178 511 180 517 *
215 497 326 539 cetas
373 495 417 537 in
462 496 623 538 Isaacio
669 495 741 538 lib.
769 497 804 537 1.
843 495 894 537 N.
918 496 956 537 5.
999 495 1269 538 Innocentius
1299 496 1379 540 III.
1410 497 1495 539 ΡΡ.
1536 497 1608 540 lib.
1639 498 1703 540 13.

214 553 289 607 Ep.
314 554 407 596 101.
434 553 525 594 151.
557 553 630 595 lib.
650 554 714 595 15.
746 552 820 606 Ep.
839 553 906 594 30.
930 552 971 593 et
991 552 1058 593 84.
1090 552 1333 605 praesertim
1360 566 1457 596 vero
1481 554 1533 596 ob
1558 566 1705 609 corpus

215 609 315 652 Divi
344 609 544 665 Martyris
576 609 620 651 in
649 622 694 651 eo
725 610 986 652 asservatum
1019 608 1059 650 et
1093 608 1269 661 cultum,
1307 623 1353 652 ex
1393 623 1474 665 quo
1507 610 1704 653 continuo

213 666 405 709 stillabat
434 666 574 721 liquor
601 665 799 709 sanandis
831 664 986 707 morbis
1017 665 1229 717 salutaris,
1270 667 1319 708 ut
1350 667 1428 709 hoc
1457 667 1549 710 loco
1580 668 1705 710 Anna

213 723 372 774 scribit,
405 723 515 776 quod
549 722 675 765 etiam
720 721 956 781 attigerunt
985 722 1162 764 Ioannes
1195 721 1440 767 Cameniata
1482 724 1532 767 de
1563 724 1704 767 Excid.

214 779 454 822 Thessalon.
493 792 581 833 cap.
605 780 644 822 2.
666 780 704 821 5.
728 780 765 820 6.
789 780 827 821 9.
868 778 1040 821 Nicetas
1077 778 1121 820 in
1155 779 1382 824 Andronic.
1423 780 1496 824 lib.
1522 782 1558 823 1.
1590 781 1642 823 N.
1666 782 1704 823 9.

213 836 413 891 Scylitzes
443 836 486 878 in
517 836 723 878 Michaele
752 835 958 890 Paphlag.
991 836 1186 890 Acropol.
1219 848 1307 891 cap.
1327 838 1395 879 45.
1429 837 1704 881 Cantacuzen.

212 894 284 936 lib.
310 895 345 936 1.
378 906 465 947 cap.
500 893 566 935 53.
598 893 737 935 Ducas
769 905 858 946 cap.
882 893 948 934 29.
980 893 1021 935 61
1052 893 1229 935 Ioannes
1262 895 1512 949 Anagnosta
1542 895 1592 937 de
1623 895 1704 937 Ex-

213 951 300 993 cisa
333 950 574 992 Thessalon.
609 962 697 1003 cap.
721 950 759 991 5.
797 951 838 991 et
863 950 926 991 16.
959 949 1063 991 Vide
1081 948 1324 994 Gretzerum
1355 951 1409 994 ad
1427 950 1704 995 Cantacuzen.

212 1020 305 1062 pag.
329 1007 427 1049 915.
445 1008 541 1049 916.
572 1007 613 1049 61
629 1006 863 1048 Historiam
886 1006 1074 1048 nostram
1092 1005 1416 1063 Gallo-Byzant.
1447 1008 1520 1052 lib.
1538 1010 1576 1052 2.
1598 1008 1652 1051 N.
1665 1008 1704 1050 4.

172 1078 198 1112 C
347 1062 413 1105 Δι’
448 1062 680 1117 ἐρυθρῶν]
714 1062 908 1105 Ρ111110613
938 1062 1106 1114 11116113,
1141 1064 1180 1105 61
1204 1077 1297 1106 011111
1314 1063 1706 1108 CinnabariBullas

212 1132 372 1172 aureae,
404 1121 444 1162 et
475 1120 686 1175 quaelibet
708 1119 953 1174 Diplomata
986 1120 1027 1162 et
1045 1119 1257 1174 Epistolas
1285 1122 1604 1166 subscribebant
1618 1122 1707 1164 Im-

211 1177 434 1232 peratores,
468 1177 608 1220 Const.
638 1176 877 1219 Manasses:

343 1226 412 1275 Ἑν
441 1228 690 1288 ἑρυθρώοις
720 1229 967 1288 γράμμασιν
992 1226 1126 1275 αὐτὸν
1159 1232 1432 1290 ἑσημειοῦτο.

213 1290 344 1342 Alibi,

347 1346 437 1389 Καὶ
457 1342 843 1403 πορφυρόβαπτος
863 1345 1024 1405 γραφὶς
1043 1344 1122 1406 τὴν
1143 1342 1304 1404 χάρτην
1325 1346 1580 1393 encambio.

212 1404 337 1459 Apud
359 1404 561 1455 eumdem,
583 1401 728 1461 γραφὴ
748 1402 1151 1463 ἑρυθροσήμαντος.
1184 1405 1346 1448 Pisides
1367 1406 1411 1448 in
1427 1407 1705 1450 Hexaemero:

346 1455 464 1502 Ἀλλ’
496 1457 751 1515 αὶματώσας
777 1458 882 1512 τοὺς
913 1457 1070 1514 ἑαυτφῢ
1104 1457 1343 1513 δακτύλους

345 1520 524 1574 Βαφαῖς
554 1516 769 1573 ἐρυθραῖς
797 1518 1036 1573 βασιλικῶς
1068 1515 1337 1576 ὑπογράφει.

211 1574 440 1631 Gregorius
470 1575 545 1617 XI.
577 1576 663 1618 ΡΡ.
705 1576 757 1619 ad
793 1576 937 1620 Ioann.
971 1576 1274 1631 Palaeologum
1304 1577 1411 1632 Imp.
1456 1577 1707 1632 Imperiales

210 1632 377 1675 litteras
405 1632 455 1675 de
484 1632 609 1675 rubeo
641 1632 788 1685 colore,
817 1638 855 1676 et
883 1637 929 1676 ut
953 1633 1186 1686 videbatur,
1219 1637 1293 1676 tua
1323 1648 1455 1678 manu
1486 1636 1534 1678 in
1565 1635 1706 1678 littera

211 1689 379 1732 Graeca
407 1690 606 1743 scriptas·
622 1690 875 1744 recepimus:
921 1690 1033 1745 apud
1054 1690 1284 1746 Wadding.
1316 1690 1398 1734 An.
1427 1701 1704 1736 MOCCLXXV.

208 1746 262 1789 N.
285 1747 324 1788 2.
368 1745 446 1789 Sed
476 1746 577 1789 haec
607 1747 721 1790 11016.
783 1746 843 1789 Α1
875 1760 982 1802 quae
1010 1747 1139 1790 fuerit
1168 1748 1252 1790 ista
1283 1749 1547 1804 subscriptio,
1580 1749 1622 1791 61
1651 1762 1705 1792 611

207 1803 481 1857 Imperatoris
512 1816 662 1846 nomen
704 1804 963 1858 expresserit,
994 1804 1113 1848 video
1143 1805 1415 1847 controverti.
1477 1805 1705 1860 Procopius

207 1860 252 1901 in
278 1859 388 1902 Hist.
413 1861 583 1902 Arcana
613 1860 746 1903 tradit
766 1860 978 1903 Iustinum
999 1861 1105 1915 Imp.
1139 1861 1322 1916 quatuor
1353 1862 1574 1906 literarum
1605 1863 1704 1905 cha-

207 1917 440 1959 racteribus
483 1917 800 1972 subscripsisse:
854 1930 962 1972 quae
1012 1918 1171 1960 fuerint
1219 1918 1338 1970 istae,
1384 1932 1466 1962 non
1513 1919 1704 1974 explicat.

207 1973 459 2016 Anastasius
495 1973 548 2016 ad
581 1974 677 2017 Act.
708 1985 755 2017 X.
789 1974 975 2018 Octavae
1007 1974 1163 2030 Synodi
1207 1975 1443 2030 subscripta
1474 1976 1704 2031 Imperato-

207 2043 300 2072 rum
331 2030 502 2073 nomina
536 2031 688 2074 diserte
718 2031 877 2074 scribit.
931 2032 1026 2075 Non
1054 2032 1197 2074 tamen
1230 2032 1469 2076 charactere
1490 2033 1703 2084 distincto,

206 2087 276 2129 sed
306 2087 471 2130 arcanis
502 2087 753 2141 quibusdam
776 2088 896 2131 nodis
918 2090 959 2131 61
980 2089 1340 2143 implicationibus
1361 2089 1581 2133 literarum
1603 2090 1702 2132 sub-

207 2144 456 2196 scribebant,
488 2144 628 2199 inquit
650 2145 928 2197 Alamannus,
958 2146 999 2188 et
1030 2147 1077 2188 ut
1097 2146 1224 2189 verbo
1258 2145 1407 2198 dicam,
1432 2147 1705 2202 Monogram-

207 2201 332 2252 mate,
364 2214 442 2255 quo
473 2215 623 2244 nomen
656 2203 795 2258 may-is
832 2203 1028 2258 intelliffl,
1068 2217 1193 2258 quam
1231 2203 1314 2258 Zeyi
1343 2207 1594 2257 promptum
1632 2207 1702 2255 est,

211 2259 255 2299 ut
284 2258 345 2300 ait
376 2258 651 2313 Symmachus
682 2259 755 2302 lib.
776 2261 813 2303 2.
848 2261 978 2314 Epist.
1005 2261 1068 2302 12.
1115 2260 1236 2303 Certe
1264 2261 1376 2315 apud
1407 2261 1579 2303 Latinos
1611 2261 1703 2303 Mo—

209 2315 511 2371 nogrammatis
543 2328 642 2358 usus
672 2316 992 2371 antiquissimus
1022 2317 1344 2372 deprehenditur
1374 2317 1417 2360 in
1449 2317 1704 2372 Diplomati-

207 2371 283 2412 bus
315 2371 584 2414 Summorum
615 2372 884 2426 Pontificum,
920 2375 1242 2428 Imperatorum,
1283 2375 1324 2416 61
1354 2374 1533 2430 Regum,
1573 2375 1620 2417 ut
1661 2375 1702 2417 et

206 2427 248 2468 in
281 2440 422 2470 eorum
454 2429 647 2472 Monetis.
693 2430 920 2473 Hrabanus
951 2431 1124 2474 Maurus
1151 2432 1258 2474 Abb.
1291 2431 1412 2474 Fuld.
1443 2432 1517 2475 lib.
1552 2432 1601 2474 (16
1630 2432 1702 2474 In-

210 2485 401 2527 ventione
431 2485 716 2540 Linguarum:
759 2487 949 2531 Litterae
983 2488 1338 2544 Monoyrammae
1371 2489 1557 2543 scriptae
1596 2502 1700 2531 606-

206 2540 338 2584 nullis
357 2543 403 2584 in
425 2542 527 2585 locis
547 2544 831 2596 inveniantur,
863 2545 934 2588 ubi
955 2547 1133 2599 pictura·
1155 2560 1247 2588 cum
1267 2559 1435 2589 musaeo
1464 2546 1511 2588 in
1538 2547 1703 2599 pariete

206 2599 420 2652 imayiriis,
469 2604 541 2642 aut
588 2601 636 2642 iii
678 2601 792 2656 velie,
835 2602 898 2644 vel
937 2602 1093 2645 alicubi
1141 2603 1267 2646 aliter
1307 2603 1425 2655 facta
1465 2603 1610 2656 fuerit,
1641 2603 1702 2645 ibi

206 2668 348 2697 eorum
389 2657 561 2699 606666
607 2671 699 2700 cum
745 2660 935 2712 conaeric
978 2659 1199 2702 literarum
1243 2673 1374 2702 imum
1419 2660 1701 2703 characterem

198 2712 385 2764 pictores
409 2713 551 2765 facere
576 2714 691 2756 soliti
720 2719 831 2767 sunt,
853 2717 963 2770 quod
983 2717 1316 2772 Morioyramma
1337 2717 1506 2760 dicitur.
1541 2716 1697 2759 Charta

206 2768 347 2822 Pipini
378 2770 408 2811 I.
443 2769 566 2822 Regis
587 2771 733 2825 Aquit.
766 2773 877 2826 apud
899 2773 1110 2816 Beslium:
1150 2773 1202 2817 Ut
1232 2777 1370 2816 autem
1399 2773 1496 2816 haec
1529 2777 1700 2817 nostrae

206 2823 494 2868 Excellentiae
513 2828 746 2871 auctoritas
770 2829 1031 2873 inviolabilis
1051 2834 1089 2873 et
1108 2831 1360 2874 inconcussa
1380 2830 1496 2874 omni
1516 2834 1699 2884 tempore
