1812 3184
294 226 317 269 7
323 229 348 271 8
805 234 970 273 ΑΝΝΑΕ
998 231 1266 271 coMNENAE

297 361 442 417 δρᾶμα
473 361 549 416 τῆς
578 355 834 413 προδοσίας
894 349 1133 410 οἷπόρρητα
1172 348 1251 408 γὰρ
1293 354 1391 403 τοῖς
1421 350 1615 403 Κελτοῖς
1650 347 1676 394 ὁ
1715 352 1791 405 βα·

299 425 446 481 σιλεὺς
478 421 641 487 η’θελεν
669 421 778 469 εἶναι
813 421 867 467 τὰ
910 419 1033 504 παρὰ
1071 423 1150 464 τοῦ
1184 419 1493 476 Βουτουμίτου
1535 415 1797 475 οἰκονομού-

299 513 419 553 μενα.
483 499 537 556 τῇ
565 494 612 539 δὲ
643 497 737 550 μετ’
766 488 906 550 αυτὴν
934 507 986 535 το
1020 487 1218 534 ἐνυάλιον
1248 483 1545 544 οἷλαλάξαντες
1574 487 1624 543 ἐξ
1652 485 1796 531 ἐκατέ-

258 573 380 622 Βρου
409 565 571 621 με’ροις
597 566 674 623 τῆς
703 563 891 613 πόλεως,
926 560 1104 604 εκεῖθεν
1130 558 1211 614 μὲν
1239 555 1311 602 διὰ
1341 560 1421 616 τῆς
1452 552 1642 616 ἠπείρου
1665 555 1795 600 ἐκθυ-

299 631 490 690 μότερον
537 650 577 676 οι
625 631 789 675 Κελτοὶ
837 633 915 690 τῆς
959 627 1221 685 πολιορκίας
1266 623 1452 681 ει’χοντο,
1506 623 1641 670 ἔνθεν
1689 625 1726 668 δ’
1773 622 1812 667 ὁ4

301 701 605 759 Βοιτουμίτης
632 699 695 753 εἷς
724 697 803 752 τὰς
832 697 1041 753 ἐπάλξεις
1074 691 1362 753 ἀνεληλυθώς
1401 694 1473 738 καὶ
1503 711 1560 739 τα
1594 707 1799 754 σκηπτρα

299 771 371 814 καὶ
401 787 484 822 τας
515 769 704 828 σημαίας
742 768 849 824 περὶ
886 764 941 810 τὰ
980 765 1102 822 τείχη
1141 761 1418 824 καταστήσας
1458 760 1571 820 μετὰ
1608 763 1799 819 βυκίνων

300 840 372 883 καί
404 839 656 895 σαλπίγγων
685 832 930 895 ανευφήμει
959 852 1037 879 τον
1079 852 1133 877 αι
1136 849 1398 890 τοκρατορα
1467 831 1541 875 καὶ
1577 829 1720 883 ου’τως
1746 847 1798 873 το

297 904 541 963 Ῥωμαϊκὸν
566 904 686 950 ἅπαν
714 902 963 962 στράτευμα
994 901 1101 948 εἷ’σω
1134 901 1321 955 Νικαίας
1349 897 1646 959 εἰσεληλύθει.
1695 917 1718 942 ο
1751 899 1799 943 δὲ

304 975 607 1033 Βουτουμίτης
646 972 702 1019 τὰ
745 973 900 1033 πλήθη
941 975 1030 1016 τῶν
1063 972 1250 1015 Κελτῶν
1289 966 1516 1028 γινώσκων
1545 969 1620 1013 καὶ
1647 965 1720 1013 διὰ
1747 965 1799 1011 τὸ

302 1047 382 1102 τῆς
421 1042 594 1102 γνώμης
633 1039 777 1087 αὖτῶν
823 1040 1032 1098 ἀβέβαιον
1074 1041 1146 1084 καὶ
1176 1037 1228 1084 τὸ
1268 1042 1347 1097 τῆς
1378 1036 1518 1097 ὁρμῆς
1546 1033 1800 1082 ἀκάθεκτον

303 1110 537 1166 ὑπόπτους
579 1111 691 1168 ἔχων
729 1107 899 1165 αὐτούς,
940 1109 999 1171 μὴ
1041 1107 1326 1162 εἰσελθόντες
1364 1103 1491 1153 αὐτοὶ
1527 1106 1579 1152 τό
1609 1109 1800 1163 κάστρον

146 1184 191 1221 V.
218 1185 288 1220 249
303 1179 588 1237 κατάσχωσιν,
622 1179 738 1237 ὁρῶν
770 1183 817 1226 δε
855 1181 926 1224 καὶ
957 1178 1060 1233 τοὺς
1092 1176 1215 1232 ἐντος
1253 1175 1484 1236 σατράπας
1525 1195 1701 1231 ικανους
1730 1171 1799 1222 όν-

300 1267 378 1303 τας
420 1267 536 1307 προς
574 1268 624 1310 ην
664 1245 796 1303 αὗτος
827 1267 916 1305 ειχε
948 1246 1142 1331 δύναμιν,
1178 1247 1215 1292 εἰ
1255 1245 1393 1303 μόνον
1431 1243 1686 1305 θελήσαιεν,
1729 1246 1801 1289 καὶ

261 1320 481 1375 Οδεσμεῖν
504 1319 576 1363 καὶ
608 1315 819 1377 σφάττειν
850 1320 1050 1370 δυνατῶς
1077 1316 1270 1372 ἔχοντας,
1295 1333 1373 1369 τας
1392 1316 1512 1368 κλεῖς
1532 1310 1671 1367 ευθῦς
1701 1331 1800 1358 ανα-

302 1384 571 1443 λαμβάνεται
603 1389 681 1446 τῆς
713 1384 867 1444 πύλης
938 1404 1017 1443 μια
1047 1403 1126 1443 γαρ
1160 1385 1271 1438 τέως
1300 1375 1352 1442 ἦν
1391 1381 1418 1442 ἦ
1461 1400 1640 1441 εισαγοι
1643 1399 1700 1427 σα
1730 1382 1802 1426 καὶ

303 1453 514 1513 ἐξάγουσα
561 1459 650 1499 τῶν
682 1451 827 1499 ι’ίλλων
859 1455 1271 1512 προκεκλεισμένων
1307 1421 1379 1497 διὰ
1418 1450 1497 1498 τὸν
1536 1450 1683 1512 φόβον
1711 1454 1802 1495 τῶν

304 1524 640 1581 παρακειμένων
673 1525 870 1568 Κελτῶν.
928 1522 1012 1576 τοὶς
1043 1524 1164 1575 κλεῖς
1192 1522 1341 1566 τοίνυν
1382 1521 1565 1580 ταυτησὶ
1603 1523 1685 1579 τῆς
1716 1521 1802 1564 πύ-

301 1593 378 1649 λης
407 1588 542 1644 αὔτός
575 1590 688 1647 ἔχων
739 1594 833 1636 δεῖν
873 1592 1101 1650 ἐλογίσατο
1139 1588 1244 1643 τοὺς
1283 1587 1514 1647 σατράπας
1554 1586 1628 1633 διὰ
1656 1592 1800 1645 μεθο-

302 1660 422 1713 δείας
452 1661 705 1714 ἐλαττῶσαι,
758 1661 812 1703 ἵν’
859 1659 936 1718 ἔχῃ
979 1657 1166 1711 τούτους
1211 1658 1375 1718 ῥᾳδίως
1405 1657 1798 1715 καταγωνίζεσθαι,

303 1726 363 1781 ῶς
392 1726 452 1787 μή
487 1746 530 1772 τι
562 1726 707 1773 δεινὸν
736 1730 829 1772 κατ’
861 1726 997 1772 αὐτοῦ
1027 1724 1326 1787 μελετήσαιεν.
1395 1723 1803 1783 μεταπεμπόμενος

300 1795 448 1839 τοίνυν
476 1791 636 1849 αὐτοὺς
667 1794 952 1853 συνεβούλευε
984 1795 1105 1853 πρός
1133 1794 1212 1840 τὸν
1242 1791 1549 1853 αὐτοκράτορα
1585 1788 1800 1849 ἀπέρχεσ-

302 1869 397 1918 θαι,
441 1863 479 1909 εἰ
522 1863 753 1919 βούλοιντο
799 1862 947 1909 πολλά
997 1882 1045 1908 τε
1082 1862 1282 1923 χρήματα
1321 1864 1499 1909 ἐκεῖθεν
1536 1863 1689 1919 λαβεῖν
1727 1861 1802 1905 καὶ

303 1935 431 1991 τιμῆς
462 1927 710 1992 ἀξιωθῆναι
740 1934 947 1991 μεγίστης
991 1933 1064 1977 καὶ
1096 1932 1298 1991 ἐτησίους
1327 1934 1598 1991 τυπωθῆναι
1630 1931 1806 1990 φιλοτι-

440 2049 473 2084 8.
501 2045 594 2084 οὕτω
621 2049 664 2085 Α.
817 2050 872 2084 14.
899 2048 975 2096 εἶχε
1001 2048 1044 2094 F,
1074 2048 1175 2096 εἶχεν
1199 2048 1240 2085 Ρ.

303 2170 400 2207 enim
427 2171 645 2217 imperator,
683 2174 727 2206 ut
753 2183 847 2217 quae
872 2171 1162 2208 instituerentur
1181 2184 1202 2208 a
1218 2172 1414 2208 Butumite
1428 2171 1554 2207 Gallos
1579 2169 1802 2207 celarentur.

303 2220 430 2276 itaque
444 2231 528 2255 cum
543 2220 727 2265 postridie
741 2232 877 2267 magno
888 2220 1049 2256 clamore
1059 2222 1254 2268 utrimque
1264 2221 1412 2257 sublato
1421 2219 1518 2256 Galli
1532 2222 1665 2255 aterra
1677 2230 1804 2255 muros

305 2269 487 2304 acerrime
511 2271 750 2313 temptarent.
776 2281 859 2305 ecce
874 2269 1086 2306 Butumites
1112 2271 1261 2306 subito
1252 2283 1290 2306 m
1309 2268 1604 2316 propugnaculis
1627 2267 1805 2314 apparuit

304 2321 523 2363 sceptraque
559 2320 596 2352 et
631 2318 737 2363 signa
756 2317 924 2353 Romana
951 2320 988 2353 in
1015 2323 1133 2354 muris
1158 2319 1299 2376 ubique
1316 2318 1434 2365 figens
1448 2318 1671 2354 bucinarum
1697 2317 1805 2352 tuba-

305 2377 462 2411 rumque
475 2368 656 2401 concentu
672 2367 935 2412 imperatorem
954 2368 1191 2404 acclamavit.
1207 2369 1333 2414 sicque
1343 2366 1803 2403 universusRomanorum

305 2415 490 2450 exercitus
503 2413 676 2450 Nicaeam
697 2416 867 2451 intravit.
884 2416 947 2451 sed
958 2416 1168 2452 Butumites
1183 2418 1336 2464 cognita
1352 2416 1499 2463 ingenti
1510 2414 1702 2452 Gallorum
1712 2414 1805 2449 mul·

305 2463 479 2509 titudine,
503 2464 591 2509 quia
610 2467 766 2509 propter
786 2464 975 2500 levitatem
990 2465 1226 2511 impetusque
1244 2465 1517 2502 vehementiam
1534 2475 1597 2499 eos
1615 2467 1804 2509 suspectos

307 2511 448 2557 habuit,
465 2512 629 2558 cavebat,
651 2524 699 2548 ne
718 2515 878 2558 inglessi
900 2525 1020 2549 arcem
1043 2517 1294 2560 occuparent;
1318 2525 1404 2550 cum
1418 2525 1507 2550 vero
1523 2512 1732 2548 Turcarum
1749 2523 1803 2547 sa-

304 2564 442 2606 trapas,
468 2573 532 2606 qui
523 2560 698 2597 Nicaeae
717 2565 836 2606 erant,
854 2565 912 2598 tot
931 2563 1048 2608 copiis
1061 2562 1266 2598 instructos
1280 2562 1609 2605 animadverteret,
1623 2564 1678 2606 ut,
1691 2560 1803 2597 modo

304 2609 454 2653 vellent,
476 2609 583 2644 facile
613 2610 811 2650 Romanos,
837 2612 901 2656 qui
930 2622 1045 2657 parvo
1074 2618 1230 2647 numero
1248 2615 1371 2656 erant,
1393 2610 1536 2647 vincire
1560 2613 1801 2656 mactareque

305 2660 466 2703 possent,
495 2659 653 2704 sumpsit
679 2659 751 2694 sibi
778 2659 897 2694 claves
926 2663 1069 2705 portae,
1106 2672 1200 2706 quae
1233 2660 1315 2695 aliis
1355 2660 1403 2695 ob
1428 2659 1622 2695 Gallorum
1659 2661 1801 2694 metum

303 2706 460 2741 occlusis
485 2718 559 2740 una
596 2710 686 2742 tunc
726 2708 891 2752 patebat.
938 2708 1042 2744 cuius
1068 2708 1188 2754 igitur
1212 2712 1346 2754 portae
1374 2708 1495 2744 claves
1520 2719 1605 2743 cum
1634 2707 1800 2752 haberet,

305 2758 540 2800 satraparum
564 2767 763 2790 numerum
783 2759 864 2791 arte
885 2757 1053 2792 minuere
1071 2757 1226 2792 adortus
1253 2760 1320 2803 est,
1339 2760 1381 2792 ut
1395 2756 1504 2793 facile
1529 2767 1592 2792 eos
1612 2767 1802 2803 superare,

304 2815 351 2838 ne
378 2803 469 2849 quid
496 2803 582 2837 mali
608 2807 738 2839 contra
766 2816 803 2839 se
824 2805 1110 2850 meditarentur,
1135 2809 1269 2851 posset.
1310 2806 1446 2852 quibus
1463 2804 1652 2841 arcessitis
1673 2808 1803 2841 auctor

305 2851 390 2896 fuit,
417 2854 461 2887 ut
486 2851 750 2896 imperatorem
789 2852 938 2888 adirent
971 2854 1222 2901 pecuniasque
1258 2855 1396 2890 multas
1424 2854 1642 2900 acciperent
1666 2857 1706 2890 et
1738 2853 1804 2889 ho-

305 2911 414 2936 nores
457 2911 619 2935 summos
643 2902 883 2947 praemiaque
917 2913 1045 2937 annua
1079 2903 1338 2948 impetrarent.
1377 2903 1417 2939 id
1455 2903 1643 2949 persuasit
1671 2902 1812 2938 'rumis
