1734 3120
200 238 248 279 31
257 238 281 278 6
704 245 868 279 ANNAE
899 245 1164 280 COMNENAE

197 359 463 406 Μονολύκου
509 356 832 415 ἀποσταλέντες
874 361 983 405 κατὰ
1026 360 1077 406 τὸ
1123 360 1319 407 Λολύλον
1363 364 1681 421 ἐνδιατρίβουσι

197 428 352 475 καὶτὰ
383 432 464 489 τῆς
506 432 690 484 Νικαίας
727 432 849 490 μέρη,
894 431 962 490 ἐφ’
1005 423 1041 489 ᾧ
1084 429 1163 489 τὴν
1208 427 1343 476 αὐτοῦ
1389 437 1683 489 περισκοπεῖν

198 497 368 544 ἔλευσιν
398 501 470 544 καὶ
499 498 576 552 τὰς
607 501 710 556 περὶ
739 495 873 544 adzo&
905 504 968 558 τῷ
999 497 1256 559 Μονολύκῳ
1288 499 1454 546 διδόναι
1488 506 1683 557 συνεχεῖς

197 564 397 626 εἰδήσεις,
431 570 608 613 Λέοντα
637 569 716 624 μὲν
756 566 833 612 τὸν
864 569 1097 626 Νικερίτην
1139 566 1251 625 μετὰ
1293 573 1383 614 τῶν
1430 567 1504 613 ὕπ’
1552 567 1684 614 αὐτόν

43 641 86 676 V.
114 633 424 692 368δυνάμεων
453 636 517 690 εἷς
552 635 603 680 τὸ
633 634 873 681 Λοπάδιον
916 638 1159 696 πέπομφεν
1201 638 1475 695 ἐγρηγορέναι
1518 657 1566 683 τε
1613 637 1720 683 διὰ5

197 703 363 758 παντὸς
394 703 832 762 παρακελευσάμενος
865 706 937 749 καὶ
967 702 1043 758 τὰς
1080 700 1313 764 οῗμφόδους
1348 707 1574 764 ἐπιτηρεῖν
1612 708 1684 752 καὶ

154 770 314 818 Βᾶτταή
336 772 388 834 δὴ
418 774 522 831 περὶ
552 776 642 817 τῶν
677 771 883 831 Τουρκων
908 774 1041 830 γνοίη,
1072 777 1214 817 ταῦτα
1235 772 1307 818 διὰ
1324 778 1506 833 γραφιῦν
1526 777 1684 833 δηλοῦν

195 837 339 901 αὐτῷ·
371 840 422 886 τὸ
453 843 501 887 δὲ
532 843 768 887 ἐπίλοιπον
798 840 1047 905 στράτευμα
1086 843 1130 886 ἐν
1162 843 1408 899 ἐπικαίροις
1436 845 1685 900 καταθέμε-

196 930 270 965 νος
301 910 461 964 τόποις
490 913 642 970 διέγνω
669 912 842 967 βέλτιον
863 907 974 956 εἶναι
1003 912 1157 971 μηκέτι
1185 909 1297 956 κατὰ
1325 914 1404 957 τοῦ
1442 910 1682 958 σουλτάνου

194 984 355 1035 χωρεῖν
399 979 720 1036 στοχαζόμενος
761 978 865 1033 τους
911 981 1142 1034 σωθέντας
1184 978 1435 1038 βαρβάρους
1476 981 1555 1041 τὴν
1590 982 1683 1026 κατ’
1702 990 1734 1024 1(

194 1044 339 1094 αὐτῶν
370 1047 509 1110 ὁρμὴν
541 1047 969 1107 διακηρυκευσασθαι
998 1053 1094 1103 τοῖς
1124 1048 1234 1094 κατὰ
1263 1048 1342 1109 τὴν
1360 1046 1515 1095 Ἀσίαν
1543 1048 1684 1095 ἅπασι

198 1115 423 1172 Τούρκοις,
475 1115 537 1170 ὠς
579 1118 624 1162 ἐν
668 1115 902 1178 διαφόροις
946 1117 1278 1177 ἐντετυχηκότες
1321 1123 1419 1173 τοῖς
1451 1118 1685 1176 Ῥωμαίοις

192 1187 508 1242 προσέβαλλον,
548 1184 609 1239 (ὃς
651 1188 875 1243 καρτερῶς
912 1181 1190 1245 ἀντέστησαν,
1235 1186 1298 1242 ὦς
1334 1186 1600 1248 ἡττηθέντες
1643 1185 1684 1232 οῖ

192 1255 271 1311 μὲν
304 1253 516 1309 ἑάλωσαν,
551 1253 591 1300 οἳ
614 1255 661 1300 δὲ
690 1251 983 1315 ἀνῃρέθησαν,
1009 1251 1148 1314 ὀλίγοι
1169 1258 1308 1302 δὲκαὶ
1335 1259 1685 1314 τραυματισθέν-

193 1341 266 1376 τες
306 1320 553 1382 οἷπῴχοντο,
602 1320 683 1369 κᾶκ
725 1323 884 1369 τούτου
930 1323 1178 1383 διαγνόντες
1217 1325 1295 1387 τὴν
1337 1322 1473 1371 αι’-τοῦ
1515 1326 1685 1372 ἕλευσιν
1702 1334 1734 1367 li

153 1389 235 1436 Coi
266 1389 482 1449 βάρβαροι
514 1394 787 1450 πορρωτέρω
818 1395 892 1438 καὶ
932 1389 1069 1438 αιῗτοῧ
1098 1389 1277 1439 Ἷκονιόυ
1319 1393 1574 1453 γενήσονται
1613 1395 1686 1439 καὶ

192 1461 496 1513 κενόσπουδος
524 1457 643 1519 αὗτῴ
675 1461 700 1519 ἡ
730 1459 903 1520 σπουδὴ
935 1462 1118 1520 γένηται.
1198 1460 1270 1507 διὰ
1310 1464 1446 1506 τα”τα
1486 1463 1683 1520 στρέψας

191 1525 308 1580 τούςΔ
324 1530 525 1583 χαλινοὺς
556 1527 628 1574 διὰ
656 1533 733 1590 τῆς
766 1534 976 1574 Βιθυνῶν
1005 1528 1087 1586 τήν
1109 1529 1409 1589 Νικομήδειαν
1435 1532 1681 1586 κατέλαβεν,

191 1596 245 1639 ἵν’
279 1597 486 1641 ἐντεῦθεν
515 1593 844 1651 ἀπελπίσαντες
881 1597 961 1657 τήν
989 1601 1081 1643 κατ’
1112 1595 1258 1644 αὐτῶν
1297 1600 1464 1659 ἔφοδον
1505 1600 1685 1644 ἐπανέλ-

193 1668 323 1708 θοιεν
353 1664 548 1719 ἕκαστος,
582 1658 721 1724 οὗπερ
739 1666 817 1727 τὴν
840 1666 1009 1726 οἴκησιν
1040 1665 1264 1725 πρότερον
1286 1669 1552 1726 ἐπεποίητο·
1576 1666 1688 1713 ἐπὰν
1700 1673 1734 1707 2(

193 1732 240 1776 δὲ
269 1727 670 1794 ἆποθαρρήσαντες
714 1727 848 1789 αὖθις
893 1735 958 1789 εἷς
1006 1735 1237 1797 προνομὴν
1280 1738 1584 1790 σκεδασθεῖεν,
1626 1735 1687 1790 ὥς

195 1798 307 1854 ἔθος
339 1805 436 1854 τοῖς
471 1799 696 1860 Τούρκοις,
730 1805 805 1848 καὶ
835 1802 975 1858 αὐτὸς
1005 1803 1029 1850 ὁ
1063 1802 1302 1858 σουλτάνος
1343 1807 1422 1851 τοῦ
1463 1806 1685 1862 προτέρου

327 1919 381 1952 12.
409 1918 449 1953 ἐν
473 1915 668 1965 διαφόροις
690 1916 843 1960 ronow?
869 1922 896 1957 ἒ.
918 1922 951 1957 δ.
976 1921 1143 1967 καιροΐςῖ
1280 1922 1335 1956 13.
1363 1921 1621 1967 προσέβαλλον
1647 1920 1685 1966 G,

325 1968 560 2012 προσέβαλον
584 1968 624 2003 P.
733 1970 790 2004 15.
817 1966 1015 2017 ἀπώχοντο
1044 1970 1082 2015 C,
1107 1966 1300 2005 ἀπώλοντο
1326 1969 1366 2004 Ρ.
1465 1969 1608 2005 {Aevom
1632 1969 1685 2012 (in

324 2026 398 2061 mg.
418 2027 466 2050 m.
489 2017 505 2049 1
536 2029 593 2062 γρ.
624 2017 831 2064 ἒπέλευσιν)
849 2018 886 2063 C,
914 2020 1107 2054 ἕπε’λευσιν
1121 2018 1159 2054 Ρ.
1297 2020 1353 2054 17.
1379 2014 1633 2056 κενόσπουδος
1645 2017 1686 2064 P,

326 2060 583 2100 κενόσπουδον
610 2065 647 2101 C.
796 2068 852 2102 21.
869 2068 1134 2114 ,σχεδασθεῖεν
1162 2067 1229 2112 ΟΡ,
1259 2067 1414 2103 correxi.

189 2171 391 2213 advenisse,
416 2173 478 2208 sed
503 2186 640 2219 paucos
667 2178 816 2211 tantum
850 2189 871 2212 a
897 2177 1093 2224 Monolyeo
1126 2178 1350 2223 praemissos
1384 2188 1461 2212 esse
1489 2176 1588 2212 circa
1613 2176 1684 2212 Do-

189 2220 307 2266 lylum
332 2221 592 2269 Nicaeamque,
617 2224 682 2269 qui
710 2225 825 2270 ipsius
868 2225 1070 2262 adventum
1112 2226 1394 2272 specularentur
1434 2227 1472 2260 et
1507 2225 1687 2261 continua

191 2269 237 2304 de
278 2281 321 2304 eo
360 2270 500 2306 indicia
538 2271 734 2318 Monolyeo
776 2275 994 2320 mitterent3
1037 2277 1268 2321 quapropter
1291 2274 1455 2310 Leonem
1480 2272 1684 2310 Niceritam

192 2329 276 2353 eum
301 2318 419 2363 copiis
453 2320 528 2354 suis
554 2320 766 2366 Lopadium
793 2322 968 2368 dimittit,
1000 2335 1111 2369 quem
1140 2324 1298 2370 vigilare
1329 2322 1528 2368 aditusque
1565 2325 1687 2358 eusto-

192 2365 273 2401 dire
298 2368 336 2401 et
361 2378 456 2411 quae
482 2368 528 2403 de
554 2369 686 2405 Turcis
713 2372 968 2417 comperisset,
1000 2384 1067 2417 per
1093 2372 1239 2407 litteras
1265 2371 1337 2407 sibi
1361 2370 1539 2406 nuntia-re
1565 2371 1684 2406 iussit.

190 2414 374 2460 reliquum
401 2417 605 2453 exercitum
636 2419 701 2453 ubi
727 2419 766 2454 in
793 2420 884 2455 loeis
902 2421 1128 2466 opportunis
1147 2420 1356 2461 collocavit,
1398 2419 1514 2455 satius
1552 2419 1686 2455 habuit

189 2474 265 2498 non
291 2463 450 2508 amplius
488 2465 527 2499 in
570 2466 755 2502 sultanum
803 2468 972 2509 educere,
1016 2470 1206 2515 suspicans
1245 2469 1428 2504 barbaros
1468 2469 1687 2512 superstites

190 2510 305 2546 eladis
331 2523 417 2547 suae
445 2512 580 2549 famam
608 2516 782 2551 omnibus
798 2528 865 2562 per
886 2516 1012 2552 Asiam
1027 2517 1159 2553 Turois
1185 2517 1425 2553 nuntiaturos
1450 2527 1547 2552 esse:
1568 2517 1686 2551 variis

191 2570 267 2594 sese
295 2560 386 2595 locis
412 2573 496 2596 eum
524 2562 700 2598 Romanis
727 2564 940 2606 conflixisse
969 2577 1012 2602 ac
1041 2566 1224 2602 restitisse
1257 2565 1420 2607 fortiter,
1454 2564 1573 2600 victos
1598 2576 1685 2600 vero

191 2606 283 2642 alios
307 2612 445 2653 captos,
473 2610 564 2646 alios
590 2612 808 2648 interfectos
827 2625 916 2657 esse,
931 2626 1069 2660 paucos
1090 2626 1178 2650 vero
1193 2626 1327 2660 eosque
1346 2613 1560 2648 vulneratos
1579 2613 1683 2648 ausu·
1732 2621 1734 2623 ’

191 2655 305 2700 gisse;
322 2656 375 2691 sio
390 2658 541 2703 cognito
559 2660 677 2704 ipsius
695 2661 859 2697 adventu
874 2663 1055 2698 barbaros
1070 2666 1175 2698 trans
1190 2663 1358 2699 Iconium
1379 2673 1589 2697 recessuros
1614 2673 1690 2697 esse

191 2714 417 2750 operamque
445 2718 548 2741 suam
574 2708 721 2744 irritam
749 2710 840 2745 fore.
889 2713 1018 2757 itaque
1043 2715 1190 2747 mutato
1216 2712 1352 2746 itinere
1377 2721 1445 2756 per
1471 2709 1687 2755 Bithyniam

190 2751 446 2788 Nicodemiam
474 2766 511 2789 se
538 2757 711 2802 contulit,
747 2761 790 2793 ut
816 2759 960 2794 nullum
986 2761 1146 2805 amplius
1179 2760 1360 2805 impetum
1397 2759 1573 2793 timentes
1606 2759 1689 2793 bar-

190 2800 274 2834 bari
299 2812 434 2840 omnes,
462 2803 526 2838 ubi
553 2808 662 2840 antea
688 2805 859 2852 fuissent,
887 2819 930 2843 eo
955 2808 1144 2854 redirent;
1171 2809 1229 2843 sin
1248 2820 1336 2843 vero
1366 2806 1528 2852 receptis
1555 2807 1688 2849 animis
1732 2821 1734 2823 ’

192 2847 335 2884 Tui-eae
362 2861 426 2885 suo
452 2863 555 2887 more
581 2852 740 2899 dispersi
767 2855 814 2890 ad
841 2856 999 2901 praedas
1026 2868 1063 2892 se
1103 2858 1303 2893 vertissent
1347 2855 1395 2891 ad
1423 2855 1688 2901 inceptumque
1724 2859 1734 2884 ’ἐ

193 2899 303 2933 antea
329 2908 422 2945 opus
449 2899 617 2936 sultanus
649 2902 832 2944 rediisset,
867 2904 947 2952 ipse
975 2905 1161 2942 militibus
1187 2905 1327 2942 nostris
1360 2903 1511 2952 paulum
1539 2903 1688 2940 refectis
1716 2901 1734 2950 ξ

1721 2974 1734 3036 Ξ

1717 3036 1734 3120 Ξ
