1734 3120
203 217 284 258 262
710 224 876 258 ANNAE
906 222 1171 257 OOMNENAE

160 337 321 392 Οὸλοις
352 335 633 396 ἐξαπορήσας
665 337 736 381 καὶ
766 330 885 379 ἄκων
912 339 1010 389 τοῖς
1040 333 1277 396 φεύγουσιν
1305 339 1459 384 εἵπετο
1482 340 1554 384 καὶ
1573 338 1690 396 πρὸς

197 398 277 467 τὴν
307 406 533 465 εἰρημένην
578 402 711 450 πόλιν
750 406 823 448 καὶ
865 395 995 458 οὗτος
1037 400 1437 463 ἅπεδραπέτευσεν.
1511 406 1534 452 ὁ
1565 409 1613 453 δέ
1642 426 1688 466 γε

201 475 503 533 Βουτουμίτης
535 471 755 518 εἰσελθών
780 471 843 525 εἰς
879 470 957 525 τὰς
987 474 1222 530 Κυπρίους
1259 473 1453 533 τριήρεις
1495 478 1690 533 (δυοκαί-

199 546 303 589 δεκα
334 542 381 588 δὲ
410 535 517 602 ἦσαν
547 539 591 585 αἶ
613 543 771 595 πᾶσαι)
800 542 872 585 καὶ
900 542 1173 597 παραπλέων
1202 541 1280 595 τὰς
1307 537 1442 597 ἀκτὰς
1469 547 1547 602 τῆς
1576 542 1692 602 πρὸς

198 610 250 657 τὸ
273 606 384 655 ”Ans
415 607 638 670 φερούσης
675 613 798 654 κεῖθι
839 608 919 653 τὸν
950 611 1224 655 Βαλόοϊῖνον
1262 610 1589 668 καταλαμβάνει
1618 614 1723 658 καὶὸ

198 678 372 724 ἅπαντα
414 682 647 738 τηνικαῦτα
691 673 962 738 ἀπήγγειλεν,
1011 675 1162 723 ὁπόσα
1193 676 1216 723 ὃ
1249 675 1538 740 αὐτοκράτωρ
1575 679 1691 738 πρὸς

198 746 331 792 αὐτὸν
371 743 631 804 ἀπαγγεῖλαι
677 744 1054 802 παρεκελεύσατο·
1108 748 1459 804 προσεπιβαλών
1503 750 1550 794 δὲ
1593 754 1690 803 τοῖς

198 814 344 874 λόγοις
372 816 444 859 καὶ
480 813 560 860 τόν
599 815 782 871 βασιλέα
818 816 942 872 μέχρι
981 817 1239 870 Σελευκείας
1278 817 1518 876 ἐφθακέναι
1555 817 1688 876 ἔλεγε.

197 882 249 929 τὸ
281 885 328 928 δὲ
359 878 443 940 ἄρα
470 879 636 940 ἀληθὲς
663 883 742 937 μέν
769 879 847 927 οὔκ
882 875 944 943 ἦν,
979 879 1089 927 ἄλλά
1110 900 1177 937 τις
1208 881 1449 941 οἰκονομία,
1485 886 1538 929 ἵν’
1571 884 1687 930 οὕτω

199 950 454 1012 καταπλήξῃ
485 950 562 995 τὸν
591 949 819 1009 βάρβαρον
856 953 928 996 καὶ
961 951 1066 1008 ταχυ
1107 949 1310 1015 ἀπολύσῃ
1342 955 1519 999 ἐκεῖθεν
1544 951 1688 999 αὐτόν.
1706 967 1734 1000 1⁴

199 1017 312 1067 οἷλλοέ
344 1019 395 1064 τὸ
422 1022 568 1077 δρᾶμα
596 1018 675 1064 τὸν
705 1021 979 1065 Βαλδουῖνον
1017 1018 1096 1065 οὔκ
1127 1020 1278 1076 ἔλαθε,
1312 1024 1385 1068 καὶ
1415 1021 1562 1068 πολλὰ
1589 1027 1691 1068 τοῦ·

154 1101 274 1136 Βτον
305 1087 365 1142 ὥς
393 1086 679 1147 ψευσάμενον
713 1090 1043 1147 κατεμέμψατο.
1102 1091 1319 1150 προέφθη
1349 1089 1429 1149 γὰρ
1459 1090 1582 1148 παρά
1612 1110 1690 1137 του

199 1156 254 1203 τὰ
281 1156 390 1203 κατὰ
419 1155 501 1202 τόν
530 1153 834 1214 αὖτοκράτορα
862 1158 1179 1216 μεμαθηκέναι,
1224 1157 1285 1212 ὥς
1323 1159 1387 1213 εἷς
1415 1159 1493 1205 τὸν
1522 1159 1690 1218 μακρὸν

200 1223 455 1284 ἐξεληλύθει
489 1223 696 1283 αἰγιαλόν,
730 1223 792 1279 ὥς
821 1224 900 1280 τὰς
930 1228 1189 1285 ληϊζομένας
1219 1226 1340 1284 παρὰ
1360 1228 1439 1288 τὴν
1458 1226 1691 1274 θάλασσαν

198 1294 378 1349 κατέσχε
420 1293 658 1353 λῃστρικοὶς
700 1298 813 1348 ναῦς,
864 1295 924 1348 ὥς
959 1294 1152 1355 νοσήσας
1195 1297 1371 1342 ἐκεῖθεν
1413 1295 1686 1357 ὑπεχώρησε,
1706 1308 1734 1341 1!

48 1371 90 1407 V.
117 1371 186 1406 339
199 1360 320 1407 καθά
348 1379 394 1421 γε
425 1361 479 1423 δή
509 1364 785 1423 σαφέστερον
818 1362 840 1408 ὃ
873 1362 1004 1423 λόγος
1024 1366 1261 1423 κατωτέρω
1283 1363 1509 1425 δηλώσειε.
1553 1370 1689 1412 ταῦτα

198 1434 262 1489 τῷ
286 1432 566 1491 Βουτουμίτῃ
597 1429 621 1476 ὃ
646 1433 918 1486 Βαλόουῖνος
944 1429 1212 1493 ἅντειρηκώς
1231 1435 1305 1479 καὶ
1326 1432 1387 1488 ιῦς
1408 1434 1690 1492 ψευσάμενον

199 1497 287 1544 ὑπὸ
319 1501 491 1556 μέμψιν
534 1495 705 1558 ἀγαγών
743 1499 831 1561 ἔφη
880 1503 1008 1559 “μετ’
1040 1502 1148 1558 ἐμοῦ
1187 1501 1267 1562 χρὴ
1298 1503 1425 1560 μέχρι
1455 1507 1535 1548 τοῦ
1565 1502 1688 1561 ἁγίου

198 1565 342 1628 τάφου
374 1569 632 1627 ἐληλυθέναι
662 1563 875 1614 κάκεῖθεν
902 1568 957 1614 τὰ
987 1569 1090 1630 ἡμῖν
1118 1568 1386 1626 συνδόξαντα
1415 1570 1528 1628 μετα
1551 1573 1689 1629 πρέσ-

48 1643 87 1680 P.
115 1644 185 1680 428
196 1640 313 1693 βεων
343 1637 460 1693 ἐμῶν
506 1636 816 1696 δηλωθήσεται
846 1640 909 1698 τῷ
941 1635 1273 1698 αὕτοκράτορι.”
1343 1638 1434 1698 ἅμα
1477 1645 1581 1699 γοῦν
1625 1643 1734 1700 τῷ21

197 1703 275 1763 τὴν
304 1703 429 1762 ἁγίαν
456 1703 591 1750 πόλιν
619 1708 885 1762 καταλαβεῖν
912 1706 1115 1767 ἐπεζήτει
1143 1709 1192 1764 ἐξ
1208 1703 1354 1752 αὐτῶν
1383 1707 1438 1754 τὰ
1468 1708 1590 1767 παρὰ
1609 1713 1690 1754 τοῦ

195 1774 411 1830 βασιλέως
428 1769 735 1819 ἀποσταλέντα
754 1773 797 1820 οὶ
817 1773 1027 1835 χρήματα.
1075 1774 1099 1822 ὁ
1121 1777 1170 1822 δὲ
1191 1778 1496 1836 Βουτουμίτης
1526 1776 1688 1836 “εἰ’περ

331 1868 364 1902 3.
393 1871 548 1914 κυπρίας
573 1867 618 1904 Α.
778 1870 810 1905 7.
842 1868 1065 1917 ἀπαγγεῖλαι
1092 1871 1136 1914 F,
1163 1873 1411 1919 παραγγεῖλαι
1436 1871 1473 1907 P.
1633 1875 1687 1908 10.

330 1915 450 1951 ἐκεῖσε
477 1916 515 1952 C.
701 1918 755 1953 11.
782 1919 894 1954 ἔλαθε
920 1919 963 1965 F,
991 1920 1127 1956 ἔλαθεν
1140 1920 1179 1956 P.
1361 1920 1418 1956 12.
1443 1918 1517 1967 γὰρ
1544 1933 1617 1957 om.-
1645 1922 1702 1964 F„

331 1964 386 1999 15.
415 1965 534 1999 ἐκεῖσε
563 1964 600 2001 C.
764 1968 818 2003 17.
842 1968 894 2014 τῷ
918 1972 1149 2027 Βουτουμίτη
1177 1967 1196 2004 ὁ
1222 1968 1451 2008 Βαλδουῖνος
1477 1969 1520 2012 F,
1547 1968 1566 2005 ὁ
1593 1972 1688 2004 Βαλ-

331 2012 474 2052 δουῖνος
498 2013 548 2059 τῷ
573 2018 803 2064 Βουτουμίτῃ
829 2015 870 2051 P.
1021 2018 1074 2053 19.
1103 2017 1238 2065 ταφου]
1265 2013 1454 2066 στεφάνου
1476 2017 1512 2054 C.
1627 2020 1684 2054 20.

328 2058 400 2107 γὰρ
426 2061 461 2097 C.
608 2062 665 2098 22.
696 2062 745 2110 οἱ]
772 2061 871 2111 αὐτῷ
896 2064 934 2102 C.

195 2152 348 2188 eandem
371 2153 475 2189 illam
501 2155 633 2190 urbem
659 2156 843 2202 confugit.
895 2157 1108 2195 Butumites
1130 2160 1255 2194 autem
1273 2157 1427 2205 Cyprias
1444 2158 1617 2194 triremes
1635 2158 1690 2194 in-

194 2213 354 2247 gressus,
380 2213 473 2248 quae
499 2203 650 2239 omnino
685 2204 881 2242 duodecim
910 2209 1029 2248 erant,
1056 2207 1132 2243 Ace
1157 2218 1284 2243 versus
1310 2219 1412 2243 oram
1439 2207 1690 2253 praeternavi-

194 2249 299 2295 gavit
336 2250 465 2296 ibique
501 2251 725 2288 Balduinum
765 2255 950 2299 convenit,
993 2252 1070 2301 cui,'
1103 2267 1197 2301 quae
1233 2256 1438 2301 imperator
1478 2255 1686 2299 mandarat,

194 2298 318 2333 omnia
354 2310 481 2334 coram
520 2301 703 2346 exposuit,
747 2302 883 2338 addens
924 2304 1037 2339 etiam
1073 2304 1340 2350 imperatorem
1377 2305 1451 2340 iam
1486 2303 1687 2340 Seleuciam

193 2358 308 2391 usque
355 2348 597 2394 processisse3
643 2350 745 2395 quod
775 2351 924 2397 quidem
964 2364 1093 2388 verum
1135 2364 1210 2388 non
1249 2355 1341 2398 erat,
1383 2353 1446 2388 sed
1486 2352 1688 2388 artificium

194 2394 392 2440 quoddam,
435 2408 508 2442 quo
543 2397 746 2434 barbarum
774 2401 1020 2444 conturbaret
1059 2400 1309 2447 efficeretque,
1337 2404 1381 2436 ut
1406 2401 1471 2437 ille
1496 2401 1572 2438 cito
1603 2413 1686 2436 eum

195 2442 410 2479 dimitteret.
476 2456 535 2481 res
580 2449 705 2482 tamen
756 2447 981 2485 Balduinum
1022 2461 1098 2485 non
1148 2450 1263 2485 latuit
1309 2449 1543 2496 multumque
1590 2462 1684 2493 eum,

194 2491 294 2536 quod
335 2492 514 2528 mentitus
552 2498 659 2541 esset,
697 2495 932 2543 obiurgabat.
1010 2501 1096 2534 ante
1139 2498 1238 2534 enim
1277 2510 1298 2533 a
1337 2498 1497 2545 quodam
1538 2498 1690 2534 edoctus

195 2538 328 2580 fuerat,
371 2540 462 2586 quid
505 2545 634 2588 ageret
671 2544 902 2590 imperator:
946 2546 1158 2592 profectum
1198 2558 1282 2582 eum
1322 2547 1362 2582 in
1400 2546 1555 2593 longum
1596 2547 1686 2582 litus

194 2587 402 2632 piratarum
428 2602 538 2626 naves
564 2591 603 2627 in
629 2603 672 2627 eo
698 2594 793 2629 mari
828 2594 1100 2641 depraedantes
1125 2595 1335 2631 cohibuisse
1359 2595 1520 2642 indeque
1554 2596 1686 2631 morbo

193 2638 362 2671 coactum
385 2639 586 2685 recessisse,
605 2643 647 2675 ut
665 2643 874 2678 accuratius
891 2646 1023 2689 postea
1039 2644 1287 2679 narrabimus.
1312 2643 1370 2679 his
1387 2655 1470 2679 cum
1485 2643 1688 2679 Balduinus
1732 2675 1734 2677 .

193 2682 425 2720 Butumitem
451 2686 560 2723 facile
585 2688 790 2735 refellisset,
818 2692 866 2727 ob
891 2691 1061 2727 fraudem
1086 2693 1283 2738 increpans
1310 2691 1450 2728 “Volo’'
1475 2692 1600 2738 inquit
1626 2692 1687 2727 “te
1720 2736 1724 2739 .

194 2732 319 2768 venire
344 2745 485 2769 meeum
513 2735 561 2771 ad
587 2741 767 2774 sanctum.
794 2751 911 2786 usque
950 2741 1161 2787 sepulcrum
1198 2740 1358 2786 indeque
1394 2740 1516 2776 missis
1554 2740 1687 2786 legatis
1723 2763 1734 2790 52

194 2781 294 2822 meis,
322 2781 411 2826 quid
436 2784 544 2819 nobis
562 2786 681 2820 visum
699 2786 824 2832 fuerit,
842 2789 1061 2835 imperatori
1079 2790 1321 2835 exponetur.''
1359 2788 1447 2824 dein
1463 2789 1688 2835 simulatque
1723 2792 1734 2833 ,ξ

188 2827 244 2863 ad
272 2832 439 2864 sanctum
465 2833 674 2878 sepulcrum
700 2835 942 2878 advenerunt,
978 2838 1154 2883 pecunias
1186 2837 1248 2874 ille
1274 2837 1321 2873 ab
1348 2837 1576 2883 imperatore
1603 2838 1687 2873 mis·
1716 2834 1734 2885 ἐζ

194 2887 251 2912 sas
278 2876 476 2924 flagitavit.
536 2881 746 2920 Butumites
771 2895 858 2920 vero
886 2884 947 2921 “Si
968 2897 1012 2921 ex
1028 2886 1276 2931 iuramento,’'
1301 2885 1425 2932 inquit
1449 2886 1546 2932 “quo
1564 2888 1684 2921 trans·
1701 2886 1734 2934 ἐν

1706 2916 1734 2950 ³5*

1711 2951 1730 2970 i·

1702 2971 1734 3120 i
