1806 3132
274 250 357 296 572
786 258 964 294 oAnom
989 256 1228 294 DUOANGII

273 380 402 428 vetur,
433 378 480 418 ut
506 374 806 418 itinerantibus
834 373 1084 428 applicandi
1120 371 1307 415 studium
1332 383 1420 414 non
1445 374 1615 414 vetetur.
1673 370 1755 414 Lex

274 431 494 488 Burgund.
523 432 592 475 tit.
614 433 681 475 38.
714 431 750 486 ξ.
773 433 811 474 7.
862 431 912 475 Si
951 430 1044 485 quis
1076 430 1123 472 in
1162 441 1268 483 ayro
1303 429 1432 483 reqio,
1472 428 1536 471 vel
1566 427 1753 471 colonica

273 489 450 533 voluerit
479 489 708 543 applicare,
729 491 767 531 et
785 501 870 531 non
895 487 1127 541 permissus
1153 485 1295 539 fuerit,
1318 485 1488 528 colonus
1512 484 1753 539 fustiyetur.

275 547 355 589 Lex
384 546 570 600 Langob.
599 546 672 589 lib.
694 546 733 587 3.
762 545 830 587 tit.
853 545 916 587 12.
949 543 986 597 ξ.
1004 543 1041 586 5.
1084 542 1231 597 Neque
1248 556 1332 596 per
1356 541 1529 595 fortiam
1555 555 1677 584 suam
1708 542 1755 583 in

273 603 491 646 mansione
514 602 731 645 arimanni
755 615 799 644 se
835 600 1027 655 applicet.
1099 599 1259 653 Quibus
1301 598 1347 640 in
1389 598 1494 641 10013
1537 597 1755 652 apphcare

275 672 358 702 non
387 658 592 713 hospitari
622 658 827 701 duntaxat
860 656 1085 712 significat,
1117 656 1188 699 sed
1218 656 1259 698 et
1296 655 1341 697 in
1371 667 1516 710 campo
1556 655 1633 698 sub
1662 655 1755 697 ten-

273 716 393 759 toriis
422 715 582 770 degere,
613 714 795 758 tentoria
819 715 909 769 ipsa
946 713 1085 769 figere,
1117 711 1228 767 quod
1267 712 1371 755 satis
1400 711 1626 754 ostendunt
1654 711 1756 754 haee

273 772 413 824 verba,
443 772 491 815 in
519 785 678 826 campo,
709 772 756 814 in
787 771 870 826 via,
903 770 950 813 in
985 783 1089 825 ayro
1125 768 1355 823 applicare.
1413 767 1499 811 Sub
1529 767 1597 810 dio
1630 768 1753 819 enim,

273 829 318 871 in
346 828 539 872 tentoriis
570 828 713 871 noctes
743 827 924 883 exegisse
952 827 1133 869 Francos
1177 826 1217 868 et
1248 824 1490 876 Germanos,
1534 837 1628 867 cum
1673 824 1754 867 iter

274 886 458 941 agerent,
487 898 564 940 par
594 885 656 928 est
683 884 858 939 credere,
898 883 1008 938 quod
1049 883 1216 926 solenne
1255 882 1336 924 fuit
1372 880 1536 936 populis
1567 881 1756 936 Septem-

273 942 538 993 trionalibus,
577 936 741 984 ὁπόσοι
777 937 854 982 τὸν
883 935 1051 993 νομάδα
1086 938 1185 993 βίον
1224 937 1407 989 εἵλοντο,
1441 938 1552 993 quod
1581 937 1632 980 de
1651 938 1757 981 Wa-

273 998 406 1042 laehis
436 998 542 1040 dixit
567 998 693 1041 Anna
724 997 796 1041 lib.
818 999 856 1041 8.
887 997 1051 1052 proprie
1080 997 1222 1039 autem
1255 995 1475 1050 applicare
1517 994 1580 1038 est
1609 994 1663 1037 ad
1693 994 1756 1037 lo-

275 1068 368 1099 cum
401 1054 585 1110 aliquem
619 1055 836 1106 divertere,
874 1053 1099 1108 pervenire.
1173 1053 1339 1095 Terent.
1382 1052 1428 1094 in
1472 1050 1605 1094 Andr.
1648 1049 1756 1094 Tum

274 1112 346 1155 ille
387 1125 510 1165 eyens
546 1111 659 1165 forte
693 1111 883 1164 adplicat
916 1111 1109 1164 primum
1154 1109 1212 1153 ad
1243 1107 1467 1164 Chrysidis
1501 1111 1675 1162 patrem
1701 1121 1756 1151 se.

276 1168 560 1223 Quintilianus
588 1168 703 1211 Decl.
734 1168 829 1210 338.
875 1166 992 1210 Dum
1018 1167 1173 1221 pirata
1211 1165 1413 1220 applicat.
1470 1164 1633 1220 Regula
1662 1164 1756 1207 Ma-

275 1225 400 1281 gistri
432 1237 520 1280 cap.
542 1225 609 1268 57.
640 1224 714 1268 Ad
741 1225 1001 1267 mansionem
1027 1237 1119 1267 cum
1145 1222 1433 1278 applicaverit,
1485 1220 1641 1265 Charta
1670 1221 1757 1264 Do-

275 1281 381 1325 mini
423 1281 473 1324 de
516 1281 702 1325 Canneto
747 1282 791 1324 in
835 1280 1058 1324 Provincia
1102 1280 1526 1324 AnsMCOOXXVHI.
1589 1277 1758 1331 Quoties

275 1338 487 1383 Dominus
513 1338 777 1388 Provinciae,
807 1337 871 1381 vel
907 1337 1079 1391 fratres,
1110 1337 1174 1380 vel
1214 1336 1311 1390 filii,
1354 1336 1419 1379 vel
1459 1335 1661 1390 officiales
1701 1334 1758 1378 ad

276 1399 458 1445 castrum
488 1395 629 1449 ipsum
671 1395 900 1449 applicant.
972 1394 1056 1438 Ubi
1098 1394 1232 1448 igitur
1270 1393 1316 1435 in
1358 1392 1509 1435 itinere
1555 1391 1757 1434 exercitus

276 1451 472 1507 applicat,
490 1451 559 1494 1110
578 1451 772 1494 locantur
794 1451 943 1503 castra,
966 1464 1072 1506 quae
1091 1449 1336 1506 Applicata‚
1354 1448 1524 1493 Graecis
1542 1440 1754 1504 ἅπληκτα,

276 1522 348 1552 3011
377 1500 579 1560 ἅπλικτα,
609 1508 657 1550 ut
686 1508 884 1551 scribitur
916 1507 1025 1562 apud
1041 1508 1218 1550 Leonem
1248 1506 1340 1549 1000
1369 1506 1514 1558 citato,
1545 1505 1756 1548 dicuntur.

277 1564 412 1630 (ajrloss
448 1565 542 1608 Lat.
577 1563 722 1608 Graec.
760 1563 1019 1620 Applicatio,
1061 1558 1341 1618 καταγώγιον.
1392 1561 1527 1606 Gloss.
1559 1561 1631 1605 Gr.
1664 1562 1756 1605 Lat.

276 1614 511 1677 ἄπληκτον,
545 1622 845 1674 diversorium,·
888 1614 1142 1676 ἄπληκεύω,
1187 1633 1347 1672 maneo,
1394 1619 1595 1662 diversor.
1655 1618 1758 1661 Vita

277 1678 319 1722 S.
353 1677 556 1722 Simeonis
581 1678 766 1721 Mirabil.
798 1678 976 1721 montis:
1016 1676 1089 1719 καὶ
1131 1673 1340 1727 ἐλθόντες
1383 1674 1496 1727 τινὲς
1523 1675 1667 1717 αὐτῶν
1695 1671 1758 1725 εἷς

276 1729 465 1788 Γάβαλα,
499 1728 778 1793 η’πλὴκευσαν
808 1730 872 1786 εἴς
903 1749 1001 1777 τινα
1030 1730 1134 1777 ναὸν
1161 1735 1239 1793 τῆς
1277 1729 1473 1798 πόλεως.
1532 1733 1759 1787 Perperam

275 1791 409 1847 igitur
452 1790 659 1834 Aemilius
687 1791 843 1834 Portus
887 1791 941 1835 ad
983 1791 1218 1835 Onosandri
1248 1803 1337 1845 cap.
1360 1790 1399 1833 9.
1443 1782 1657 1845 ἂπληκτα,
1688 1801 1760 1831 3011

277 1848 415 1891 castra
442 1848 603 1891 censuit
632 1848 759 1904 dicta,
789 1849 910 1903 quasi
939 1845 1043 1899 τούς
1072 1843 1344 1902 στρατιώτας
1363 1842 1656 1904 φυλάσσοντα,
1687 1843 1761 1886 καὶ

276 1899 489 1959 ἀμοίρους
532 1906 748 1947 ποιοῦντα
791 1905 882 1947 τῶν
926 1900 1136 1947 κινδύνων
1165 1903 1238 1947 καὶ
1267 1903 1458 1960 πληγῶν.
1519 1902 1654 1947 Gloss.
1685 1901 1758 1945 Gr.

277 1962 369 2005 Lat.
401 1953 636 2016 ὅπληκτος,
665 1962 959 2016 impercussus.

42 2021 266 2069 Pag.200.D
405 2015 652 2075 Ὀζολίμνη]
684 2019 837 2061 Extitit
865 2019 986 2074 palus
1003 2018 1080 2061 illa
1108 2018 1223 2061 ultra
1241 2018 1402 2060 Istrum
1429 2016 1475 2059 in
1508 2029 1555 2060 ea
1576 2015 1758 2071 regione,

278 2087 405 2129 quam
425 2075 693 2118 Walachiam
724 2075 847 2118 hodie
889 2076 1055 2119 vocant.
1134 2074 1266 2118 Binas
1309 2074 1452 2117 autem
1494 2073 1760 2128 potissimum

277 2130 329 2174 iis
358 2131 403 2173 in
431 2131 533 2174 locis
563 2132 756 2175 observat
786 2131 937 2176 Strabo
971 2132 1044 2175 lib.
1062 2132 1100 2174 7.
1129 2144 1308 2186 quarum
1338 2131 1424 2174 alia
1445 2129 1564 2182 mari,
1584 2129 1629 2171 in
1650 2127 1760 2183 quod

279 2187 518 2240 effunditur,
558 2188 735 2240 adiacet,
776 2187 972 2244 (Tiagola
1013 2188 1122 2232 forte
1154 2186 1406 2242 Ptolemaei)
1450 2186 1583 2230 altera
1618 2185 1761 2229 meatu

279 2244 405 2287 earet.
466 2243 586 2288 Certe
614 2245 779 2288 constat
810 2245 1054 2288 Hierassam
1083 2244 1272 2296 fluvium,
1295 2244 1367 2299 qui
1395 2244 1439 2286 in
1469 2243 1627 2286 Istrum
1646 2241 1760 2285 haud

279 2300 426 2355 procul
454 2314 478 2344 a
507 2301 744 2354 Dorostolo,
775 2315 847 2345 seu
867 2302 1047 2354 Dristra,
1067 2301 1220 2353 influit,
1250 2313 1332 2356 quo
1360 2300 1452 2343 1000
1471 2298 1628 2343 bellum
1646 2298 1760 2341 istud

278 2357 446 2457 gestlum
475 2357 549 2410 est,
579 2358 719 2401 lacum
748 2359 1050 2414 permaximum
1080 2357 1253 2410 efficere,
1285 2357 1358 2412 qui
1376 2356 1488 2400 idem
1516 2355 1645 2399 fuerit
1664 2367 1760 2398 011111

316 2425 361 2456 zo
380 2426 508 2458 1mna.
1108 2428 1109 2431 ¹

45 2472 266 2520 Pag.201.D
303 2525 311 2533 ·
417 2466 646 2525 Φλάντρας
674 2467 853 2527 Κὸμης]
897 2471 998 2514 Fuit
1036 2471 1072 2515 is
1110 2471 1332 2523 RobertUS‚
1363 2469 1639 2526 cognomento
1668 2467 1762 2511 Fri-

279 2538 377 2578 31113,
419 2526 564 2570 Comes
594 2527 831 2581 Flandriae,
876 2528 948 2583 qui
993 2529 1092 2572 ante
1131 2527 1462 2571 duodecennium
1502 2525 1588 2569 fere
1634 2537 1762 2580 quam

279 2581 475 2626 Proceres
517 2584 650 2626 nostri
680 2584 1112 2641 Hierosolymitanum
1157 2583 1487 2640 aggrederentur
1529 2583 1622 2635 iter,
1667 2594 1761 2624 cum

280 2638 426 2703 multis
459 2640 604 2694 opibus
635 2641 898 2684 Hierusalem
930 2641 1133 2684 orationis
1173 2641 1314 2696 gratia
1353 2640 1416 2683 est
1445 2638 1669 2694 profectus,
1697 2650 1762 2681 re-

280 2694 478 2750 diensque
515 2709 586 2750 per
617 2697 840 2741 Thraciam
896 2710 991 2740 cum
1022 2698 1168 2741 Alexio
1195 2697 1453 2752 Imperatore
1488 2696 1654 2739 locutus
1686 2695 1761 2738 est.

281 2750 398 2793 Haec
443 2751 571 2795 ferme
617 2752 844 2797 Guibertus
886 2754 958 2797 lib.
990 2755 1026 2797 1.
1071 2754 1184 2797 Hist.
1216 2754 1332 2797 Hier.
1378 2765 1467 2807 cap.
1494 2752 1535 2795 4.
1563 2752 1605 2795 et
1631 2751 1704 2794 lib.
1722 2752 1760 2793 7.

282 2819 371 2906 (Zp.
393 2807 460 2850 34.
490 2808 888 2910 Pexregrinationerni
905 2811 1334 2910 Hierogolymitgnam
1358 2809 1539 2864 suscepit
1555 2808 1764 2907 szertuss

328 2897 338 2907 .
368 2874 541 2907 MLxxx
578 2898 586 2907 .
618 2878 643 2908 a
674 2879 756 2921 qua
786 2880 859 2910 nec
890 2880 961 2910 um
991 2880 1035 2911 re
1064 2879 1183 2911 ucem
1247 2900 1257 2910 .
1278 2876 1518 2910 MLXXXIX.
1549 2878 1604 2909 au
1625 2877 1672 2908 or
1701 2876 1743 2907 es
