1806 3132
516 211 572 247 m
597 210 890 248 Amnum
918 212 1081 250 NOTAE
1457 210 1538 255 511

189 325 483 383 Σγουρίτζην]
532 327 602 370 Ita
643 327 782 370 dictus
813 340 942 383 equus
972 329 1171 385 Bryennii
1223 344 1248 374 a
1277 332 1412 376 colore
1442 335 1542 377 sub·
1552 341 1780 389 Pag.119.B

0 403 3 406 ⁴
54 384 185 436 fuscO,
213 384 480 436 subobscuro,
510 397 583 428 seu
605 384 753 436 Badio,
783 385 847 427 uti
868 387 1034 438 vocant,
1060 387 1202 442 nigro:
1226 387 1404 432 Graecis
1431 391 1539 433 enim

54 440 356 484 recentioribus
383 441 573 497 σγοῦρος
616 442 680 484 est
709 441 919 484 obscurus.
981 442 1182 486 Narratio
1220 444 1270 487 de
1309 446 1541 490 Bertrando

0 526 3 531 -
54 497 247 549 Romano
295 496 639 541 Graecobarbara
688 497 778 540 MS.
830 494 997 550 ξανθὰς
1054 499 1128 541 καὶ
1174 501 1539 557 σγοιροκέφαλος,

0 566 4 591 z
54 547 350 611 εὖόφθαλμος
395 553 468 596 καὶ
498 549 677 608 ὡραῖος.
745 554 962 597 Eiusmodi
1007 556 1157 599 coloris
1200 570 1326 612 equos
1368 559 1543 603 Brunos

55 609 185 666 bayas
214 610 343 667 vulgo
383 611 658 667 appellamus.
729 609 982 666 Computum
1012 613 1198 668 Hospitii
1234 615 1362 670 Regis
1390 616 1458 658 Fr.
1489 617 1541 659 A.

0 695 4 697 -
53 676 267 710 MOCCXII.
292 667 367 710 ubi
396 667 448 711 de
476 668 607 723 equis,
638 667 712 722 qui
742 680 767 710 a
798 667 912 723 Rege
941 668 1169 712 Militarem
1197 671 1383 714 ordinem
1412 673 1466 715 ab
1495 685 1542 715 eo

54 723 289 767 consecutis
316 724 363 767 in
392 724 518 767 Festo
548 724 814 768 Pentecostes
851 726 1034 768 concessi
1063 728 1174 776 sunt,
1214 740 1355 770 eorum
1387 729 1543 771 colores

52 781 114 823 sic
142 781 350 824 recenset:
380 780 650 832 ferrandus,
682 781 828 836 hayus,
857 782 1014 836 gyris-tes,
1043 783 1187 837 qrisus
1201 783 1380 840 hardus,
1408 786 1543 840 niqer,

51 837 223 890 brunus,
251 837 414 882 brunus
441 838 588 893 bayu-s‘,
614 838 754 894 favus,
785 837 947 881 brunus
974 839 1115 891 favus,
1145 840 1392 894 ὂααςαηέιις,
1411 842 1544 896 hayus

51 894 298 948 baussantus,
323 894 460 950 hayus
482 896 621 948 favus,
652 894 792 948 ruffus
820 894 1000 948 liardus,
1031 897 1191 951 varius,
1219 898 1341 952 m'yer
1360 898 1541 952 baugau-

51 954 133 1003 tus,
175 950 339 995 brunus
379 951 513 1008 hayus
554 952 762 1007 signatus,
806 950 974 994 liardus
1007 954 1295 1006 pommeletws,
1331 955 1541 1007 morellus,

51 1008 197 1063 yrisu-s·
211 1008 503 1062 pommeletus,
547 1009 672 1064 πόρεν
704 1007 898 1051 stellatus
928 1009 976 1051 in
1014 1009 1168 1062 fronto,
1216 1010 1359 1054 clarus
1397 1011 1543 1066 hayus,

51 1066 177 1120 m'yer
193 1065 472 1118 maletinetus‚
505 1065 628 1108 albus
650 1065 897 1119 ferrandus,
928 1065 1052 1108 albus
1069 1067 1224 1120 yrisus,
1247 1069 1371 1122 niyer
1385 1069 1541 1124 misus,

50 1121 216 1164 brunus
238 1122 383 1177 yrisus
406 1122 653 1176 ferrandus,
691 1121 892 1165 morellus
931 1123 1210 1175 maletinetus,
1241 1125 1321 1167 etc.
1382 1125 1462 1168 Sed
1492 1124 1543 1167 de

52 1191 254 1233 equorum
286 1179 496 1223 coloribus
526 1178 720 1222 consulas
750 1178 878 1222 velim
908 1178 1135 1222 Gruterum
1166 1194 1263 1236 pag.
1282 1181 1379 1223 341.
1399 1181 1543 1224 Palla-

52 1235 170 1278 dium
205 1235 259 1279 de
297 1235 360 1279 Re
396 1236 559 1279 Rustic.
601 1236 675 1279 lib.
695 1236 737 1278 4.
767 1248 857 1290 cap.
881 1236 947 1278 13.
977 1237 1020 1278 et
1051 1237 1199 1280 Isidor.
1231 1238 1304 1280 lib.
1330 1239 1395 1280 12.
1425 1237 1541 1293 Orig.

52 1304 101 1335 ca
134 1325 144 1334 .
168 1293 205 1335 1.
918 1335 923 1338 .

102 1305 130 1347 p
186 1342 499 1404 Ἐπιλαμβάνει
528 1345 612 1405 τήν
639 1343 849 1405 Ἀχρίδα]
878 1350 992 1394 Hinc
1021 1350 1173 1394 erroris
1202 1351 1439 1406 arguuntur
1462 1350 1540 1394 Sa·
1550 1354 1771 1402 Pag.122.A

50 1405 298 1505 11611ἰ6113ᾓ6ὓ
329 1405 605 1459 Collenutius,
635 1407 710 1462 qui
729 1407 924 1451 Alexium
954 1408 999 1450 in
1021 1407 1353 1462 Peloponnesum
1384 1407 1540 1463 fugisse

49 1474 131 1505 scn
162 1475 219 1505 nn
242 1496 253 1505 .

187 1516 418 1577 Βενέτοις]
467 1519 700 1563 Malaterra
742 1520 815 1564 lib.
855 1524 892 1563 3.
938 1534 1028 1576 cap.
1059 1522 1127 1564 29.
1178 1521 1292 1564 Erat
1319 1525 1458 1564 autem
1489 1527 1580 1564 eaB

50 1579 292 1630 tempestate
334 1577 453 1630 apud
477 1577 719 1620 Durae-ium
747 1577 1002 1621 Vemetianus
1033 1579 1216 1634 quidam,
1251 1579 1420 1621 nomine
1446 1577 1539 1621 Do-

51 1633 245 1685 mim‘eus‚
288 1633 424 1676 nobili
463 1648 626 1689 ywere,
660 1635 780 1677 ouius
815 1636 1114 1689 providentiae
1143 1636 1282 1678 maior
1318 1635 1453 1677 tum-is
1480 1634 1539 1677 ad

51 1690 252 1734 tuendum
279 1690 473 1746 deleqata
502 1695 596 1734 erat
619 1692 698 1734 etc.

184 1741 436 1804 Ἀρβανῶν]
464 1741 688 1802 Ἀρβανοὶ,
712 1749 784 1804 qui
804 1743 1058 1804 Ἀρβανῖται
1079 1748 1285 1803 Scylitzae
1303 1748 1346 1790 in
1363 1747 1536 1801 Niceph.
1549 1753 1582 1788 D

51 1802 205 1853 Phoca,
236 1804 358 1848 hodie
386 1804 559 1848 Albani.
614 1800 882 1859 Ἀρβανιτία,
916 1805 1112 1857 Albania,
1144 1806 1187 1847 in
1222 1805 1421 1847 Poemate
1445 1803 1534 1846 MS.

50 1860 118 1902 cui
146 1861 301 1904 titulus
333 1862 516 1919 Θρῆνος,
548 1875 620 1905 seu
650 1863 900 1906 lamentatio
930 1863 980 1906 de
1011 1863 1133 1917 capta
1164 1875 1187 1904 a
1219 1861 1366 1903 Turcis
1396 1860 1477 1903 ΟΡ.

174 1920 351 1982 ’Ἑχεται
380 1928 430 1972 δὲ
456 1925 538 1986 τὴν
568 1929 843 1986 Βουλγαριάν
874 1930 947 1973 καὶ
972 1927 1051 1989 τήν
1080 1924 1370 1984 Ἁρβανιτιάν.

277 2109 344 2153 ΙΝ
378 2110 601 2155 LIBRUM
641 2111 694 2155 V.
760 2110 1072 2154 ALEXIADIS
1107 2110 1312 2154 NOTAE.

179 2231 227 2279 ‘O
253 2235 405 2290 μέντοι
425 2232 723 2293 Ῥόμπερτος]
772 2237 1001 2280 Malaterra
1035 2236 1107 2279 lib.
1124 2237 1162 2278 3.
1183 2248 1272 2290 cap.
1289 2235 1356 2278 27.
1384 2235 1536 2278 Nostri
1545 2246 1633 2293 Pag.
1644 2249 1722 2283 125.
1734 2247 1769 2284 A

47 2293 191 2348 itaque
220 2294 444 2346 victoriam
486 2295 644 2349 adepti,
674 2294 794 2338 Duce
837 2308 906 2336 eos
951 2294 1217 2347 reprimente,
1259 2292 1374 2335 haud
1413 2292 1535 2347 lonye

42 2349 256 2405 fuyientes
277 2352 493 2405 persecuti
519 2356 629 2403 sunt,
663 2352 738 2394 sed
766 2351 824 2394 acl
855 2350 1006 2393 Castra
1035 2363 1178 2392 eorum
1205 2350 1398 2403 reyressi,
1429 2348 1536 2391 Dux

46 2406 95 2449 in
126 2408 321 2450 tentoriis
348 2407 630 2462 Imperatoris
657 2408 908 2462 hospitatur.
939 2405 1188 2449 Guillelmus
1220 2405 1345 2459 Apul.

248 2474 355 2518 Dux
381 2477 428 2518 in
455 2476 654 2519 Alexinis
681 2475 890 2518 remorari
915 2478 1097 2527 tempore
1125 2474 1276 2516 castris

247 2531 351 2575 Non
376 2532 509 2576 multo
529 2537 712 2587 propter
731 2531 977 2586 putrefacta
1003 2530 1211 2573 cadavera
1240 2533 1371 2572 curat.

179 2594 423 2655 Ἰιυαννίνα]
456 2601 674 2650 Ioannina,
698 2599 972 2650 Acarnaniae,
1004 2611 1074 2640 seu
1099 2597 1288 2640 Aetoliae
1318 2597 1529 2652 oppidum,
1543 2611 1576 2646 Α

47 2656 148 2700 olim
178 2656 374 2712 Cassiope
403 2657 577 2708 dictum,
611 2656 845 2712 Episcopali
884 2655 977 2697 sede
1006 2654 1173 2708 insigne
1210 2654 1286 2696 sub
1321 2654 1532 2708 Metropo-

0 2756 2 2758 ,
45 2713 180 2757 litano
209 2714 437 2769 Naupacti.
494 2715 632 2756 Huius
662 2714 819 2756 mentio
862 2713 925 2753 est
970 2710 1079 2766 apud
1106 2710 1445 2765 Porphyrogenn.
1486 2710 1530 2752 in

2 2792 7 2798 ν’
47 2769 209 2813 Basilio
237 2783 327 2825 cap.
349 2771 414 2814 16.
441 2772 781 2816 Cantacuzenum
812 2769 884 2811 lib.
906 2769 946 2809 2.
977 2780 1066 2822 cap.
1088 2767 1156 2808 34.
1187 2767 1384 2810 Ioannem
1413 2766 1531 2809 Ana-

0 2850 5 2886 1³
46 2827 245 2883 gnostam
275 2839 365 2883 cap.
388 2828 453 2872 18.
481 2827 707 2871 Laonicum
739 2826 812 2870 lib.
838 2826 874 2868 1.
907 2823 1137 2880 Gregoram
1167 2824 1245 2866 etc.

0 2925 7 2941 Γ

0 2943 14 2956 Γ,

0 2957 12 2998 ἑ

0 3009 9 3022 '4
