1806 3132
521 207 576 242 m
605 206 896 265 ALEXtADEM
924 210 1086 245 NOTAE
1424 184 1426 186 ’
1461 204 1545 249 503

62 328 160 364 HIC.
220 328 439 364 POSITVS.
501 330 605 364 EST.
663 332 1024 367 BENEMERITVS.
1082 334 1146 373 ΕΙ,
1162 356 1172 366 .
1191 357 1225 367 ..
1290 335 1543 371 VESTITOR.

62 385 405 420 MPERATORIS.
449 387 547 428 QVI.
589 388 687 422 ΠΧ.
731 389 1016 423 DEPOSITVS.
1061 391 1108 423 D.
1152 391 1254 424 V111.
1294 391 1404 425 KAL.
1438 393 1544 427 SEP-

62 443 332 477 TEMBR....
375 443 569 477 DOMINI.
615 445 819 478 HoNORI.
863 445 975 480 Ave.
1002 447 1066 480 v1.
1104 446 1233 480 coss,
1290 438 1542 483 Praesertim

62 503 158 533 vero
178 489 432 533 Vestiaritae
461 490 564 533 dicti
594 491 792 534 videntur
823 492 972 535 Annae
999 506 1100 537 aevo
1124 494 1352 536 Domestici
1371 495 1542 549 Palatii,

61 547 134 602 qui
164 559 211 589 ex
239 545 403 589 familia
430 547 703 601 Imperatoris
729 555 861 601 erant,
906 562 1009 604 quos
1041 550 1195 592 Franci
1239 551 1371 593 nostri
1415 552 1542 607 vulgo

60 603 157 646 inde
176 602 436 646 Familiares
464 604 685 656 vocabant,
708 605 750 648 et
770 606 819 647 ut
834 606 984 648 Annae
1005 607 1129 649 verbo
1150 607 1258 658 utar,
1282 603 1543 662 οἰκειότεροι

61 660 283 714 Principis.
327 659 378 702 Id
397 660 550 703 diserte
570 661 732 704 indicat
748 661 988 705 Willelmus
1003 663 1154 717 Tyrius
1182 663 1256 706 lib.
1271 664 1337 706 20.
1368 677 1457 719 cap.
1475 666 1542 708 26.

59 715 144 759 Sed
174 720 212 760 et
239 715 330 759 suis
357 716 635 760 nihilominus
663 732 749 760 non
780 718 902 774 lonye
931 719 984 762 ab
1014 719 1154 762 eodem
1176 719 1342 763 Palatio
1372 720 1544 764 honesta

56 773 185 816 simul
212 776 250 816 et
277 774 491 816 commoda
516 775 617 827 fecit
650 774 834 829 hospitia
854 776 1133 831 praeparari,
1160 776 1232 818 ubi
1261 778 1398 829 etiam,
1436 779 1545 821 sicut

52 831 193 884 prius,
221 830 436 883 impensas
462 844 550 873 non
577 831 713 874 solum
742 833 1003 875 necessarias
1031 836 1070 875 et
1088 832 1382 886 voluptuarias
1399 847 1544 888 super-

58 886 270 940 effluentes
301 885 562 939 Vestiaritae,
594 891 633 930 et
661 888 717 940 hi,
750 889 900 943 quibus
933 889 981 932 id
1010 889 1139 942 officii
1169 890 1412 943 deputatum
1441 894 1542 946 erat,

56 943 278 999 maynifice
305 946 344 986 et
371 944 768 998 superabundanter
796 959 883 988 non
919 946 1423 990 cessabant'ministrare.
1483 947 1543 990 At

57 1000 166 1043 unde
187 999 441 1043 Vestiaritae
470 1001 670 1055 appessati
701 1002 786 1044 sint
815 1002 1046 1045 Domestici
1082 1002 1156 1045 isti
1181 1003 1352 1055 Palatii,
1383 1003 1543 1058 disqui-

56 1057 244 1100 rendum.
292 1055 467 1100 Constat
487 1058 744 1107 Vestiarium
775 1058 858 1101 dici
888 1059 1031 1102 aedem
1061 1059 1106 1101 in
1135 1072 1218 1114 qua
1247 1059 1382 1102 vestes
1411 1073 1544 1103 asser-

59 1114 234 1157 vantur:
265 1113 439 1167 proinde
460 1114 718 1157 Vestiarium
746 1115 1018 1170 Imperatoris
1052 1115 1144 1168 erit,
1181 1113 1226 1158 ἕν
1257 1105 1293 1172 ᾦ
1327 1112 1382 1157 τὰ
1418 1117 1543 1170 βασι-

57 1166 156 1212 λικὰ
185 1168 401 1224 ἐνδύματα
429 1166 746 1228 φυλάσσονται,
779 1173 827 1214 ut
858 1173 921 1215 est
941 1172 1052 1226 apud
1072 1172 1404 1227 Moschopulum.
1430 1172 1543 1215 Illud

57 1228 201 1282 postea
229 1221 567 1283 Ἀλλαξιμάριον
604 1229 803 1271 vocatum
843 1228 990 1271 scribit
1020 1228 1164 1272 Codin.
1202 1229 1252 1272 de
1280 1228 1358 1272 Off.
1390 1241 1480 1284 cap.
1501 1230 1540 1272 2.

57 1283 169 1339 quod
197 1284 431 1339 Imperator
460 1297 507 1327 ex
539 1297 585 1328 eo
616 1298 746 1328 novas
777 1285 952 1328 subinde
978 1286 1112 1328 vestes
1141 1286 1349 1340 promeret
1378 1286 1419 1328 et
1449 1298 1543 1328 mu-

55 1341 178 1384 taret.
225 1341 345 1385 Unde
375 1341 517 1384 crebro
549 1342 661 1396 apud
693 1341 884 1385 eumdem
920 1341 1175 1397 Scriptorem
1219 1335 1449 1385 ἀλλάσσειν
1468 1355 1541 1396 pro

54 1397 231 1440 induere
256 1399 508 1453 usurpatur:
541 1399 583 1441 et
612 1399 747 1444 vestes
766 1399 880 1452 ipsae
914 1411 1020 1453 quae
1053 1399 1273 1441 mutantur
1292 1393 1542 1453 ἄλλάγματα

56 1455 98 1497 et
141 1448 326 1510 ἄλλαγαὶ
371 1455 483 1510 apud
533 1455 726 1498 Marcum
767 1455 1221 1498 Hieromonomachum
1265 1456 1306 1498 et
1349 1455 1540 1498 eumdem

57 1510 262 1554 Codinum
293 1512 521 1555 vocantur:
552 1512 663 1566 apud
696 1513 901 1555 Autorem
932 1512 983 1555 de
1004 1511 1123 1555 offic.
1145 1512 1256 1555 Eccl.
1278 1511 1359 1555 GP.
1381 1511 1539 1554 editum

56 1581 81 1611 a
125 1568 320 1611 Medonio
363 1561 643 1623 ἅλλαξίματα.
731 1568 801 1612 Sic
844 1568 999 1623 passim
1039 1568 1282 1612 Mutatoria
1324 1567 1539 1620 eiusmodi,

57 1637 165 1679 quae
191 1624 366 1668 subinde
402 1626 635 1678 mutantur,
673 1626 807 1668 vestes
838 1625 1052 1680 appellant
1073 1625 1191 1667 Will.
1225 1625 1375 1680 Tyrius
1405 1624 1477 1667 lib.
1500 1625 1538 1667 6.

56 1693 144 1735 cap.
166 1682 220 1734 6.‚
249 1682 392 1725 Bruno
423 1681 474 1725 de
503 1682 622 1725 Bello
655 1681 871 1734 Saxonico,
913 1681 1136 1725 Udalricus
1173 1681 1245 1724 lib.
1269 1682 1307 1723 2.
1346 1680 1538 1724 Consuet.

57 1737 258 1790 Cluniae,
284 1738 515 1782 Monachus
535 1739 819 1794 PegaviensiS,
841 1738 1062 1781 Mathaeus
1079 1737 1213 1780 Paris.
1236 1738 1277 1780 et
1307 1737 1382 1780 alii
1403 1736 1540 1791 Scrip-

56 1795 167 1837 torcs
201 1795 356 1838 Latini.
415 1794 546 1850 Saepe
581 1796 711 1838 etiam
731 1795 990 1838 Vestiarium
1027 1807 1100 1848 pro
1141 1793 1300 1837 aerario
1344 1793 1537 1844 sumitur,

53 1851 98 1892 in
119 1863 201 1905 quo
221 1851 432 1906 depositae
453 1865 550 1906 opes
565 1852 880 1907 Imperatoriae,
897 1852 1023 1906 atque
1038 1851 1115 1893 hoc
1131 1850 1332 1893 vocabulo
1348 1845 1540 1903 (βεστιά-

56 1906 169 1963 ριον)
199 1909 398 1963 perpetuo
438 1909 575 1951 utitur
605 1909 778 1951 Nicetas
814 1908 858 1950 in
891 1907 1040 1951 Codice
1069 1907 1443 1962 Barbam-graeco,
1486 1905 1538 1947 iis

54 1964 156 2007 locis
186 1965 258 2008 ubi
302 1965 439 2008 editus
478 1962 706 2020 βασιλικὸν
748 1965 948 2019 ταμιεῖον
978 1959 1006 2022 ἢ
1042 1964 1244 2018 χρυσῶνα
1274 1963 1410 2005 habet.
1469 1962 1537 2004 Ita

50 2025 218 2064 'sacrum
248 2022 457 2065 aerarium
483 2023 655 2065 vertunt
688 2021 837 2065 Graeci
862 2021 916 2064 ad
945 2021 989 2063 L.
1012 2022 1050 2063 2.
1083 2019 1181 2063 Cod.
1226 2019 1290 2062 Ne
1318 2018 1442 2061 fiscus
1471 2017 1536 2061 vel

56 2078 177 2132 Resp.
209 2079 352 2134 quue
381 2091 502 2122 sensu
530 2079 710 2134 legimus
742 2079 785 2121 in
816 2078 1019 2121 relatione
1048 2076 1229 2132 quadam
1260 2074 1403 2130 Ogerii
1431 2075 1536 2117 Pro-

55 2135 256 2178 tonotarii
289 2135 400 2190 apud
422 2135 713 2191 Waddingum
742 2136 794 2178 A.
816 2144 1045 2178 MCGLXJX.
1076 2134 1184 2176 bona
1217 2131 1440 2175 confiscata
1470 2131 1534 2174 in-

53 2192 249 2235 tromissa
290 2192 349 2235 ad
390 2191 620 2246 Imperiale
662 2191 929 2235 Vestiarium.
1004 2191 1059 2233 Et
1100 2189 1210 2244 apud
1237 2189 1413 2231 Leonem
1446 2186 1561 2249 Ost.-

53 2247 124 2290 lib.
147 2249 183 2291 1.
216 2261 304 2303 cap.
327 2250 394 2292 28.
444 2249 581 2302 Rupit
615 2250 756 2302 ipsum
784 2248 1045 2290 Illonasteriz'
1072 2246 1326 2289 Vestiarium
1363 2247 1401 2287 et
1437 2243 1536 2286 inde

53 2305 151 2347 tulit
178 2305 338 2348 solidos
365 2305 568 2349 Mazaces
590 2316 724 2349 XXIV.
755 2304 904 2347 millia.
965 2303 1084 2346 Adde
1115 2303 1186 2345 lib.
1209 2303 1249 2344 4.
1281 2313 1369 2354 cap.
1392 2301 1459 2342 61.
1493 2299 1536 2342 et

55 2362 121 2404 78.
177 2361 266 2405 Nec
294 2362 494 2417 pecuniae
524 2363 742 2413 duntaxat,
774 2362 920 2409 vesteS,
952 2360 1026 2403 aut
1058 2359 1186 2414 panni
1215 2356 1536 2421 asse1·x(abantur

52 2418 97 2460 in
127 2418 337 2471 vestiario,
368 2418 439 2462 sed
471 2419 599 2462 etiam
628 2418 792 2461 cimelia
816 2417 924 2460 varii
953 2416 1129 2480 generis³
1150 2415 1190 2479 et
1210 2425 1380 2456 malens
1398 2412 1534 2467 prctu,

53 2474 287 2518 cuiusmodi
315 2476 415 2518 sunt
443 2473 499 2517 τὰ
523 2469 690 2530 α’ργυρᾶ
728 2469 959 2528 μινσούρια
1002 2468 1058 2514 τὰ
1101 2469 1341 2525 αναγλυφα,
1386 2469 1434 2510 ut
1473 2467 1536 2510 est

52 2531 163 2586 apud
193 2531 634 2587 Porphyrogennetam
660 2531 731 2574 lib.
757 2532 792 2573 1.
823 2530 874 2572 de
904 2529 1094 2572 Themat.
1126 2528 1167 2570 et
1187 2527 1364 2590 Leonem
1383 2524 1535 2568 Gram-

53 2588 256 2631 maticum
298 2588 343 2630 in
388 2589 563 2632 Basilio.
638 2587 888 2631 Anastasius
933 2585 1043 2627 Bibl.
1089 2584 1133 2626 in
1169 2583 1364 2626 Severmo
1395 2581 1533 2644 Papa-z

53 2643 361 2699 Siyillaverunt
388 2659 508 2689 omne
535 2644 789 2688 Vestianum
817 2641 1032 2685 Ecclesiae
1059 2645 1096 2683 et
1124 2638 1300 2684 Gimelia
1318 2636 1534 2692 Episcopz.

53 2700 169 2754 Quae
196 2701 364 2756 quidem
395 2702 536 2745 omnia
565 2701 671 2744 inibi
702 2699 915 2743 asservata
958 2697 1135 2749 constat,
1182 2697 1230 2738 ut
1273 2694 1414 2759 essent
1441 2706 1533 2735 mu-

53 2770 167 2808 nera,
196 2758 348 2812 quibus
375 2758 590 2802 interdum
622 2756 878 2800 donarentur
906 2754 1122 2808 Principes
1158 2751 1374 2803 foederati,
1402 2750 1534 2792 mter-

53 2813 154 2856 dum
182 2815 311 2858 etiam
357 2815 516 2859 subditi
558 2815 638 2870 ipsi
681 2814 784 2857 bene
826 2812 876 2855 de
913 2811 1171 2866 Imperatore
1202 2808 1354 2852 meriti.
1415 2805 1534 2850 Unde
