1768 3152
555 258 821 316 ALanAms
852 283 946 317 Lm.
976 284 1023 318 x.
1057 279 1094 318 7.
1518 278 1572 322 37

0 390 10 400 ⁷
78 395 362 456 ἐνεγκαμένης
389 397 563 454 μέλλων
584 397 787 454 ἐξελθεῖν
806 394 916 454 τάχα
946 395 1007 452 ὥς
1027 396 1146 456 πρὸς
1164 397 1243 445 τὸν
1263 397 1387 459 ἅγιον
1413 398 1570 462 τάφον,

77 462 349 520 ἆποστείλας
366 461 587 520 α’πονοίας
612 464 787 526 ῥήματα
809 463 996 527 ἐμήνυσε
1019 465 1136 525 πρὸς
1160 466 1239 513 τὸν
1268 464 1629 528 αὖτοκράτοραν·
1657 471 1729 507 228

77 533 285 593 λαμπρὰν
338 533 747 594 προμηθευόμενος
798 553 876 596 την
937 534 1138 595 ὗπαντὴν
1192 533 1313 597 αυτῶ
1365 540 1573 597 γενέσθαι

80 602 238 651 “ἷ’σθι”
268 605 406 664 λέγων
438 597 505 649 “ω
530 606 726 661 βασιλεῦ,
759 602 820 658 ῶς
850 603 934 662 ἐγω
965 603 988 650 ὃ
1018 605 1226 662 βασιλεὺς
1245 611 1335 652 τῶν
1355 605 1615 664 βασιλέωνΒ

5 667 12 670 ’
42 675 150 720 ὅκαι
181 672 205 720 ὁ
235 675 400 732 μείζων
428 677 518 719 τῶν
547 671 624 718 ὑπ’
649 672 848 732 οὐρανόν
879 675 952 719 καὶ
982 674 1378 733 καταλαμβάνοντα
1408 696 1463 734 με
1491 672 1572 740 η’δη

77 745 296 801 ἐνδέχεται
340 741 594 802 ὗπαντῆσαί
636 761 685 789 τε
731 745 804 789 καὶ
849 745 1069 800 δέξασθαι
1111 747 1469 803 μεγαλοπρεπῶς
1503 749 1574 792 καὶ

76 813 215 870 οἷξίως
233 815 312 872 τῆς
333 813 441 874 ἐμῆς
456 808 716 871 ευγενείας”.
775 816 914 858 ταῦτα
945 811 968 858 ὁ
998 812 1205 870 βασιλεὺς
1231 810 1441 870 ἄκουσας,
1476 817 1576 861 ἐπεὶ

76 880 187 939 δούξ
227 881 308 939 μὲν
353 879 479 938 ἔτυχε
525 882 774 939 Δυρραχίου
820 877 1019 942 Ἰωάννης
1064 881 1088 927 ὃ
1121 880 1216 937 υἱὸς
1246 886 1463 931 Ἰσαακίου
1494 888 1574 931 τοῦ

76 947 510 1009 σεβαστοκράτορος,
558 952 665 1008 περὶ
707 941 760 996 οὗ
800 945 981 996 ἄνωθεν
1009 949 1192 1011 εἴρηται,
1222 956 1303 997 τοῦ
1333 954 1382 999 δὲ
1411 953 1574 1001 στόλου

0 1029 64 1065 ἸΟ
77 1021 298 1073 Νικόλαος
327 1037 352 1064 ο
384 1017 811 1076 Μαυροκατακαλῶν
856 1022 962 1077 περὶ
1001 1018 1080 1066 τὸν
1111 1022 1264 1079 λιμένα
1291 1024 1371 1068 τοῦ
1403 1028 1575 1082 Δυρρα-

74 1091 173 1146 χίου
206 1090 254 1135 ἐκ
297 1086 608 1147 διαστημάτων
640 1089 875 1146 ἐνορμίσας
909 1090 988 1143 τὰς
1027 1092 1131 1144 ναῦς
1175 1086 1390 1137 κάκεῖθεν
1435 1085 1576 1147 αὖθις

56 1157 154 1219 τὰς
183 1155 403 1216 ἐκδρομὰς
444 1154 716 1215 ποιούμενος
755 1158 829 1203 καὶ
873 1156 930 1203 τὰ
964 1156 1133 1217 πελάγη
1167 1164 1477 1220 περισκοπῶν,
1514 1159 1576 1215 ῶς

74 1228 135 1289 μή
163 1224 350 1273 λάθοιεν
382 1222 523 1272 αὐτὸν
552 1227 782 1286 λῃστρικαὶ
819 1230 920 1286 νῆες
958 1226 1345 1286 παραπλεύσασαι,
1388 1227 1412 1274 ὁ
1443 1225 1575 1275 αὖτο-

75 1294 251 1355 κράτωρ
282 1291 421 1349 εὐθὺς
449 1292 683 1355 γράμματα
710 1294 826 1353 πρὸς
858 1292 1147 1357 οἷμφοτέρους
1181 1298 1402 1355 ἐκπέμπει
1440 1297 1615 1344 ἐντει-Ο

18 1374 63 1410 15
75 1362 264 1423 λάμενος
291 1362 371 1410 τὸν
400 1365 481 1422 μὲν
511 1366 654 1410 ὁοῦκα
680 1366 929 1448 Δυρραχίου
961 1364 1035 1410 διὰ
1064 1367 1144 1428 τῆς
1173 1362 1363 1428 ἠπείρου
1396 1370 1469 1413 καὶ
1497 1372 1575 1430 τῆς

6 1482 12 1486 ,
75 1435 296 1493 παραλίας
326 1430 580 1494 ἐφεδρεύειν
611 1431 691 1492 τὴν
720 1433 881 1479 τούτου
915 1433 1088 1481 ἔλευσιν
1128 1437 1202 1481 καὶ
1231 1438 1482 1493 παραυτίκα
1511 1455 1562 1498 τᾳ

74 1499 369 1562 αυτοκράτορι
411 1507 590 1559 ταχεῖαν
633 1505 712 1562 τῆς
752 1501 915 1549 τούτου
957 1502 1172 1559 ἐλεύσεως
1212 1507 1365 1551 δοῦναι
1401 1510 1572 1565 γνῶσιν,

8 1570 11 1573 “
75 1568 211 1618 αυτὸν
254 1573 303 1618 δὲ·
339 1570 420 1617 τόν
466 1564 613 1629 Οὖβον
658 1570 966 1629 ὑποδέξασθαι
1009 1575 1378 1655 μεγαλοπρεπῶς,
1419 1573 1498 1621 τὸν
1529 1576 1577 1621 δὲ

76 1643 213 1687 ὁοῦκα
243 1643 323 1687 τοῦ
345 1638 508 1688 στόλου
524 1639 947 1699 παρακελεύσασθαι
967 1644 1183 1701 μηδαμῶς
1205 1638 1576 1690 αναπεπτωκέναι

7 1721 64 1756 ΞΟ
75 1711 187 1770 μηδὲ
231 1714 608 1771 καταρρᾳθυμεῖν,
654 1706 748 1756 ἄλλ’
790 1712 1067 1771 ἐγρηγορέναι
1106 1710 1179 1757 διὰ
1222 1710 1403 1767 παντός.
1466 1712 1577 1759 κατὰ

75 1777 155 1842 τὴν
203 1781 426 1838 παραλίαν·
468 1780 517 1825 δὲ
561 1781 641 1842 τῆς
690 1781 1020 1839 Λογγιβαρδίας
1075 1779 1099 1826 ὁ
1143 1773 1288 1838 Οὖβος
1330 1783 1577 1837 διασωθεὶς

212 1903 247 1939 3.
281 1900 462 1960 λαμπρὰν
497 1899 836 1962 προμηθευόμενος
871 1902 939 1948 τὴν
975 1902 1144 1949 ὑπαντὴν
1177 1902 1275 1951 αὐτῶ
1317 1909 1497 1952 γενέσθαι
1533 1906 1575 1952 F,

211 1948 552 2008 προμηθευόμενος
568 1950 636 1997 τὴν
651 1950 818 2009 ὑπαντὴν
835 1950 933 1998 αι’τῷ
949 1956 1128 1999 γενέσθαι
1149 1941 1333 2013 λαίιὶιπρᾶν
1343 1954 1383 1991 P.
1460 1956 1494 1990 4.
1508 1960 1576 2000 βα-

213 1997 433 2037 σιλευόντων
459 2000 502 2036 G.
639 2002 671 2037 5.
696 2014 848 2037 παντων
870 2003 944 2037 τῶν
966 2002 1037 2038 OG.
1180 2004 1213 2039 7.
1242 1998 1420 2049 ἀκούσας]
1446 2003 1576 2039 ἔνθεσ-

213 2051 390 2093 σαλονίκη
417 2049 504 2085 add.
530 2049 577 2096 F;
618 2049 683 2086 sed
709 2052 940 2108 expunctum
967 2053 1034 2086 est.
1230 2053 1264 2087 8.
1290 2050 1310 2087 ὁ
1339 2051 1411 2097 FC,
1440 2063 1510 2088 om.
1536 2052 1576 2088 P.

216 2099 273 2135 12.
300 2094 465 2144 πελάγου
490 2097 533 2134 G.
674 2100 730 2134 13.
755 2096 870 2135 αὐτὸν
894 2110 966 2135 om.
995 2099 1068 2136 CG.
1219 2101 1275 2136 16.
1301 2104 1508 2147 παραυτικα
1536 2100 1576 2146 F',

212 2147 444 2195 παραχρῆμα
469 2146 509 2183 P.
650 2148 706 2183 19.
731 2144 1132 2196 παρακελευσααενοςῖ
1262 2150 1320 2185 20.
1348 2153 1577 2197 καταρραθυ-

212 2199 302 2243 μεῖν
325 2196 368 2242 F,
393 2199 674 2243 καταραθυμεΐν
697 2195 737 2233 Ρ.

78 2297 249 2332 sanctum
283 2295 498 2342 sepulcrum
532 2296 750 2342 pervenire,
788 2298 831 2332 ut
869 2295 1065 2342 splendida
1098 2296 1171 2333 sibi
1212 2296 1423 2333 occursatio
1457 2296 1578 2343 fieret,

77 2344 126 2381 ad
156 2344 425 2391 imperatorem
449 2344 550 2381 hunc
576 2346 763 2381 amentiae
796 2345 973 2381 nuntium
1004 2345 1129 2382 misit:
1168 2344 1316 2390 “Scias‚
1357 2345 1578 2391 imperator,

76 2404 158 2430 esse
180 2405 240 2430 me
266 2400 393 2440 regem
419 2405 552 2440 regum
579 2396 619 2430 et
643 2394 824 2430 maiorem
853 2395 1013 2440 cunctis,
1043 2395 1108 2440 qui
1135 2394 1205 2430 sub
1231 2394 1333 2430 caelo
1361 2396 1458 2430 sunt.
1508 2394 1579 2431 ita-

78 2454 150 2489 que
187 2442 412 2479 adventanti
453 2442 547 2478 mihi
584 2443 684 2479 istuc
731 2443 840 2479 decet
885 2443 1032 2479 obviam
1072 2443 1120 2478 iri
1162 2454 1296 2488 meque
1332 2443 1458 2488 excipi
1502 2455 1578 2478 ma-

78 2489 215 2536 gnifice
241 2493 280 2527 et
304 2492 347 2526 ut
372 2491 566 2527 nobilitati
592 2502 696 2527 meae
730 2494 1026 2528 consentaneum
1063 2492 1150 2527 sit.”
1200 2503 1275 2538 quo
1307 2490 1456 2536 audito,
1490 2502 1575 2527 cum

18 2564 20 2566 ψ
77 2539 279 2587 Dyrrachii
307 2539 384 2576 dux
412 2542 512 2576 esset
536 2539 697 2576 Ioannes
723 2540 844 2577 Isaaci
873 2540 1188 2577 sebastocratoris
1214 2540 1327 2582 filius,
1356 2539 1402 2576 de
1419 2551 1493 2585 quo
1518 2552 1577 2575 su-

79 2599 150 2635 pra
173 2588 348 2635 diximus,
374 2588 483 2625 classi
508 2600 598 2625 vero
624 2589 725 2625 circa
744 2588 948 2635 Dyrrachii
966 2591 1122 2635 portum
1140 2588 1253 2625 certis
1270 2588 1479 2624 intervallis
1501 2588 1578 2625 col-

21 2671 23 2673 ,
78 2636 224 2673 locatae
247 2639 441 2684 praeesset
456 2636 635 2674 Nicolaus
653 2638 971 2682 Maurocatacalo,
1002 2638 1066 2685 qui
1079 2637 1225 2674 crebris
1240 2636 1328 2673 inde
1346 2637 1577 2673 excursioni-

0 2682 19 2714 ’ἶ
78 2686 150 2722 bus
176 2697 281 2722 mare
307 2685 546 2727 observabat,
571 2697 620 2721 ne
645 2687 1023 2733 praeternavigantes
1045 2686 1230 2732 piraticae
1252 2696 1366 2721 naves
1386 2686 1460 2721 sibi
1485 2685 1576 2722 late-

12 2732 21 2744 ²'
79 2735 182 2780 rent,
215 2735 425 2782 imperator
459 2734 508 2770 ad
547 2736 752 2781 utrumque
794 2735 966 2781 epistulis
1004 2735 1103 2770 datis
1142 2734 1337 2771 mandavit
1377 2734 1577 2780 Dyrrachii

0 2820 19 2828 ,,
81 2782 183 2827 duci,
209 2786 253 2819 ut
278 2795 300 2819 a
323 2783 541 2819 continente
566 2783 771 2830 littoreque
798 2784 896 2820 Galli
924 2783 1128 2820 adventum
1154 2782 1397 2829 opperiretur
1422 2783 1577 2828 eiusque

0 2829 24 2862 ²1
80 2833 259 2868 nuntium
293 2843 405 2878 quam
448 2832 646 2868 celerrime
688 2832 735 2869 ad
772 2833 1043 2878 imperatore-m
1070 2831 1260 2874 mitteret,
1299 2831 1422 2868 Ubum
1453 2831 1575 2877 ipsum

18 2880 40 2920 ᾖ
81 2881 276 2927 exciperet
298 2879 515 2927 magnifice3
543 2880 678 2917 ducem
698 2893 788 2918 vero
815 2880 945 2918 classis
971 2892 1040 2918 nec
1067 2891 1213 2917 cessare
1239 2882 1305 2916 aut
1322 2879 1575 2926 languescere,

81 2928 146 2966 sed
174 2930 360 2976 perpetuo
385 2928 547 2976 vigilare
571 2929 707 2972 iussit.
747 2929 902 2967 interim
922 2929 1039 2977 Ubus,
1065 2931 1268 2976 postquam
1295 2928 1343 2977 ad
1363 2927 1576 2975 Longibar-

0 3039 33 3152 aa
