1734 3120
167 250 249 292 350
673 252 837 291 ANNAE
866 251 1133 289 COMNENAE
1190 251 1192 254 '

166 372 355 429 παρίημι
385 370 433 414 δὲ
462 366 726 421 Στυλιανούς
755 386 875 420 τινας
895 370 966 412 καὶ
994 366 1103 420 τούς
1125 367 1385 424 λεγομένους
1401 363 1652 424 Λογγιβὰρ-

165 443 270 493 δους
313 441 386 484 καὶ
428 437 563 491 ὅσους
607 438 683 482 ἐπὶ
727 435 977 497 συναγωγὴν
1022 434 1310 491 ἐτεχνάσαντο
1351 436 1654 480 παντοδαπῶν

70 563 73 566 ῃ
166 504 399 565 ὀνομάτων
422 508 494 551 καὶ
522 505 627 559 τοὺς
655 501 884 557 Ἀττικοῦς
914 506 987 548 καὶ
1019 503 1129 557 τούς
1158 502 1390 561 γεγονότας
1421 505 1500 548 τοῦ
1533 501 1653 558 ἱεροῦ

12 591 53 627 Ρ,
81 591 152 626 486
166 574 407 634 καταλόγου
436 579 517 632 τῆς
547 571 736 632 μεγάλης
765 574 870 630 παρ’
900 570 1003 633 ἡμῖν
1032 573 1271 630 ἐκκλησίας,
1296 563 1358 615 ὧν
1387 572 1573 629 παρίημι
1602 568 1657 614 τὰ

11 654 55 691 V.
83 655 153 690 384
168 643 376 702 ὀνόματα.
434 642 544 689 ἀλλὰ
574 644 648 687 νῦν
679 637 770 686 οὐδ’
805 642 850 685 ἑν
881 641 1071 699 δευτέρῳ
1102 638 1219 698 λόγῳ
1256 638 1312 684 τοὶ
1351 641 1456 696 περὶ
1485 637 1691 685 τούτωνὸ

165 716 254 757 τῶν
282 709 520 769 μετεώρων
552 712 624 754 καὶ
657 713 858 768 ποιητῶν
889 710 959 753 καὶ
987 711 1132 753 αὐτῶν
1164 707 1448 767 συγγραφέων
1479 709 1551 752 καὶ
1580 711 1657 765 τῆς

164 778 256 827 ἀπὸ
287 779 458 825 τούτων
484 779 735 836 ἐμπειρίας·
767 778 950 821 πεττεία
983 777 1030 820 δὲ
1060 775 1110 821 τό
1145 774 1417 833 σπούδασμα
1442 777 1515 820 καὶ
1544 770 1657 820 ἄλλα

164 850 218 894 τὰ
239 848 344 907 ἔργα
363 845 571 905 ἀθέμιτα.
613 850 749 891 ταῦτα
780 846 827 890 δὲ
856 847 966 903 λέγω
999 842 1227 902 ἀχθομένη
1255 843 1328 889 διὰ
1357 843 1435 905 τὴν
1464 845 1656 904 παντελῆ

165 921 245 976 τῆς
272 918 495 975 ἐγκυκλίου
541 913 823 967 παιδεύσεως
867 910 1084 971 ἀμέλειαν.
1152 915 1285 958 τοῦτο
1331 911 1411 971 γάρ
1455 931 1541 970 μου
1574 912 1652 970 τὴν

165 985 316 1044 ψυχήν
355 981 599 1044 οἷναφλέγει,
641 981 709 1028 ὅτι
751 980 866 1027 πολὺ
906 983 1012 1039 περὶ
1037 978 1180 1026 ταύτὰ
1209 982 1527 1040 ἕνδιατέτριφα,
1558 977 1649 1033 κᾶν,
1672 993 1716 1026 10

167 1053 347 1099 ἐπειδὰν
383 1050 663 1114 ἀπήλλαγμαι
694 1056 772 1112 τῆς
809 1049 1140 1108 παιδαριώδους
1175 1049 1351 1095 τούτων
1387 1052 1545 1109 σχολῆς
1585 1052 1657 1094 καὶ

166 1123 230 1177 εἷς
259 1121 490 1183 ῥητορικὴν
519 1119 785 1179 παρήγγειλα
824 1122 897 1164 καὶ
943 1120 1213 1179 φιλοσοφίας
1258 1117 1445 1177 ἡψάμην
1475 1119 1548 1163 καὶ
1576 1136 1657 1175 με-

165 1190 271 1247 ταξὺ
301 1195 390 1235 τῶν
418 1191 675 1248 ἐπιστημῶν
705 1187 820 1246 πρὸς
851 1188 1044 1247 ποιητάς
1075 1206 1122 1232 τε
1153 1189 1226 1232 καὶ
1256 1189 1525 1246 ξυγγραφέας
1555 1181 1655 1247 ἤϊξα

123 1262 240 1309 Βκαὶ
265 1262 342 1319 τῆς
378 1257 570 1317 γλώττης
608 1256 713 1310 τους
751 1252 920 1312 ὄχθους
957 1253 1134 1301 ἐκεῖθεν
1175 1254 1521 1314 ἕξωμαλισάμην,
1562 1251 1658 1300 εἶτα

168 1329 400 1388 ῥητορικῆς
428 1324 733 1384 ἐπαρηγούσης
763 1326 862 1381 ἐμοὶ
882 1326 1099 1382 κατέγνων
1129 1326 1207 1385 τῆς
1234 1323 1345 1383 [τοῦ]
1367 1322 1658 1368 πολυπλόκου
1674 1334 1718 1369 15

167 1399 249 1454 τῆς
283 1396 604 1454 σχεδογραφίας
640 1395 826 1451 πλοκῆς.
886 1389 998 1438 ἄλλα
1035 1396 1171 1437 ταῦτα
1220 1393 1371 1449 μέντοι
1416 1408 1659 1449 προσιστο-

169 1465 354 1519 ρείσθω,
388 1462 427 1508 εἰ
457 1464 529 1506 καὶ
556 1460 616 1522 μὴ
634 1463 681 1506 ἐκ
711 1464 789 1507 τοῦ
821 1462 1056 1519 παρέργου,
1091 1457 1202 1505 ἀλλὰ
1223 1459 1297 1504 διὰ
1328 1458 1380 1504 τό
1417 1463 1496 1504 τοῦ
1526 1458 1659 1518 λόγου

167 1528 434 1576 ἀκόλουθον.

302 1604 342 1645 8.
411 1598 543 1643 Μετὰ
577 1599 625 1644 δὲ
671 1601 809 1644 ταῦτα
849 1601 928 1643 τοῦ
970 1597 1100 1652 ἔτους
1146 1619 1172 1642 κ-
1211 1595 1531 1649 διϊππεύοντος
1580 1597 1659 1656 τῆς

165 1670 388 1726 βασιλείας
417 1665 552 1713 αὐτοῦ
581 1669 787 1726 μέγιστον
818 1668 1091 1725 ἐπεγείρεται
1122 1667 1257 1726 νέφος
1286 1664 1529 1723 αἱρετικιῢν.
1586 1665 1658 1708 καὶ
1673 1671 1720 1706 20

165 1736 216 1783 τὸ
247 1741 328 1796 τῆς
355 1735 568 1793 αἶρέσεως
610 1732 730 1788 εἶδος
766 1734 926 1789 καινόν,
966 1734 1102 1796 μήπω
1136 1733 1359 1793 πρότερον
1389 1733 1660 1792 ἐγνωσμένον

167 1810 221 1867 τῇ
252 1806 472 1865 ἐκκλησία.
521 1803 600 1850 δύο
630 1803 710 1863 γὰρ
741 1802 938 1863 δόγματα
957 1805 1226 1862 συνελθέτην
1247 1802 1430 1848 κάκιστα
1449 1803 1521 1847 καὶ
1543 1820 1658 1861 φαυ-

301 1906 333 1940 3.
360 1902 443 1942 τοὺς
467 1907 554 1940 ante
579 1900 781 1950 γεγονότας
806 1903 946 1940 addidi.
1109 1906 1143 1940 5.
1168 1901 1247 1939 οὐδ’
1273 1903 1426 1949 scripsi:
1450 1899 1562 1937 οὐδὲν
1587 1900 1655 1936 CP.

301 1955 335 1989 9.
360 1952 566 1999 ἐγκυκλίου]
594 1954 681 1987 κυκλ
707 1953 747 1988 in
767 1965 837 1988 ras.
852 1965 902 1988 m.
917 1954 938 1987 2
956 1951 993 1988 C.
1121 1954 1176 1989 10.
1204 1950 1384 2000 ἀναφέγει
1400 1950 1437 1997 C,
1451 1962 1547 1986 corr.
1564 1962 1610 1985 m.
1625 1952 1658 1985 2.

303 2003 359 2038 13.
383 2000 598 2048 ξυγγραφάς
622 2001 690 2044 CP,
718 2003 875 2037 correxi.
1036 2002 1090 2038 15.
1117 2002 1180 2036 τοῦ
1206 2000 1349 2037 seclusi.
1514 2000 1566 2034 19.
1592 1998 1656 2033 τοῦ

300 2050 385 2086 add.
412 2062 460 2086 m.
487 2051 508 2084 2
534 2049 572 2085 C.
669 2050 840 2085 lacunam
870 2049 1053 2086 indicavit
1077 2050 1262 2086 Possinus.

168 2155 238 2190 que
251 2143 385 2179 aetatis
400 2144 467 2188 est,
481 2145 525 2178 ut
542 2143 715 2178 omittam
731 2142 918 2189 Stylianos
940 2142 1118 2189 quosdam
1143 2145 1180 2178 et
1198 2143 1263 2187 qui
1276 2139 1511 2187 Longibartli
1528 2151 1660 2175 vocan-

168 2197 231 2228 tur
262 2192 400 2238 quique
425 2191 466 2226 in
493 2191 715 2237 colligendis
741 2191 861 2226 omnis
892 2192 1040 2237 generis
1065 2191 1255 2227 vocabulis
1279 2190 1522 2226 elaborarunt
1547 2191 1660 2233 atque

169 2241 316 2276 Atticos
330 2243 368 2275 et
378 2240 442 2284 qui
457 2251 499 2274 ex
514 2251 617 2275 sacro
633 2251 789 2286 magnae
797 2240 973 2276 eeclesiae
984 2243 1133 2275 nostrae
1146 2239 1315 2286 catalogo
1327 2238 1490 2281 fuerunt,
1501 2248 1661 2283 quorum

168 2290 320 2325 nomina
334 2291 540 2334 praetereo.
583 2288 645 2324 sed
661 2300 760 2324 nunc
785 2300 830 2324 ne
847 2288 1008 2324 secundo
1032 2288 1182 2334 quidem
1205 2288 1286 2323 loco
1310 2290 1504 2333 ponuntur
1535 2297 1661 2330 super·

170 2349 330 2374 vacanea
353 2336 492 2372 scilicet
516 2336 582 2371 illa
605 2340 800 2382 poetarum
818 2337 1120 2382 scriptorumque
1135 2347 1249 2382 opera
1270 2338 1307 2371 et
1326 2346 1420 2381 quae
1436 2334 1523 2369 inde
1541 2333 1662 2379 repeti

169 2390 342 2432 possunt:
367 2385 591 2421 calculorum
608 2397 695 2421 vero
709 2386 810 2420 lusus
825 2385 991 2420 studium
1007 2387 1064 2420 est
1077 2388 1114 2420 et
1127 2384 1271 2429 reliqua
1290 2383 1488 2429 occupatio
1506 2381 1661 2417 nefaria.

168 2435 259 2470 haec
285 2434 380 2479 dico,
413 2434 501 2480 quia
533 2445 643 2480 aegre
674 2433 754 2469 fero
789 2433 960 2469 liberales
997 2436 1096 2469 artes
1121 2434 1272 2468 omnino
1297 2431 1485 2479 neglectas
1511 2431 1661 2476 uritque

168 2483 239 2518 hoe
257 2483 422 2518 animum
440 2493 575 2524 meum,
603 2482 703 2528 quod
728 2482 888 2517 multum
914 2483 954 2517 in
971 2481 1029 2517 his
1046 2482 1158 2517 rebus
1177 2484 1322 2517 versata
1339 2492 1429 2516 sum.
1472 2491 1557 2515 cum
1572 2489 1662 2514 vero

171 2531 315 2567 abiecta
332 2530 469 2576 puerili
488 2541 616 2566 eorum
640 2530 816 2566 doctrina
833 2530 879 2566 ad
904 2531 1133 2566 rhetoricam
1151 2533 1189 2565 et
1205 2529 1481 2576 philosophiam
1500 2539 1559 2563 me
1575 2539 1662 2562 con-

168 2580 333 2614 tulissem
349 2582 460 2625 atque
478 2579 579 2614 inter
592 2579 806 2615 tractandas
827 2591 887 2614 eas
905 2579 953 2614 ad
970 2581 1165 2625 poetarum
1184 2590 1298 2624 opera
1317 2581 1353 2612 et
1368 2588 1494 2613 rerum
1520 2576 1662 2620 scripta

168 2627 288 2663 ferrer
314 2628 566 2673 sermonisque
590 2627 692 2663 velut
717 2639 891 2663 verrucas
917 2627 1129 2673 levigarem,
1154 2630 1233 2662 tum
1252 2637 1339 2661 sane
1363 2626 1565 2661 adiuvante
1578 2624 1661 2658 rhe-

169 2676 298 2720 torica,
314 2679 494 2720 quantum
509 2675 807 2721 implicatissima
820 2676 1134 2722 schedographiae
1147 2674 1375 2721 perplexitas
1389 2672 1663 2710 contemnenda

171 2727 277 2768 essct,
302 2724 481 2759 intellexi.
531 2736 660 2759 verum
691 2724 783 2760 haec
815 2724 943 2760 addita
978 2727 1100 2769 sunto,
1135 2735 1210 2759 non
1244 2723 1392 2769 quidem
1420 2722 1662 2766 extrinsecus,

171 2772 234 2807 sed
260 2783 352 2817 quae
378 2774 511 2817 sponte
536 2784 619 2807 eum
646 2776 867 2819 argumento
893 2773 1126 2808 cohaereant.

306 2820 338 2856 8.
390 2820 478 2855 Post
507 2820 598 2856 haec
630 2833 727 2856 anno
766 2822 875 2867 regni
901 2822 979 2856 eius
1019 2837 1034 2852 α
1075 2822 1208 2866 ingens
1245 2817 1519 2855 haereticorum
1545 2817 1662 2852 nubes

173 2880 250 2904 sese
283 2868 435 2912 extulit3
477 2872 632 2915 eratque
664 2881 799 2905 novum
832 2870 871 2904 id
905 2869 1067 2905 haeresis
1100 2880 1229 2915 genus,
1265 2879 1468 2914 numquam
1501 2869 1588 2901 ante
1614 2865 1661 2900 ab

174 2916 327 2954 ecclesia
370 2917 574 2962 cognitum.
637 2917 711 2952 duo
751 2918 850 2952 enim
888 2918 1047 2963 pessima
1084 2916 1436 2963 improbissimaque
1473 2914 1661 2961 dogmata,
1721 2918 1734 2924 ‘
