1794 3132
520 223 576 256 m
602 222 893 257 ALEXIADEM
920 223 1083 258 NOTAE
1462 221 1545 263 455

59 336 413 381 Bibliothecarius
441 335 486 378 in
514 334 734 378 Hadriano
754 335 840 379 PP.
898 337 959 380 At
988 338 1121 394 Regia
1151 340 1341 392 Stabula,
1370 342 1421 385 de
1453 343 1547 398 qui-

60 395 136 438 bus
167 394 306 444 Anna,
337 394 453 436 extra
482 391 653 444 Urbem,
684 391 738 435 ad
768 405 910 436 muros
941 395 1267 440 Blachernianos
1293 400 1425 441 erant.

196 446 465 507 Κοσμίδιον]
495 448 799 491 Monasterium
832 449 905 493 SS.
937 450 1110 495 Cosmae
1140 454 1183 495 et
1203 453 1401 497 Damiani
1431 457 1585 500 extrac

61 508 229 559 Urbem,
259 505 311 549 de
342 519 424 562 quo
457 518 533 549 nos
563 504 754 560 pluribus
783 505 838 548 ad
871 507 1076 551 Villhard.
1109 509 1162 552 N.
1184 511 1251 552 86.

193 558 415 619 1ἱεώργιον
441 558 520 604 τὸν
549 557 877 620 Παλαιολόγον]
922 564 1159 619 Nicephori,
1192 566 1309 608 cuius
1355 567 1591 610 meminitD

59 619 295 676 Bryennius
324 619 397 663 lib.
412 621 452 663 3.
473 619 529 662 N.
545 619 610 661 15.
642 617 814 674 Scylitz.
844 633 941 675 pag.
960 622 1056 663 834.
1080 627 1121 664 et
1136 623 1261 665 Anna
1282 635 1376 678 pag.
1394 624 1461 665 54.
1477 624 1544 666 56.

58 677 208 776 ganz,
228 676 291 776 {28
314 689 439 732 quem
466 674 613 719 scribit
638 675 977 731 Theophylaetus
1000 678 1173 733 Bulgar.
1198 678 1391 734 Archiep.
1414 679 1545 734 Epist.

116 767 127 777 .
155 745 179 776 e
285 766 295 776 .
1154 760 1160 764 <

192 785 399 844 Κτίμασι
428 789 519 831 τῶν
547 783 911 846 Μωροβοὺνδου]
946 790 1156 833 Possessio
1190 790 1297 832 forte
1325 791 1759 848 Merobau-Pag.55.c

59 846 136 899 die,
170 847 244 902 qui
274 809 367 890 bos.
395 845 479 888 fuit
507 857 538 888 1.
569 858 665 888 cum
698 844 903 889 Gratiano
936 847 1047 901 Aug.
1079 847 1130 889 A.
1155 846 1250 890 Chr.
1273 857 1546 892 CCCLxxvn.

59 904 219 946 Iterum
235 915 331 946 cum
344 902 576 947 Saturnino
585 905 638 944 A.
648 911 922 946 CCCLXXXII.
935 905 1010 946 aut
1026 903 1198 946 alterius
1215 903 1398 947 eiusdem
1414 906 1549 948 nomi·

57 959 135 1012 nis,
161 959 258 1003 ortu
281 959 475 1015 Hispani,
499 959 659 1002 Asterii
676 958 767 1002 Cos.
794 960 950 1014 generi,
977 960 1027 1002 de
1054 973 1136 1014 quo
1152 959 1317 1003 Idaeius
1334 961 1379 1003 in
1397 961 1547 1005 Chron.

191 1012 319 1072 Πρὸς
361 1012 441 1059 τὸν
483 1012 697 1072 κοιτῶνα]
744 1015 854 1067 Mox,
895 1013 1052 1068 δεδιώς
1084 1013 1146 1082 μὴ
1176 1016 1245 1059 καὶ
1278 1014 1757 1074 ἑμφροίριοςΡειὲὧδΛ

58 1072 243 1129 γένηται,
272 1069 346 1116 διὰ
374 1069 427 1116 τὸ
458 1075 605 1123 κεναῖς
632 1071 783 1127 χερσὶν
810 1075 909 1123 τοῖς
947 1066 1065 1130 <nimpi
1097 1088 1175 1114 τον
1202 1073 1429 1126 βασιλικόν
1457 1090 1550 1117 κοι-

56 1131 178 1230 {⁰³⁹³
206 1125 453 1231 &³533
475 1129 648 1230 333..
664 1124 1114 1229 Ῑὲθὲἒὲἵῖὢῖῑιῖᾱὲω
1134 1131 1207 1229 {8¹⁵
1233 1130 1550 1230 320390222‘05

71 1199 1529 1241 umasslr..p....p....e

56 1243 220 1287 Latinis
249 1243 343 1288 aevi
386 1243 591 1299 sequioris
630 1241 820 1293 camera,
853 1243 1089 1286 Thesaurus
1123 1256 1281 1298 nempe,
1320 1245 1363 1286 et
1402 1245 1547 1287 Fiscus

55 1301 228 1356 Regius.
260 1299 420 1344 Ockam
451 1312 540 1355 cap.
570 1300 675 1355 quid
707 1300 765 1342 sit
794 1299 1064 1343 Scacarium:
1111 1299 1288 1343 Camera
1332 1305 1392 1344 est
1420 1301 1545 1352 loeus,

55 1358 103 1401 in
132 1371 252 1412 quem
279 1356 526 1401 Thesaurus
553 1356 827 1412 recolliqitm,
859 1356 924 1399 vel
954 1357 1157 1407 conclave,
1189 1357 1236 1399 in
1259 1371 1338 1411 quo
1362 1359 1549 1411 pecunia

55 1418 310 1458 reservatur.
367 1414 470 1457 Vita
502 1413 606 1456 Lud.
640 1413 709 1456 Pii
738 1415 821 1456 An.
852 1423 1056 1457 DCCCXL.
1128 1413 1261 1456 Iussit
1295 1414 1430 1467 fratri
1470 1428 1546 1457 suo

55 1470 267 1527 Droyoni,
295 1474 342 1514 ut
368 1471 591 1514 ministros
624 1470 824 1514 Gamerae
851 1485 955 1513 suae
988 1474 1086 1513 ante
1119 1485 1163 1513 se
1190 1471 1332 1514 venire
1374 1471 1544 1524 faceret,

55 1532 95 1571 et
126 1542 215 1571 rem
237 1527 510 1582 familiarem,
549 1541 656 1582 quae
690 1527 907 1571 constabat
941 1529 988 1570 in
1021 1528 1280 1570 ornamentis
1319 1527 1543 1583 reqahbus,
1593 1524 1606 1533 ”

47 1599 132 1639 per
157 1585 333 1640 sinyula
377 1584 559 1628 describi
602 1588 782 1627 curaret.
855 1584 967 1626 Hist.
998 1584 1189 1638 Archiep.
1221 1584 1434 1627 Bremens.
1464 1584 1544 1626 An.

54 1651 201 1686 MCLV.
233 1642 306 1685 ubi
322 1641 561 1684 Fridericus
589 1641 696 1695 Imp.
727 1640 898 1696 Mayna
928 1641 1157 1695 requiritis,
1186 1655 1209 1683 o
1237 1641 1321 1683 viri
1347 1640 1544 1692 Romani,

56 1699 108 1742 de
139 1699 362 1742 exinanita
394 1696 572 1741 Came-ra
600 1701 760 1740 nostra.
822 1697 998 1741 Gamera
1025 1697 1164 1752 Reyia
1205 1696 1348 1749 eadem
1379 1697 1547 1740 notione

55 1755 99 1798 in
134 1754 317 1810 Diplom.
345 1755 541 1810 Hugonis
569 1756 611 1797 et
637 1754 830 1797 Lotharii
861 1754 1025 1809 Regum
1052 1753 1204 1796 Italiae
1235 1753 1346 1807 apud
1375 1753 1490 1795 Ioan.
1520 1766 1546 1795 a

55 1812 190 1854 Bosco
219 1811 266 1854 in
286 1812 463 1855 Vienna.
523 1811 591 1854 Ita
621 1811 665 1853 in
697 1810 966 1854 Monasteriis
999 1809 1179 1853 Camera
1212 1809 1368 1851 dicitur
1397 1809 1546 1852 Mona-

55 1869 230 1911 chorum
259 1868 484 1912 aerarium.
518 1866 670 1911 Chron.
703 1867 938 1910 Besuense:
985 1866 1202 1921 Quidquid
1237 1867 1285 1908 in
1328 1865 1444 1908 lucro
1471 1868 1546 1908 aut

54 1925 219 1981 neqotio
248 1924 415 1980 aliquid
442 1925 595 1968 exinde
614 1925 838 1978 potuerint
873 1924 1049 1975 lucrari,
1083 1923 1226 1965 redeat
1259 1922 1318 1964 ad
1354 1922 1546 1964 vestitum

51 1982 242 2035 fratrum
267 1983 316 2025 in
347 1981 527 2026 Camera
553 1981 794 2035 supradicti
822 1981 917 2023 loci.
967 1980 1085 2022 Adde
1105 1978 1363 2021 Eckeardum
1388 1978 1544 2020 Iunior.

55 2039 106 2081 de
134 2039 249 2082 casib
278 2038 321 2082 S.
342 2037 458 2082 Galli
489 2051 578 2093 cap.
603 2040 669 2081 10.
699 2038 833 2080 Math.
866 2037 1000 2080 Paris.
1033 2049 1127 2091 pag.
1147 2037 1243 2077 255.
1265 2035 1359 2077 857.
1404 2033 1546 2076 Privi-

54 2096 134 2150 leg.
165 2095 277 2139 Eccl.
302 2095 539 2151 Hamburg.
561 2108 656 2150 pag.
676 2095 769 2137 169.
801 2093 929 2136 Gesta
946 2093 1107 2147 Dagob.
1128 2105 1216 2146 cap.
1233 2093 1300 2134 33.
1347 2090 1544 2134 Gamerae

54 2152 189 2207 igitur
219 2152 293 2208 qui
311 2153 515 2207 praeerat,
540 2152 812 2196 Camerarius
841 2150 991 2197 dictus,
1014 2148 1124 2192 Fisci
1144 2148 1266 2202 Regii
1287 2147 1541 2196 Praefectus,

57 2208 206 2252 Custos
233 2209 357 2264 Regii
387 2221 546 2252 census.
605 2209 724 2252 Idem
757 2207 938 2250 Ockam:
981 2205 1176 2259 Officium
1203 2203 1543 2247 Camerariorum

54 2267 103 2310 in
130 2269 298 2320 recepta
326 2266 519 2310 consistit
538 2267 587 2309 in
614 2266 762 2316 tribus,
783 2264 940 2307 scilicet
960 2263 1098 2306 claves
1116 2274 1316 2304 arcarum
1335 2259 1539 2310 baiulant,

46 2325 277 2378 pecuniam
306 2326 574 2366 numerata-m
592 2323 851 2376 ponderant,
883 2324 921 2362 et
958 2334 1043 2374 per
1094 2321 1288 2361 centenas
1333 2316 1467 2359 libras
1495 2316 1542 2358 in

49 2380 216 2433 forulos
242 2381 428 2423 mittunt.
494 2379 610 2433 Quae
646 2379 851 2423 adnotare
888 2389 1034 2432 operae
1072 2374 1253 2429 pretium
1291 2373 1427 2415 visum
1466 2374 1540 2421 est,

56 2438 104 2480 ut
131 2437 303 2480 tandem
333 2436 602 2492 percipiatur,
633 2436 706 2491 qui
742 2435 898 2477 fuerint
944 2432 1177 2476 Camerarii
1218 2429 1543 2472 Provinciarum

54 2494 99 2537 in
128 2494 275 2549 Regno
320 2493 615 2548 Neapolitano,
660 2493 711 2536 de
755 2491 904 2546 quibus
949 2489 1102 2544 passim
1137 2484 1543 2550 &handus-‚Gesta

56 2551 199 2594 Innoc.
230 2551 312 2594 III.
345 2550 430 2592 PP.
462 2552 540 2594 etc.
571 2550 616 2592 in
645 2549 784 2592 Gallia
816 2548 959 2589 nostra
979 2545 1139 2600 Mayni
1162 2543 1408 2593 Camerarn,
1440 2552 1543 2605 quos

54 2607 183 2663 vulgo
213 2621 309 2650 cum
331 2607 615 2651 Gambellanis
644 2608 798 2648 temere
833 2602 1107 2651 confundunt,
1142 2603 1183 2643 et
1212 2600 1256 2642 in
1277 2596 1544 2663 Monasterils

58 2664 318 2714 Camerarii3
347 2665 498 2708 horum
528 2664 639 2707 enim
667 2662 854 2705 omnium
883 2659 1067 2702 officium
1109 2657 1190 2700 fuit
1228 2668 1379 2698 aeram
1422 2665 1542 2708 prae-

52 2721 227 2765 fectura.
286 2721 369 2765 Sed
399 2721 480 2764 hac
512 2721 563 2764 de
592 2734 637 2763 re
666 2719 784 2773 alias,
815 2717 849 2759 si
883 2716 992 2758 Deus
1023 2715 1189 2764 faverit,
1220 2712 1422 2767 pluribus.
1504 2766 1514 2775 .

187 2767 353 2836 Εὗρον]
398 2778 571 2829 Eurum,
606 2789 677 2820 seu
707 2775 909 2825 Hebrum,
944 2771 1146 2815 Thraciae
1189 2768 1378 2819 fluvium,
1417 2766 1540 2810 hodie
1552 2776 1639 2821 Pag.
1649 2776 1705 2810 56.
1721 2773 1752 2808 D

53 2834 239 2878 Marica
266 2835 441 2879 dictum.
