1734 3120
177 229 259 272 348
681 238 846 274 ANNAE
876 237 1141 272 COMNENAE

175 371 246 398 σαι
269 353 502 412 δυνήσαιτο
524 352 627 407 τοὺς
647 355 752 399 καθ’
771 352 935 412 ἡμέραν
957 354 1192 406 ἐσθίοντας
1213 350 1239 411 ἢ
1258 350 1336 412 τὴν
1356 353 1460 397 καθ’
1479 350 1664 411 ἑκάστην

23 426 66 464 V·
93 429 162 463 383
175 420 378 482 δαπάνην
404 424 476 467 καὶ
495 421 577 481 τήν
604 424 831 481 γινομένην
852 421 915 474 εἰς
937 422 1120 478 ἕκαστον
1141 420 1356 477 πρόνοιαν
1365 442 1378 476 ,·
1411 421 1476 474 εἷς
1497 422 1663 466 ἐκεῖνον

174 490 254 549 γὰρ
283 488 490 551 ἀναφέρω
523 493 595 536 καὶ
630 490 685 536 τὰ
722 493 814 546 μετ’
856 492 1034 535 ἐκεῖνον.
1094 491 1261 543 ἐκεῖνος
1288 489 1367 547 γὰρ
1403 486 1663 550 α’φωρίσατο

174 557 252 612 τὰς
283 556 375 604 α’πό
406 563 483 619 γῆς
513 561 584 604 καὶ
604 558 830 617 θαλάττης
860 556 1013 612 αἰῗτοῖς
1034 560 1267 615 προνοίας·
1302 560 1469 613 ἐκεῖνος
1488 557 1566 617 γὰρ
1588 557 1666 619 τὴν

174 626 359 689 δυνατὴν
402 626 628 687 ῥαστώνην
659 625 811 681 αὐτοῖς
853 625 1218 688 περιεποιήσατο.
1290 626 1578 686 προκάθηται
1615 629 1700 672 δὲ5

173 692 280 755 ἀνήρ
311 715 377 750 τις
406 700 495 740 τῶν
527 694 825 752 ἐνδοξοτάτων
856 694 1122 754 φροντιστὴς
1150 699 1231 755 τῆς
1265 694 1532 753 μυριάνδρου
1564 714 1666 740 ταιν-

128 766 273 823 Βτησὶ
303 762 500 818 πόλεως·
534 760 920 824 ὅρφανοτροφεῖον
949 765 997 809 δὲ
1031 761 1167 824 ταύτῃ
1206 760 1414 822 τοῦνομα.
1473 761 1667 824 ὀρφανο-

173 837 388 892 τροφεῖον
419 834 468 877 δὲ
496 831 885 891 προσαγορεύεται,
918 832 984 877 ὅτι
1015 833 1039 891 ἦ
1070 831 1187 890 πρὸς
1216 831 1320 886 τοῦς
1353 830 1575 892 ὀρφανοὺς
1596 835 1668 877 καὶ

174 897 567 958 οἷπόστρατεὺτους
594 902 918 961 φιλανθρωπία
949 905 1035 946 τοῦ
1063 898 1392 960 αὗτοκράτορος
1421 923 1447 946 -x-
1478 916 1524 945 ff·
1557 900 1668 946 ὅθεν

175 971 247 1014 καὶ
277 965 472 1026 τοῦνομα
502 967 774 1027 ἐπεκράτησε·
816 969 866 1014 τό
898 966 990 1015 ἄπο
1024 974 1102 1030 τῆς
1131 973 1220 1014 τῶν
1252 966 1460 1030 ὀρφανῶν
1492 989 1667 1029 προμη-
1685 980 1727 1013 10

23 1042 62 1077 P.
90 1044 161 1079 485
176 1039 316 1091 θείας.
377 1038 559 1096 σέκρετα
588 1036 667 1095 γὰρ
699 1039 775 1083 ἐπὶ
810 1035 986 1091 τούτοις
1017 1040 1129 1083 πᾶσι
1156 1039 1549 1096 καῖ”λογοπραγιάι
1578 1042 1668 1082 τῶν

175 1107 518 1164 προνοουμένων
562 1105 673 1151 κατὰ
722 1104 777 1150 τὰ
820 1109 910 1150 τῶν
964 1104 1167 1167 πενήτων
1211 1104 1410 1166 κτήματα
1449 1108 1523 1152 καὶ
1567 1125 1668 1165 χρυ-

174 1172 411 1230 σόβουλλοι
445 1171 569 1231 λόγοι
600 1173 969 1231 ἑπιβραβεύοντες
999 1179 1097 1228 τοῖς
1124 1176 1417 1235 τρεφομένοις
1445 1173 1497 1219 τὸ
1527 1172 1668 1235 ἀναφ-

173 1244 362 1301 αίρετον.
434 1246 498 1302 τῷ
542 1244 589 1287 δὲ
630 1245 719 1302 ναῷ
760 1247 846 1288 τοῦ
886 1241 1241 1302 μεγαλοκὴρυκος
1284 1246 1466 1289 Παύλου
1508 1246 1668 1304 κλῆρος

172 1313 306 1370 μέγας
335 1313 585 1357 κατείλεκτο
618 1313 690 1356 καὶ
719 1310 860 1365 πολὺς
884 1313 955 1357 καὶ
978 1310 1144 1371 φώτων
1164 1314 1386 1370 δαψίλεια.
1433 1314 1505 1357 καὶ
1526 1331 1669 1370 παρα·
1683 1318 1727 1354 15

174 1377 407 1439 γενόμενος
436 1379 500 1433 εἷς
527 1382 704 1425 τουτονὶ
734 1380 813 1425 τὸν
843 1379 953 1425 νειὸν
981 1379 1097 1435 ἴδοις
1124 1379 1177 1425 ἂν
1204 1379 1364 1439 χοροὺς
1389 1380 1669 1438 ἑκατέρωθεν

174 1444 453 1509 ἅντᾴδοντας.
515 1450 721 1505 κατέταξε
750 1449 829 1507 γὰρ
863 1453 927 1509 τῷ
957 1453 1046 1494 τῶν
1069 1446 1337 1495 ἀποστόλων
1365 1454 1450 1510 νεῷ
1479 1445 1667 1512 ᾅδοντας

175 1518 247 1562 καὶ
277 1512 469 1578 ᾀδούσας
499 1516 609 1561 κατὰ
637 1516 715 1563 τὸν
747 1520 1027 1576 Σολομιῦντα.
1071 1518 1277 1576 ἐπιμελὲς
1305 1517 1386 1577 γὰρ
1417 1517 1559 1563 καὶτὸ
1580 1522 1669 1562 τῶν

177 1588 467 1631 διακονισσιῦν
498 1588 746 1645 πεποίηκεν
777 1586 915 1645 ἔργον.
955 1586 1126 1648 πολλὴν
1155 1589 1203 1633 δὲ
1234 1588 1450 1648 φροντίδα
1478 1588 1550 1632 καὶ
1578 1590 1668 1631 τῶν

309 1717 342 1751 4.
370 1713 414 1750 τὰ
439 1714 508 1760 ΟΡ,
533 1715 692 1751 correxi.
791 1712 900 1759 αὐτῆς
925 1714 994 1760 ΟΡ,
1020 1716 1178 1751 correxi.
1258 1714 1330 1762 γὰρ
1355 1714 1505 1761 scripsi:
1533 1714 1575 1749 δὲ
1602 1714 1670 1750 ΟΡ.

309 1764 343 1800 5.
372 1760 657 1809 περιεποιήσατο
672 1764 711 1809 C,
729 1760 997 1810 περιποιήσατο
1009 1764 1050 1800 Ρ.
1101 1764 1143 1799 δὲ·
1169 1764 1322 1810 scripsi:
1345 1761 1417 1810 γὰρ
1431 1763 1500 1799 ΟΡ.
1550 1765 1585 1799 6.
1610 1764 1670 1798 ἒν-

309 1809 471 1851 <rosarum
481 1811 518 1857 Ο,
532 1824 626 1848 corr.
635 1813 676 1847 in
690 1824 765 1859 mg.
817 1814 850 1848 9.
876 1814 1135 1870 φιλανθροπία
1149 1813 1174 1859 (ι
1190 1813 1377 1859 posterius
1389 1812 1430 1847 in
1440 1824 1513 1847 ras.
1525 1823 1572 1846 m.
1584 1811 1620 1858 2)
1632 1811 1669 1847 Ο.

309 1861 480 1896 lacunam
494 1860 650 1907 signavi.
776 1863 830 1896 10.
857 1875 898 1896 το
925 1859 1001 1896 ἀπὸ
1025 1862 1089 1906 τῆς
1112 1862 1262 1908 scripsi:
1288 1861 1350 1904 τῆς
1374 1859 1451 1896 ἀπὸ
1466 1859 1536 1896 ΟΡ.
1613 1862 1669 1896 11.

309 1907 394 1955 γὰρ]
422 1909 491 1944 ds?
568 1911 623 1944 12.
650 1913 941 1957 προνοουμένων
958 1910 995 1953 Ο,
1021 1914 1290 1957 προνουμένων
1305 1910 1346 1946 P.
1401 1906 1493 1944 κατὰ
1519 1909 1669 1955 scripsi:

308 1961 369 1993 καὶ
383 1957 451 1993 ΟΡ.
551 1959 605 1993 13.
631 1954 899 2005 ἀναφαίρετον]
926 1971 948 1994 ν
973 1958 1083 1995 finale
1107 1959 1190 1995 add.
1207 1971 1255 1994 m.
1272 1960 1294 1993 2
1309 1958 1347 1994 Ο.
1447 1959 1503 1993 15.
1529 1953 1668 2004 φώτων

310 2018 355 2042 ex
381 2006 488 2054 φῶτα
514 2018 610 2043 corr.
637 2018 685 2041 m.
711 2009 733 2042 2
758 2006 796 2043 Ο.
911 2009 962 2043 17.
988 2008 1063 2043 τῶν
1087 2003 1324 2054 ἀποστόλων]
1350 2006 1397 2043 cf.
1425 2006 1592 2052 Ducang.
1620 2006 1669 2041 ad

308 2055 344 2090 h.
371 2055 395 2090 l.
544 2056 599 2091 18.
624 2054 710 2101 γὰρ]
739 2055 807 2091 δὲῬ
951 2057 1006 2092 19.
1036 2055 1302 2102 διακονισσῶν]
1327 2058 1370 2090 Ξτο
1396 2055 1479 2091 add.
1507 2067 1553 2091 m.
1582 2056 1604 2089 2
1630 2055 1667 2090 Ο.

175 2170 344 2216 quotidie
381 2174 598 2216 vescantur,
646 2174 808 2218 quantus
847 2175 1018 2219 sumptus
1055 2173 1155 2208 cirea
1195 2172 1360 2219 singulos
1397 2171 1550 2218 edatur,
1595 2184 1670 2218 qua

174 2219 331 2265 quisque
361 2232 452 2256 cura
484 2220 641 2257 colatur.
692 2220 739 2256 ad
769 2220 875 2256 illum
908 2221 1008 2257 enim
1041 2220 1164 2256 refero
1199 2221 1314 2257 etiam
1350 2233 1445 2267 quae
1472 2223 1558 2267 post
1583 2232 1668 2255 eum

174 2267 330 2314 durant;
364 2280 452 2304 nam
484 2269 565 2314 ipse
589 2269 636 2304 iis
662 2269 867 2316 assignavit
892 2282 938 2305 ex
961 2273 1065 2305 terra
1094 2272 1131 2305 et
1158 2281 1201 2305 ex
1236 2269 1334 2305 mari
1358 2268 1557 2315 beneficia,
1589 2269 1670 2315 ipse

174 2328 321 2363 eorum,
357 2320 538 2363 quantum
571 2320 744 2363 poterat,
779 2318 968 2354 miseriam
993 2318 1143 2354 levavit.
1194 2321 1342 2363 praeest
1375 2319 1411 2354 ei
1435 2318 1542 2363 urbi,
1574 2329 1670 2363 quae

174 2365 292 2400 multa
317 2365 511 2401 hominum
536 2366 655 2401 millia
681 2367 861 2412 continet,
896 2379 941 2403 ex
966 2367 1230 2403 illustrissimis
1255 2366 1407 2413 quidam
1431 2367 1490 2403 vir
1517 2366 1670 2412 eiusque

174 2425 233 2448 res
260 2414 515 2460 administrat3
542 2417 750 2461 vocantque
776 2427 858 2451 eam
890 2415 1268 2462 orphanotrophium,
1299 2415 1398 2462 quod
1427 2415 1668 2461 imperatoris

176 2461 386 2497 humanitas
398 2475 486 2507 erga
511 2463 698 2509 orphanos
724 2476 869 2510 eosque,
911 2464 976 2510 qui
1002 2476 1076 2500 non
1103 2464 1262 2511 amplius
1292 2463 1459 2500 militare
1491 2466 1668 2509 poterant

178 2524 194 2541 2-
225 2525 254 2545 ι.
286 2511 339 2546 sic
361 2511 455 2547 illud
481 2523 615 2547 nomen
642 2512 743 2558 quod
769 2513 816 2548 ab
842 2512 1096 2558 orphanorum
1123 2525 1213 2549 cura
1238 2513 1391 2549 ductum
1417 2515 1475 2548 est
1499 2511 1669 2548 invaluit.

175 2562 369 2602 praeterea
412 2560 600 2596 tabularia
640 2561 817 2597 instituta
868 2564 955 2597 sunt
994 2562 1055 2597 >de
1108 2562 1166 2597 his
1209 2561 1382 2597 omnibus
1430 2561 1669 2606 rationesque

175 2606 335 2642 reddant
382 2612 555 2654 oportet,
609 2610 674 2655 qui
725 2621 930 2656 pauperum
986 2611 1235 2656 possessiones
1283 2609 1568 2653 administrant,
1627 2621 1669 2645 ac

174 2654 286 2690 bullis
314 2657 435 2692 aureis
458 2660 610 2693 cautum
627 2660 694 2702 est,
730 2670 776 2693 ne
807 2658 898 2704 quid
924 2658 981 2703 iis,
1009 2659 1073 2705 qui
1104 2659 1159 2695 ibi
1189 2659 1424 2703 nutriuntur,
1461 2658 1667 2694 auferatur.

176 2714 331 2749 magnus
362 2708 400 2739 et
433 2717 651 2741 numerosus
683 2706 803 2742 clerus
834 2707 961 2753 magni
993 2707 1265 2753 praedicatoris
1293 2706 1403 2742 Pauli
1436 2706 1577 2752 templo
1603 2705 1666 2741 ad-

176 2752 337 2797 scriptus
371 2756 427 2788 est
458 2757 495 2789 et
527 2754 655 2801 largus
680 2754 865 2790 luminum
891 2759 1111 2802 apparatus3
1147 2767 1221 2802 quo
1248 2755 1288 2790 in
1313 2755 1454 2801 templo
1479 2755 1670 2800 utrimque

174 2799 307 2835 choros
330 2801 492 2837 vicissim
517 2806 691 2839 canentes
715 2804 931 2850 conspicies,
962 2816 1048 2839 cum
1074 2803 1329 2850 apostolorum
1355 2803 1440 2839 aedi
1467 2803 1668 2840 secundum

175 2846 408 2884 Solomonem
423 2854 593 2890 cantores
610 2851 865 2897 cantricesque
884 2852 1098 2889 addixisset.
1138 2865 1180 2888 ac
1194 2863 1331 2899 magna
1344 2864 1431 2888 sane
1452 2864 1542 2888 cura
1556 2852 1669 2888 etiam

175 2907 269 2942 quae
301 2896 349 2932 ad
379 2898 606 2935 diaconissas
647 2903 818 2946 spectant
856 2901 1048 2938 ordinavit
1073 2903 1113 2937 et
1138 2901 1331 2937 monachis
1356 2901 1541 2948 providit,
1567 2900 1670 2948 [quae
1695 2932 1734 2949 „a
