1734 3120
491 215 756 251 ALEXIADIS
785 218 880 252 LIB.
908 219 1007 253 XIV.
1040 213 1078 253 3.
1450 215 1532 256 265

39 345 118 381 τος
147 322 228 388 ἤδη
266 326 376 373 κατὰ
409 331 488 389 τῆς
519 329 841 389 Φιλαδελφείας
876 331 948 375 καὶ
983 335 1073 376 τῶν
1110 335 1340 390 παραλίων
1367 341 1527 395 μερῶν,

41 397 135 440 δεῖν
162 397 235 441 καὶ
254 391 389 451 αὐτὸς
417 397 722 456 ἐξεληλυθέναι
744 401 823 457 τῆς
840 399 1161 460 βασιλευούσης
1187 401 1297 460 ἔγνω
1319 399 1530 451 κάκεῖθεν

40 466 382 522 παραγενέσθαι,
415 456 469 510 οὗ
500 465 684 511 δυνατὸν
703 467 776 511 καὶ
797 470 891 511 κατ’
920 463 1063 528 ἄμφω
1084 467 1140 514 τοὶ
1160 471 1271 529 μέρη
1290 470 1528 528 μάχεσθαι.

39 531 357 590 καταλαμβάνει
400 534 549 578 τοίνυν
593 534 672 592 τὴν
716 532 1013 593 Χερρόνησον,
1076 532 1174 582 εἶτα
1216 538 1529 596 ἁπανταχόθεν

2 596 417 658 ὅᾶνακαλεσάμενος
443 601 523 656 τὰς
566 601 771 660 δυνάμεις
813 600 905 649 &ab
950 623 999 650 τε
1033 608 1165 664 ξηρᾶς
1203 610 1275 653 καὶ
1305 609 1570 670 θαλάττηςΟ

38 670 112 713 καὶ
141 664 395 715 ἅποδιελών
423 667 572 716 ἱκανὸν
598 670 850 730 στράτευμα
870 672 943 718 διὰ
971 678 1052 719 τοῦ
1072 674 1359 734 Σκαμάνδρου
1379 680 1530 736 μέχρις

37 732 332 795 Ἀτραμυτίου
362 740 434 784 καὶ
453 735 595 785 αὐτοῦ
628 741 681 799 δὴ
710 745 789 787 τοῦ
815 743 1065 801 Θρακησιόυ
1087 746 1389 804 κατατίθησιν.
1436 743 1527 804 εἶχε

35 807 116 863 μὲν
144 809 380 865 τηνικαῦτα
417 807 662 867 στρατηγόν
692 808 720 868 ἡ
754 811 1051 871 Φιλαδέλφεια
1084 817 1423 860 Κωνσταντῖνον
1450 815 1532 861 τὸν

37 880 64 919 Ι
67 878 212 932 ἀβρᾶν
239 877 313 922 καὶ
341 877 450 922 λαὸν
473 873 743 935 ἀποχρῶντα
771 878 888 936 πρὸς
915 878 994 938 τὴν
1013 878 1172 939 ταύτης
1206 881 1418 941 φρουράν,
1451 883 1530 930 τὸν

0 943 86 990 οδὲ
131 941 460 1003 μιξοβάρβαρον
499 950 782 1005 Μοναστρᾶν,
832 939 974 1005 οὗπερ
1019 950 1064 994 ἕν
1107 953 1296 1004 πολλοῖς
1336 950 1361 997 ὁ
1399 951 1530 1011 λόγος

38 1011 269 1073 ἐμέμνητο,
301 1012 328 1075 ἦ
355 1015 592 1073 Πέργαμος
620 1018 694 1061 καὶ
722 1015 777 1060 τὰ
806 1016 982 1074 Χλιαρά
1009 1020 1083 1063 καὶ
1110 1018 1167 1064 τὰ
1188 1018 1364 1074 τούτοις
1383 1039 1527 1078 παρα-

35 1080 214 1136 κείμενα
232 1083 449 1138 πολίχνια,
463 1097 466 1099 ·
480 1085 553 1128 καὶ
571 1081 616 1128 αἱ
639 1083 762 1142 παρὰ
780 1082 1008 1130 θάλατταν
1027 1086 1172 1145 ἕτεραι
1193 1086 1349 1143 πόλεις
1366 1084 1526 1144 ἄλλους

33 1145 172 1209 τόλμῃ
218 1151 292 1194 καὶ
335 1151 472 1210 πείρᾳ
509 1155 774 1214 στρατηγικῇ
805 1154 1109 1212 διαφέροντας.
1168 1155 1339 1218 πολλὴν
1368 1159 1417 1203 δὲ
1445 1157 1571 1219 τὴνΙ)

34 1215 150 1274 πρὸς
178 1213 340 1272 αὐτούς
363 1220 658 1278 παραγγελίαν
687 1218 712 1265 ὃ
742 1217 1032 1279 αὐτοκράτωρ
1075 1222 1319 1284 ἐποιήσατο
1350 1227 1526 1286 ἐγρηγο-

0 1286 152 1342 5ρέναι
181 1285 253 1331 διὰ
283 1286 452 1341 παντὸς
480 1289 552 1334 καὶ
582 1289 782 1343 σκοποὺς
806 1288 1121 1347 ἁπανταχόθεν
1151 1293 1397 1348 ἐκπέμπειν
1423 1293 1529 1348 τούς

32 1352 115 1406 τοῖς
142 1357 234 1399 τῶν
270 1353 507 1413 βαρβάρων
537 1357 852 1416 ἐπιτηροῦντας
890 1359 1154 1417 διεκδρομάς
1179 1363 1268 1406 καὶ
1307 1359 1527 1421 α’παγγέλ-

32 1423 188 1476 λοντας
215 1418 371 1478 αι’·τοῖς
388 1425 495 1470 καθ’
518 1423 648 1482 ὥραν.
698 1424 815 1472 οὕτω
836 1428 916 1484 μὲν
938 1420 1016 1472 οὖν
1046 1426 1101 1473 τὰ
1124 1428 1235 1474 κατὰ
1260 1429 1343 1489 τήν
1372 1427 1528 1476 Ἀσίαν

31 1486 390 1550 ἀσφαλισάμενος
418 1491 536 1551 πρὸς
565 1493 670 1548 τούς
692 1497 962 1550 θαλαττίους
990 1491 1150 1543 ἄπεῖδε
1182 1500 1406 1556 πολέμους
1429 1504 1527 1554 τοῖς

36 1555 258 1614 ναυτικοῗς
289 1560 600 1619 ἐντειλάμενος,
643 1565 748 1618 τούς
775 1565 857 1622 μὲν
895 1570 992 1619 τοῖς
1030 1566 1175 1623 λιμέσι
1205 1565 1421 1612 Μαδύτου
1454 1569 1524 1612 καὶ

0 1638 19 1673 o
36 1628 217 1672 Κοίλων
234 1632 536 1687 προσορμίσαι
556 1633 628 1676 καὶ
649 1631 728 1676 τὸν
743 1628 988 1690 ἅναμεταξὺ
1008 1633 1225 1691 πορθμὸν
1245 1634 1526 1690 ἀνυστάκτως

32 1695 270 1756 φυλάττειν
298 1697 513 1756 ἐκδρομάς
542 1718 662 1754 τινας
683 1703 979 1759 ποιουμένους
997 1701 1070 1748 διὰ
1088 1702 1324 1760 δρομάδων
1341 1702 1524 1764 κούφων

31 1767 146 1824 νηῶν
175 1767 248 1811 καὶ
275 1765 355 1820 τὰς
383 1771 462 1826 τῆς
483 1767 711 1831 θαλάττης
728 1769 972 1825 κελεύθους
988 1767 1273 1826 ἆνυστάκτως
1298 1773 1523 1833 ἐπιτηρεῖν

164 1889 197 1923 4.
223 1885 434 1934 χερόνησον
457 1890 499 1926 F.
628 1894 661 1928 5.
688 1889 1016 1940 ἀνακαλεσάμενος
1039 1894 1082 1940 F,
1106 1890 1456 1951 μετακαλεσάμενος
1480 1895 1521 1931 Ρ.

165 1937 196 1972 7.
222 1934 461 1994 ᾍτραμυτίου
485 1940 637 1987 scripsi:
663 1937 874 1990 ἀτραμὺτου
891 1942 932 1986 F,
958 1948 1183 1990 Λτραμητου
1195 1942 1235 1978 Ρ.
1389 1945 1423 1979 8.
1448 1943 1524 1990 μὲν

165 1978 231 2020 οὖν
245 1985 286 2030 P,
307 1998 373 2022 ουν
389 1999 461 2023 om.
476 1987 518 2023 F.
668 1992 725 2026 11.
756 1987 896 2039 Χλιερᾶ
913 1991 951 2026 C.
1102 1993 1155 2027 13.
1184 1992 1302 2037 τολμ“
1328 1994 1389 2026 καὶ
1414 1995 1523 2038 πείρᾳ

165 2035 385 2084 στρατηγικῇ
411 2035 455 2079 F,
481 2050 520 2072 π.
549 2047 584 2072 σ.
611 2051 644 2073 κ.
670 2052 701 2074 τ.
728 2038 767 2074 Ρ.
893 2041 947 2075 15.
977 2035 1244 2087 ἁπανταχόθεν
1269 2005 1312 2085 lq',
1338 2036 1521 2087 πανταχό-

164 2086 235 2119 θεν
261 2082 302 2118 Ρ.
460 2086 514 2121 18.
541 2082 673 2122 ἀπεῖδε
698 2086 741 2131 F,
767 2088 892 2123 ἐπεῖδε
913 2088 954 2124 Ρ.

29 2191 102 2226 iam
127 2191 424 2240 Philadelphiam
463 2198 747 2245 maritimasque
788 2199 959 2246 regiones
1002 2200 1165 2246 petebat,
1204 2200 1410 2245 imperator
1446 2199 1521 2245 ipsi

27 2239 100 2275 sibi
125 2241 334 2278 exeundum
365 2255 386 2278 e
421 2245 527 2291 regia
554 2247 648 2283 urbe
685 2258 804 2294 eoque
839 2248 1110 2284 aoeurrendum
1146 2249 1305 2294 putavit,
1341 2247 1439 2283 unde
1481 2248 1520 2283 in

28 2291 227 2335 utramque
245 2294 390 2336 partem
408 2298 603 2339 pugnaret.
648 2308 764 2341 quare
793 2295 832 2331 in
850 2295 1119 2332 Cherronesum
1148 2297 1338 2343 profectus
1356 2295 1522 2338 undique

27 2339 224 2373 terrestres
248 2340 468 2387 navale-sque
494 2343 620 2389 copias
644 2345 845 2387 contraxit,
870 2357 913 2379 ex
942 2345 1078 2391 quibus
1103 2357 1188 2381 cum
1215 2344 1366 2380 idoneas
1391 2345 1519 2390 copias

26 2384 234 2431 delegisset,
261 2398 329 2433 per
345 2388 613 2427 Scamandrum
637 2404 754 2438 usque
779 2393 827 2428 ad
850 2393 1103 2439 Atramytium
1121 2393 1435 2437 Thracesiumque
1459 2404 1520 2428 eas

27 2434 204 2479 progredi
227 2435 337 2472 iussit
355 2437 481 2484 ibique
499 2441 710 2476 consistere.
761 2445 841 2476 erat
859 2446 940 2476 tum
957 2441 1239 2487 Philadelphiae
1256 2440 1520 2476 Constantinus

26 2481 169 2518 Gabras
181 2484 391 2529 praefectus
407 2498 493 2522 cum
507 2487 778 2525 sufficientibus
792 2490 999 2535 praesidiis,
1009 2490 1217 2526 Monastras
1229 2501 1317 2525 vero
1332 2489 1519 2524 mixobar·

25 2530 151 2575 barus,
175 2531 221 2566 de
239 2544 313 2578 quo
333 2534 450 2570 multa
472 2548 585 2581 supra
603 2537 778 2582 diximus,
796 2537 1016 2582 Pergamum
1043 2542 1080 2573 et
1098 2537 1245 2573 Chliara
1263 2536 1517 2583 finitimasque

25 2589 139 2623 arces,
164 2582 307 2616 cete-ras
331 2594 420 2618 vero
445 2584 492 2619 ad
516 2596 619 2621 mare
637 2586 748 2621 urbes
766 2586 829 2621 alii
844 2587 1068 2622 obtinebant
1084 2586 1197 2621 duces
1213 2589 1251 2621 et
1269 2586 1323 2620 rei
1342 2585 1517 2621 militaris

25 2627 164 2672 peritia
187 2632 227 2664 et
250 2628 476 2667 fortitudine
491 2636 733 2679 praestantes.
773 2646 865 2680 quos
887 2635 1093 2680 imperator
1111 2634 1252 2669 nuntiis
1278 2633 1423 2669 assidue
1441 2646 1517 2669 mo-

25 2675 110 2710 nuit
128 2679 171 2711 ut
189 2678 326 2713 attenti
342 2684 464 2716 essent
479 2685 517 2717 et
532 2694 830 2728 quoquoversum
851 2682 1101 2728 speculatores
1124 2683 1331 2726 mitterent,
1357 2683 1422 2728 qui
1436 2682 1518 2718 hos·

25 2723 122 2758 tium
153 2726 389 2763 excursiones
422 2729 663 2766 observarent
689 2730 932 2776 celeriterque
961 2731 1052 2776 ipsis
1077 2730 1299 2766 indicarent.
1325 2731 1378 2766 sic
1407 2731 1517 2766 Asiae

25 2772 138 2807 rebus
159 2776 370 2818 procuratis
398 2777 445 2812 ad
466 2779 653 2814 maritima
685 2791 722 2814 se
753 2779 850 2814 bella
882 2783 1100 2814 convertens
1129 2779 1290 2814 nauticis
1319 2778 1448 2821 edixit,
1475 2782 1518 2814 ut

25 2820 167 2866 partim
185 2821 330 2869 Madyti
355 2827 393 2859 et
423 2825 618 2862 Coelorum
657 2831 789 2872 portus
827 2830 1064 2872 occuparent,
1103 2826 1241 2862 fretum
1279 2827 1517 2863 interiectum

8 2883 13 2888 2
25 2866 312 2915 diligentissime
342 2873 576 2911 custodirent
620 2875 803 2911 celocibus
841 2875 1026 2921 expeditis
1052 2876 1170 2911 maria
1194 2878 1455 2921 percursantes
1478 2878 1517 2910 et
