1794 3132
253 198 339 240 470
794 206 974 242 cAROLI
999 206 1239 241 DUGANGII

45 713 253 761 Hoeppiny.

64 763 106 798 de
122 765 240 810 Insiy.

62 822 150 857 pay.
169 814 227 848 98.

44 2039 133 2086 Pag.
143 2042 198 2076 70.
214 2042 245 2075 A

265 322 332 365 die
361 335 445 365 uno
472 335 551 377 quo
580 335 625 365 se
662 322 841 366 ornabat
868 321 976 376 felix
1006 321 1191 377 Reqina,
1231 323 1456 377 composito
1488 338 1678 367 sermone
1713 330 1759 368 ut

265 379 415 434 loquar
445 379 638 431 barbaro,
669 381 918 434 stapionem,
947 379 1141 433 camisa3‚
1178 380 1381 436 manicas,
1412 382 1562 436 cofeas,
1588 381 1756 436 fibulas,

265 439 415 478 cuncta
445 450 564 489 auro,
603 437 810 491 quaedam
853 437 1028 492 yemmis
1073 440 1280 479 exornata
1316 451 1401 490 per
1444 438 1647 481 circulum
1675 440 1758 482 sibi

258 492 490 547 profutura
521 497 666 536 saneto
696 493 832 536 tradit
861 493 1004 535 altari.
1054 492 1142 535 Nec
1162 493 1336 536 Francis
1366 493 1573 537 duntaxat
1602 496 1758 538 nostris

265 549 513 604 pracipuum
543 549 625 591 fuit
656 550 823 592 armilla
840 549 998 604 Regiae
1027 549 1251 604 dignitatis
1281 550 1460 605 insigne,
1483 552 1553 594 sed
1574 553 1615 594 et
1646 553 1756 606 apud

267 606 492 649 Saxonicos
521 606 769 649 Britanniae
801 607 948 661 Reges.
1001 605 1150 648 Tradit
1181 606 1291 649 enim
1311 606 1479 650 Simeon
1500 608 1756 651 Dunelmen-

254 663 323 705 sis
348 662 421 705 lib.
440 664 478 705 2.
505 663 666 706 Histor.
687 663 842 706 Eccles.
862 662 1058 709 Dunelm.
1080 675 1168 717 cap.
1191 664 1253 706 13.
1274 662 1537 707 Guthredum
1559 679 1582 708 a
1600 665 1755 709 Sancto

268 719 496 762 Cuthberto
520 721 664 774 posita
690 721 738 762 in
771 720 941 763 brachio
971 720 1061 762 eius
1100 720 1246 763 dextro
1286 721 1460 764 armilla
1496 722 1543 765 in
1580 736 1757 777 reynum

267 776 548 819 constitutum.
614 777 812 819 Virorum
858 777 985 819 fuisse
1031 777 1195 831 proprie
1239 778 1440 830 armillas,
1489 779 1649 833 pridem
1694 780 1757 822 est

266 845 361 875 cum
392 833 651 876 adnotarunt
682 833 935 876 Criticorum
966 833 1057 876 filii.
1117 833 1185 876 Ab
1216 834 1268 876 iis
1297 835 1440 888 postea
1471 835 1523 878 ad
1553 836 1756 879 foeminas

265 890 547 932 transierunt:
580 890 866 933 Tertullianus
888 890 938 933 de
958 890 1120 933 Pallio:
1137 889 1350 943 Armillis,
1372 906 1478 946 quas
1499 906 1549 935 ex
1568 894 1757 936 virorum

259 947 438 1000 fortium
467 947 591 990 donis
618 948 737 1001 ipsae
781 961 940 1002 quoque
980 951 1199 990 matronae
1238 953 1527 1002 usurpassent,
1571 951 1757 993 omnium

255 1003 557 1057 pudendorum
586 1005 777 1047 conscias
803 1017 955 1046 manus
985 1005 1146 1047 inserit.
1214 1004 1294 1048 Sed.
1335 1006 1376 1048 et
1415 1018 1499 1049 non
1528 1006 1628 1049 olim
1658 1008 1756 1050 tan-

263 1062 368 1112 tum,
402 1073 548 1103 verum
578 1061 706 1103 etiam
729 1061 989 1115 sequioribus
1017 1061 1166 1104 seculis
1187 1062 1370 1105 eiusdem
1392 1062 1563 1106 fuerunt
1582 1063 1753 1116 formae,

264 1129 370 1172 quae
400 1117 599 1167 virorum,
630 1118 708 1160 hoc
746 1120 820 1170 est,
865 1118 909 1160 in
954 1118 1126 1161 modum
1169 1119 1333 1162 latioris
1378 1120 1596 1175 segmenti,
1644 1121 1754 1176 quod

262 1173 439 1229 gemmis
470 1174 511 1216 et
539 1174 710 1229 lapillis,
743 1187 916 1229 opereve
953 1175 1131 1231 phrygio
1167 1175 1424 1219 adornatum
1460 1177 1643 1220 brachiis
1680 1178 1755 1221 ad-

263 1231 520 1274 nectebatur.
579 1231 750 1286 Papias,
781 1230 1026 1285 Dextralia,
1058 1231 1324 1289 Brachialia,
1355 1247 1489 1288 glenus
1517 1236 1755 1278 ornamenti

262 1301 476 1330 commune
504 1288 610 1331 viris
639 1292 678 1331 et
711 1289 933 1342 foeminis:
970 1293 1067 1332 ante
1095 1290 1289 1333 manicas
1323 1294 1559 1345 portantur
1588 1295 1629 1334 et
1655 1292 1755 1335 iun-

261 1348 422 1399 9untur
455 1359 547 1387 cum
577 1344 705 1387 olavo.
758 1345 873 1399 Quae
903 1358 987 1388 non
1009 1346 1221 1389 modicum
1250 1347 1470 1390 illustrant
1501 1361 1607 1403 quae
1628 1349 1754 1393 habet

262 1402 508 1457 Anonymus
545 1401 595 1444 de
624 1402 772 1444 Mirac.
803 1402 844 1445 S.
874 1402 991 1445 Fidis
1012 1403 1131 1458 Virg.
1166 1404 1206 1446 et
1237 1404 1364 1447 Mart.
1395 1417 1482 1459 cap.
1507 1407 1544 1448 5.
1594 1405 1751 1449 Arsen·

262 1458 343 1509 dis,
386 1472 494 1501 uxor
530 1458 734 1501 Willelmi
764 1458 967 1502 Tolosani
1001 1459 1187 1512 Comitis,
1233 1461 1390 1514 fratris
1433 1461 1551 1505 illius
1588 1462 1753 1518 Poneii,

262 1515 333 1569 qui
366 1515 418 1558 ab
446 1514 630 1558 Artaldo
662 1515 864 1570 posthaec
890 1517 1090 1572 priviyno
1127 1531 1202 1560 suo
1243 1518 1338 1561 dolo
1377 1519 1620 1572 interfectus
1655 1521 1751 1573 fuit,

260 1571 437 1614 habebat
465 1572 660 1615 armilla-s
690 1587 856 1625 aureas,
893 1573 957 1616 vel
986 1575 1147 1629 potius,
1180 1576 1291 1629 quod
1321 1576 1379 1618 ad
1407 1576 1592 1619 cubitum
1621 1578 1753 1620 eonti-

260 1628 516 1682 nuabantur,
547 1630 740 1673 manicas
768 1631 876 1673 miro
907 1644 1030 1684 opere
1057 1632 1311 1686 yemmisque
1340 1633 1582 1688 insiqnitas.
1654 1634 1751 1677 Vita

261 1684 301 1728 S.
331 1686 462 1741 Eligii
490 1686 624 1740 Episo.
651 1687 846 1730 Noviom.
889 1687 1088 1741 Quotiens
1124 1688 1309 1732 brachile
1338 1704 1524 1742 aureum,
1554 1705 1752 1746 puynam

259 1741 499 1798 (punyam)
539 1757 699 1798 quoque
729 1758 833 1787 auro
870 1746 1123 1800 yemmisque
1161 1750 1370 1801 comptam
1404 1747 1486 1792 sibi
1524 1748 1749 1802 subripuit,

258 1803 304 1842 ut
332 1801 499 1843 miseris
524 1800 795 1844 subveniret?

474 1925 538 1967 IN
571 1925 796 1970 LIBRUM
832 1927 911 1970 III.
971 1927 1283 1973 ALEXIADIS
1324 1929 1532 1973 NOTAE.

393 2029 772 2072 ΛΟΙῸΘΕΤΗΣ
803 2031 892 2072 τῶν
934 2029 1186 2087 Σεκρέτων]
1239 2032 1334 2076 Hac
1382 2033 1509 2076 etiam
1554 2033 1749 2076 functum

258 2083 468 2138 dignitate
498 2084 749 2141 Gregorium
772 2087 1054 2141 Camaterum,
1077 2090 1224 2133 Alexio
1253 2090 1499 2145 imperante,
1531 2091 1654 2133 autor
1688 2092 1749 2133 est

256 2140 429 2184 Nicetas
459 2142 503 2184 in
534 2143 691 2186 Ioanne
723 2157 811 2200 cap.
830 2147 869 2188 3.
901 2146 1157 2202 Logothetas
1187 2147 1328 2201 plures
1357 2146 1486 2189 fuisse
1515 2147 1558 2189 in
1580 2147 1747 2190 Palatio

259 2196 739 2254 Constantinopolitano,
780 2202 940 2256 pridem
980 2203 1256 2246 observarunt
1299 2203 1380 2246 viri
1415 2204 1541 2247 docti.
1612 2205 1749 2260 Logo-

257 2254 416 2297 thetam
449 2269 546 2299 vero
581 2257 653 2311 qui
683 2258 736 2301 ab
766 2258 892 2302 Anna
938 2260 1028 2301 τῶν
1071 2258 1297 2314 Σεκρέτων
1339 2260 1606 2316 indigitatur,
1653 2275 1745 2304 eum

258 2311 409 2364 putant
431 2312 623 2366 Wolfius,
654 2314 875 2367 Meursius,
908 2316 1140 2361 Salmasius
1171 2317 1224 2360 ad
1247 2318 1472 2372 Vopiscum
1508 2318 1549 2360 et
1571 2317 1746 2371 Goarus,

258 2380 380 2421 quem
408 2369 519 2411 idem
550 2370 723 2414 Nicetas
753 2372 798 2414 in
824 2373 938 2416 Man.
968 2373 1041 2416 lib.
1061 2374 1097 2416 7.
1130 2386 1218 2428 cap.
1242 2375 1277 2417 1.
1314 2373 1573 2418 Cancellario
1604 2376 1748 2430 aequi-

258 2425 398 2477 parat:
431 2427 542 2480 quod
572 2440 688 2470 secus
721 2441 763 2471 se
794 2429 931 2472 habet.
996 2429 1246 2473 Cancellarii
1287 2431 1396 2474 enim
1429 2431 1616 2487 dignitas
1648 2445 1746 2475 eon-

260 2481 373 2523 venit
394 2482 652 2537 Logothetae
681 2486 762 2527 τοῦ
785 2483 966 2541 δρόμου,
1000 2487 1073 2542 qui
1090 2501 1114 2530 a
1134 2487 1370 2542 Nicephoro
1392 2488 1641 2532 Patriarcha
1663 2489 1743 2532 GP.

258 2536 412 2601 dicitur
457 2537 480 2582 ὁ
513 2541 601 2581 τῶν
631 2540 857 2597 δημοσίων
887 2540 1158 2599 πραγμάτων
1187 2540 1266 2595 τὰς
1294 2540 1567 2601 ὑπομνήσεις
1597 2545 1746 2588 διακο-

256 2591 405 2650 μίζων,
452 2597 605 2651 quique
645 2598 796 2642 Edicta
841 2600 881 2643 et
914 2602 1076 2644 Aureas
1106 2602 1415 2656 Imperatorum
1455 2602 1603 2645 Bullas
1648 2604 1746 2646 sub—

256 2650 476 2704 scribebat,
507 2657 555 2696 ut
599 2667 644 2696 ex
689 2655 877 2699 Novellis
925 2657 1088 2713 aliquot
1132 2658 1340 2701 Manuelis
1389 2658 1589 2702 Comneni
1634 2660 1743 2714 apud

258 2705 350 2748 Car.
376 2708 587 2752 Labbeum
615 2711 758 2767 colligi
788 2713 936 2757 datur:
983 2715 1024 2757 et
1071 2728 1194 2770 quem
1228 2728 1273 2758 eo
1306 2716 1473 2758 nomine
1503 2716 1742 2760 Bullarium

256 2762 297 2804 et
332 2762 578 2809 Caniculum
625 2781 810 2812 servasse
856 2771 1120 2814 ostendemus
1156 2772 1209 2815 ad
1240 2785 1336 2827 pag.
1358 2773 1453 2815 338.
1514 2772 1576 2815 At
1605 2773 1742 2828 Logo-

256 2819 372 2864 theta
394 2821 654 2868 Secretorum
687 2826 779 2882 quis
812 2826 952 2881 suerit,
974 2828 1136 2885 quodve
1156 2829 1242 2873 eius
1264 2842 1428 2882 munus,
1450 2830 1553 2874 satis
1581 2830 1743 2875 indicat
1788 2880 1794 2883 ⁷,
