1768 3152
209 237 235 279 8
723 241 889 277 ANNAE
920 240 1187 276 COMNENAE

204 362 277 406 καὶ
306 360 427 405 λείαν
455 356 627 420 πολλὴν
659 358 706 404 ἐκ
741 359 824 416 τῆς
853 355 1086 419 ἡμεδαπῆς
1116 354 1388 412 ἐπισυνάξαι,
1436 352 1701 412 Πάτροκλον

158 426 444 489 Βεὺρηκότες
470 430 631 474 τοῦτον
660 425 892 486 πρόφασιν
911 425 1022 471 κατὰ
1051 430 1141 470 τῶν
1164 423 1394 482 Ῥωμαίων
1423 429 1701 486 πανστρατιᾷ

204 499 404 559 χωρῆσαι
432 494 736 555 ἐβουλεύοντο,
771 493 831 550 ὥς
860 497 1003 555 δῆθεν
1021 498 1087 555 τῷ
1118 492 1314 554 πατρῴῳ
1344 498 1505 540 τοῦτον
1536 493 1702 552 ἐγκαθ-

205 570 380 625 ιδρῦσαι
409 564 578 625 θρόνῳ.
639 567 713 611 καὶ
742 561 1113 623 ἅπαιωρουμένην
1133 559 1254 619 εἶχον
1276 564 1388 617 τέως
1409 564 1590 622 ταυτηνὶ
1619 562 1702 622 τήν

51 645 94 683 V.
122 647 193 683 216
204 635 382 697 βουλήν.
442 631 522 681 οῦκ
554 634 694 680 ἔλαθε
727 637 865 679 ταῦτα
884 631 963 678 τόν
983 629 1301 690 αὐτοκράτορα.
1365 631 1500 678 ἔνθεν
1528 650 1600 678 τοι
1629 634 1736 677 καὶὸ

205 703 283 760 τὰς
312 702 519 762 δυνάμεις
561 701 623 758 ὥς
667 701 853 749 δυνατὸν
898 702 1115 760 ἐξώπλιζέ
1149 721 1198 748 τε
1243 704 1316 748 καὶ
1356 701 1475 762 πρὸς
1503 701 1583 764 τὴν
1612 705 1703 747 τῶν

204 772 444 832 βαρβάρων
470 771 613 833 μάχην
643 771 923 832 ἡτοιμάζετο.
973 771 1028 817 τὰ
1057 770 1137 830 γὰρ
1163 772 1323 831 τέμπη,
1357 769 1473 829 ἅπερ
1504 770 1703 818 κλεισοὺ-

206 862 285 901 ρας
315 840 340 903 ἡ
371 843 541 897 ἰδιῶτις
568 838 662 888 οἶδε
693 844 866 900 γλῶττα
895 843 1057 895 καλεῖν,
1089 839 1150 895 ὥς
1182 840 1366 901 ἔφαμεν,
1405 839 1593 900 φθάσας
1618 835 1702 899 ἤδη

55 921 96 958 Ρ.
122 923 192 959 273
205 909 575 968 κατωχυρώσατο.
606 914 762 968 καιροῦ
781 911 830 956 δὲ
850 908 1222 969 παρεληλυθότος
1238 911 1338 955 ἐπεὶ
1355 908 1407 955 τὸ
1427 910 1703 968 Παρίστριον

204 981 309 1035 τοὺς
328 978 566 1038 Κομάνους
580 978 694 1038 μετὰ
717 983 798 1025 τοῦ
822 977 1120 1038 ψευδωνύμου
1142 980 1408 1036 καταλαβεῖν
1429 976 1700 1040 μεμαθήκοι,
1720 988 1764 1023 10

201 1049 308 1105 τοὺς
336 1049 391 1095 τὰ
420 1053 581 1108 πρῶτα
609 1050 689 1094 τοῦ
721 1052 1043 1105 στρατιωτικοῦ
1065 1046 1365 1106 συντάγματος
1386 1048 1605 1107 φέροντας
1631 1048 1704 1093 καὶ

203 1115 365 1173 αὖτοὺς
398 1119 452 1178 δὴ
482 1116 586 1172 τούς
615 1119 721 1164 καθ’
751 1113 864 1175 αἷμα
884 1119 957 1162 καὶ
978 1118 1027 1174 ἐξ
1044 1112 1293 1176 ἀγχιστείας
1311 1113 1433 1177 αὐτῷ
1455 1114 1703 1178 προσήκον-

203 1206 282 1242 τας
311 1185 578 1246 συναγαγών,
608 1186 648 1233 εἰ
676 1185 757 1246 χρὴ
779 1189 873 1231 κατ’
890 1182 1037 1232 αὐτῶν
1067 1187 1224 1243 ἐξιέναι
1256 1183 1530 1243 ἐβουλεύετο.
1590 1184 1704 1231 πάν-

204 1275 278 1312 τες
307 1257 356 1303 δέ
386 1254 503 1314 πρὸς
530 1259 663 1301 τοῦτο
681 1252 816 1301 αὐτὸν
832 1251 1062 1314 α’πεῖργον.
1107 1256 1256 1300 τοίνυν
1279 1252 1414 1309 αῦτὸς
1431 1254 1574 1316 ἑαυτῷ
1596 1272 1704 1301 πισ-

203 1323 346 1373 τεύειν
375 1321 455 1371 οῦκ
497 1321 614 1381 εἶχεν
659 1319 766 1370 οῦτε
802 1323 889 1386 μὴν
925 1328 1023 1378 τοῖς
1068 1324 1251 1378 οἰκείοις
1289 1319 1429 1387 ἤθελε
1474 1326 1705 1383 λογισμοῖς
1720 1333 1763 1368 15

203 1393 479 1457 χρήσασθαι,
525 1390 636 1439 ἀλλὰ
680 1392 732 1440 τὸ
769 1396 860 1439 πᾶν
905 1396 970 1453 τῷ
1004 1397 1105 1453 Θεῷ
1150 1389 1428 1452 οἷναθέμενος
1458 1395 1508 1451 ἐξ
1535 1395 1703 1460 ἐκείνου

203 1463 284 1526 τὴν
326 1465 470 1521 κρίσιν
520 1459 683 1524 ιἤτεῖτο.
762 1464 997 1522 τοιγαροῦν
1046 1460 1245 1517 ἅπαντας
1293 1461 1705 1521 μετακαλεσάμενος

203 1535 283 1579 τοῦ
314 1530 537 1590 ἱερατικοῦ
557 1532 631 1577 καὶ
661 1537 984 1588 στρατιωτικοῦ
1004 1529 1248 1590 καταλόγου
1277 1531 1341 1586 εἷς
1370 1530 1453 1591 τήν
1480 1535 1563 1578 τοῦ
1586 1535 1704 1578 Θεοῦ

162 1599 394 1661 Βμεγάλην
437 1602 667 1659 ἐκκλησίαν
709 1599 902 1658 ἑσπέρας
945 1604 1084 1662 φοιτᾷ
1131 1602 1204 1647 καὶ
1247 1597 1386 1646 α’ὗτοῦ
1427 1601 1480 1662 δὴ
1508 1605 1589 1648 τοῦ
1619 1620 1703 1647 πα-

203 1668 411 1729 τριάρχου
429 1667 653 1715 Νικολάου
674 1667 913 1727 παρόντος.
963 1668 1143 1730 ἔφθασε
1162 1668 1244 1729 γάρ
1261 1669 1326 1724 εἷς
1340 1669 1419 1715 τὸν
1444 1687 1705 1727 πατριαρχι-
1717 1680 1766 1714 20

203 1737 283 1784 κὸν
312 1736 625 1796 α’ναβεβηκέναι
658 1736 831 1796 θρόνον
849 1736 1156 1797 ἐπινεμήσεως
1176 1737 1551 1798 παριππευούσης
1580 1736 1705 1797 ἑβδό-

341 1861 375 1895 2.
404 1856 582 1907 εὑρηκότα
610 1859 653 1896 G.
753 1855 973 1906 Πάτροκλον
999 1889 1007 1896 .
1025 1889 1033 1897 .
1050 1889 1058 1897 .
1084 1857 1297 1908 πρόφασιν]
1334 1860 1382 1898 of.
1408 1861 1518 1898 Hom.
1545 1862 1587 1898 Il.
1616 1862 1706 1898 XIX

339 1909 422 1944 302.
518 1908 593 1944 τῶν
625 1906 817 1956 Ῥωμαίων
841 1908 888 1954 Α,
930 1910 993 1953 τῆς
1017 1908 1210 1957 Ῥωμαίων
1234 1909 1276 1946 Ρ.
1376 1911 1607 1957 πανστρατιᾷ
1632 1910 1705 1956 CG,

339 1959 547 2003 πανστρατὶ
573 1957 617 2002 A,
657 1958 908 2003 πανστρατιιῖς
935 1958 976 1994 Ρ.
1074 1960 1107 1994 4.
1132 1955 1267 2001 ταύτην
1293 1958 1335 1995 G.
1435 1960 1468 1995 8.
1495 1960 1638 2005 γλῶττα
1662 1960 1705 2005 F,

339 2005 495 2051 γλῶσσα
521 2005 562 2041 Ρ.
688 2007 728 2042 9..
749 2006 813 2042 ἐπὶ
839 2005 880 2042 G.
1008 2008 1064 2043 10.
1091 2004 1307 2055 μεμαθήκει
1333 2007 1378 2044 A.
1505 2009 1560 2044 12.
1588 2008 1631 2044 δὲ
1661 2008 1703 2045 G.

344 2055 399 2090 14.
426 2051 541 2090 αὐτὸν
566 2053 717 2101 scripsi:
745 2051 868 2091 αὐτῶν
890 2055 931 2091 Ρ.
1043 2053 1235 2103 ἀπεῖργον.
1274 2059 1400 2092 τοίνυν
1433 2056 1497 2099 (cf.
1523 2057 1541 2093 1
1569 2058 1649 2100 131,
1670 2058 1704 2094 5.

343 2104 424 2149 176,
439 2101 476 2149 3)
504 2102 651 2150 scripsi:
688 2099 947 2151 ἇπειργόντων
970 2104 1010 2141 Ρ.
1157 2106 1215 2141 20.
1243 2105 1355 2153 κυροῦ
1381 2101 1569 2141 Νικολάου
1594 2105 1666 2142 CG.

203 2198 369 2235 humana
394 2198 526 2235 satiari
551 2211 595 2236 ac
618 2200 775 2236 multam
811 2201 992 2248 praedam
1017 2212 1037 2238 e
1062 2203 1195 2238 nostra
1221 2203 1326 2238 terra
1350 2212 1464 2249 agere
1489 2201 1704 2249 cupiebant,

203 2247 334 2284 nancti
358 2248 523 2294 probum
548 2250 791 2295 praetextum
807 2250 1085 2297 expeditionem
1107 2250 1148 2286 in
1164 2250 1355 2287 Romanos
1372 2251 1572 2298 parabant,
1597 2250 1703 2286 illum

204 2295 351 2332 scilicet
376 2296 420 2344 in·
442 2299 646 2343 paternum
665 2309 824 2344 regnum
849 2299 1075 2335 restituturi.
1108 2299 1209 2346 quod
1234 2299 1430 2336 eonsilium
1449 2300 1521 2335 etsi
1535 2299 1704 2336 celarent

204 2347 331 2381 tamen
344 2344 612 2391 imperatorem
626 2358 702 2382 non
715 2346 825 2393 fugit.
851 2348 981 2394 itaque
996 2347 1028 2383 is
1043 2360 1155 2394 quam
1173 2347 1359 2394 plurimos
1375 2348 1515 2385 milites
1532 2349 1704 2385 armabat

205 2393 406 2440 omniaque
423 2394 471 2430 ad
487 2394 751 2440 proeliandum
769 2407 855 2431 cum
868 2396 1041 2432 barbaris
1067 2397 1237 2442 parabat.
1263 2397 1379 2433 valles
1395 2397 1496 2433 enim
1513 2398 1705 2444 angustas,

205 2453 301 2487 quae
326 2442 477 2489 vulgari
505 2442 635 2489 lingua
649 2443 809 2486 clisurae
826 2448 1024 2490 vocantur,
1050 2448 1092 2481 ut
1110 2445 1285 2490 diximus,
1312 2446 1511 2492 praesidiis
1525 2446 1600 2482 iam
1615 2448 1704 2482 ante

204 2489 437 2527 firmaverat.
492 2490 689 2528 interiecto
716 2495 841 2529 autem
868 2496 1052 2540 tempore,
1080 2506 1164 2530 cum
1186 2494 1369 2532 comanos
1396 2506 1571 2531 unacum
1594 2506 1703 2540 pseu-

205 2538 367 2587 donymo
394 2540 435 2576 in
475 2539 691 2577 adiacentes
716 2540 816 2577 Istro
850 2543 1024 2589 regiones
1050 2544 1197 2579 venisse
1235 2546 1454 2590 cognosset,
1479 2543 1703 2590 praecipuos

207 2587 321 2624 duces
348 2590 386 2624 et
411 2591 594 2635 cognatos
621 2590 926 2637 necessariosque
940 2603 1028 2627 suos
1046 2594 1231 2629 convocat
1257 2603 1344 2627 cum
1369 2592 1488 2638 iisque
1506 2591 1704 2638 deliberat,

205 2636 341 2683 ecquid
367 2648 430 2673 eos
456 2637 614 2684 aggredi
641 2650 662 2674 e
685 2649 728 2674 re
754 2638 867 2676 foret.
910 2640 1159 2687 omnibusque
1185 2641 1224 2677 id
1249 2640 1494 2688 negantibus,
1529 2641 1601 2677 sibi
1626 2652 1704 2676 non

205 2684 370 2721 confisus
408 2697 514 2722 suam
554 2686 665 2723 unius
700 2688 929 2724 sententiam
968 2690 1073 2734 sequi
1097 2689 1237 2733 noluit,
1275 2701 1408 2727 verum
1440 2689 1503 2725 dei
1542 2688 1704 2726 arbitrio

203 2735 326 2770 totam
364 2745 443 2770 rem
479 2735 775 2780 permittendam
811 2737 972 2783 putavit.
1024 2738 1153 2784 itaque
1187 2750 1273 2775 cum
1312 2749 1442 2774 omnes
1479 2738 1705 2774 sacerdotali

206 2784 245 2818 et
269 2781 428 2818 militari
452 2783 637 2820 laterculo
662 2784 876 2832 adscriptos
894 2788 1178 2833 congregasset,
1206 2798 1361 2834 vespere
1386 2786 1425 2822 in
1443 2798 1619 2834 magnam
1645 2786 1705 2822 dei

206 2831 403 2868 ecclesiam
445 2842 485 2868 se
520 2831 667 2870 confert
706 2833 787 2880 ipso
831 2837 1029 2880 praesente
1065 2835 1283 2882 patriarcha
1313 2835 1483 2872 Nicolao.
1534 2835 1567 2871 is
1604 2835 1705 2871 enim

211 2879 288 2917 iam
332 2879 630 2927 patriarchicum
675 2881 857 2919 thronum
901 2883 1124 2921 ascenderat
1165 2884 1374 2922 indictione
1414 2884 1575 2932 septima
1615 2885 1705 2921 anni
