1806 3132
292 180 376 223 680
502 171 506 174 ’
809 187 986 221 CAROLI
1014 185 1252 220 DUCANGII

289 304 445 348 mundo
472 304 608 348 5000.
636 303 760 347 solid.
792 306 830 345 et
858 302 963 345 duos
992 314 1114 356 equos
1143 300 1302 344 Farios
1332 303 1511 356 optimos
1555 304 1632 347 etc.
1680 304 1777 347 Non

291 361 441 405 desunt
472 361 544 416 qui
568 359 730 404 Arabes
760 371 904 403 vocem
941 359 1052 401 hanc
1090 358 1295 412 accepisse
1330 372 1355 402 a
1385 358 1556 403 Graecis
1598 361 1778 413 censent,

292 418 442 474 quibus
473 413 618 475 φορὰς
649 417 711 459 est
742 429 860 471 equa.
924 414 1057 457 Gloss.
1089 413 1159 457 Gr.
1203 415 1294 458 Lat.
1340 412 1495 472 φορὰς,
1545 412 1570 475 ἡ
1616 416 1779 472 θήλεια

290 475 448 526 ἵππος,
481 488 600 529 equa.
642 474 799 516 Verum
830 471 983 527 putant
1013 471 1087 514 alii
1114 471 1176 514 ita
1205 471 1370 515 nostros
1394 473 1624 528 appellasse
1655 487 1779 529 equos

292 531 493 586 integrOS‚
537 530 828 582 admissarios‚
874 540 976 582 quos
1008 526 1207 571 Germani
1236 527 1415 581 Waran,
1460 530 1508 572 ut
1553 531 1674 573 autor
1719 531 1782 573 est

294 587 533 639 Goldastus‚
566 587 822 641 nuncupant,
855 584 1047 639 Hispani,
1070 583 1261 627 Occitani
1296 585 1336 627 et
1357 586 1640 630 Provinciales
1659 587 1778 630 Gua-

292 657 494 700 ra9n0n3‚
526 644 598 699 qui
642 641 769 686 iidem
813 642 912 685 sunt
957 653 1060 696 quos
1090 641 1171 684 Lex
1200 640 1338 684 Saliea
1378 642 1445 686 tit.
1465 643 1504 685 4.
1534 643 1572 697 ἓ.
1594 645 1634 686 2.
1665 644 1705 686 et
1736 644 1776 687 4.

301 701 586 755 Waranj0nes
627 700 763 751 vocat,
811 710 910 742 voce
953 697 1062 741 forte
1105 698 1157 740 ab
1193 697 1376 742 Arabica
1401 699 1546 743 Faras
1589 700 1781 743 deducta.

295 758 486 813 Denique
514 770 598 800 non
627 756 810 798 multum
854 754 1019 799 abludit
1064 767 1143 797 vox
1177 753 1595 800 Cambrobritannica
1623 757 1780 812 Fareb,

295 827 437 870 equus,
461 814 570 857 unde
602 811 829 866 Cadfarch‚
861 822 991 866 equus
1020 810 1206 863 bellicus,
1252 811 1300 853 ut
1340 812 1402 854 est
1447 813 1558 867 apud
1591 813 1779 856 Marcum

296 870 492 914 Zuerium
520 869 811 912 Buxhornium
842 868 887 910 in
917 867 1163 922 Originibus
1195 866 1383 911 Gallicis.
1423 869 1535 912 Hinc
1565 883 1590 913 a
1611 870 1782 913 Francis

294 927 449 970 nostris
478 926 623 982 Equos
653 926 900 969 Ferrandos
943 923 1147 967 Arabieos
1190 926 1451 980 nuncupatos
1496 926 1635 981 fuisse,
1678 939 1779 970 voce

296 983 436 1027 efficta
466 998 490 1028 a
511 984 667 1035 Faras,
702 982 916 1037 probabile
936 980 1010 1024 est.
1050 981 1297 1024 Lambertus
1318 983 1539 1026 Ardensis:
1571 982 1781 1037 Optimum

295 1054 443 1095 equum
484 1039 758 1084 Ferranduni
803 1038 1034 1082 liberaliter
1076 1037 1237 1081 obtulit.
1300 1037 1456 1082 Gheval
1490 1039 1693 1095 Ferrant,
1737 1041 1781 1082 in

297 1098 568 1141 Testamento
613 1096 814 1139 Balduini
860 1094 1036 1138 Comitis
1078 1093 1301 1138 Guinensis
1329 1096 1381 1140 A.
1413 1106 1642 1141 MCOXLIV.
1673 1097 1783 1152 apud

296 1154 595 1198 Duchesnium.
654 1153 716 1196 Le
745 1152 914 1196 Roman
943 1152 994 1195 de
1027 1150 1190 1194 Garin:

498 1221 643 1265 Emmi
672 1221 716 1265 la
737 1220 865 1275 place
891 1221 924 1264 li
953 1223 1026 1264 ont
1055 1218 1247 1263 Ferrant
1270 1220 1456 1274 forsmis.

297 1279 438 1322 Idem:

502 1335 666 1379 Prenes
693 1349 765 1379 vos
795 1333 928 1390 9arde
955 1333 1006 1376 de
1034 1334 1119 1377 moi
1149 1337 1187 1376 et
1217 1334 1267 1377 de
1300 1349 1370 1378 rna
1401 1339 1513 1390 9ent,

501 1392 569 1436 Ne
601 1392 746 1436 tendes
774 1392 855 1434 mie
887 1403 936 1434 as
963 1390 1151 1443 chevaus,
1185 1404 1234 1434 as
1262 1391 1467 1444 Ferrans,

498 1448 542 1492 A
569 1449 672 1492 belle
700 1449 809 1500 robe,
841 1462 869 1491 a
898 1461 957 1498 or,
988 1461 1041 1490 ne
1068 1462 1096 1490 a
1125 1452 1287 1502 arpent.

298 1517 445 1561 Eidem
471 1517 628 1560 Poetae
658 1517 856 1560 dicuntur
886 1515 1098 1558 interdum
1126 1515 1199 1558 isti
1229 1516 1324 1570 equi
1358 1515 1627 1569 Auferrans:

300 1642 369 1686 ΑΓ
428 1642 443 1684 l
500 1584 619 1628 Mult
636 1599 729 1639 par
753 1585 804 1639 fu
835 1583 923 1636 lies,
957 1584 1102 1638 quand
1130 1584 1220 1627 vint
1250 1599 1277 1627 a
1304 1583 1584 1637 l'auferrand.

359 1656 398 1686 10
446 1654 539 1685 oco:

501 1697 575 1741 En
603 1698 739 1741 destre
769 1701 933 1741 menent
962 1697 1021 1740 les
1052 1696 1278 1751 auferrans
1309 1697 1360 1741 de
1378 1699 1490 1753 pris.

302 1756 509 1799 Rursum:

501 1811 562 1854 Et
591 1810 766 1854 enseller
792 1811 927 1855 maint
957 1810 1180 1864 auferrant
1209 1813 1406 1855 coursier.

303 1880 416 1923 Hinc
447 1879 623 1934 denique
654 1891 780 1933 equos
808 1891 962 1931 omnes,
993 1878 1120 1922 etiam
1148 1879 1379 1934 indigenas,
1411 1881 1483 1935 qui
1513 1880 1790 1923 Arabieorum

304 1937 483 1980 colorem
511 1936 724 1988 haberent,
756 1935 1006 1979 Ferrandos
1035 1936 1239 1978 vocarunt
1269 1937 1413 1980 nostri.
1460 1937 1671 1992 Rigordus
1710 1936 1791 1979 An.

303 2003 482 2037 MCCXV.
513 1992 563 2035 de
592 1992 803 2036 Ferrando
832 1992 1079 2035 Flandrensi
1114 1991 1275 2035 Comite
1304 1993 1349 2035 in
1377 1994 1533 2048 praelio
1564 1993 1790 2036 Bovinensi

306 2050 427 2104 capto
460 2049 501 2092 et
520 2049 732 2091 Lutetiam
764 2049 967 2092 adducto:
1009 2049 1096 2092 Nec
1126 2050 1517 2093 verecundabantur
1551 2050 1727 2093 illudere
1756 2050 1794 2092 ei

304 2106 469 2156 rustici,
514 2105 675 2148 vetulae
718 2109 757 2148 et
785 2106 920 2159 pueri,
958 2109 1086 2149 nacta
1127 2107 1341 2150 occasione
1371 2107 1423 2150 ab
1452 2107 1788 2162 aequivocatione

304 2163 508 2215 nominis,
553 2162 654 2217 quia
691 2176 841 2205 nomen
878 2163 967 2205 eius
996 2166 1082 2205 tarn
1111 2175 1224 2217 equo,
1257 2177 1382 2217 quam
1411 2163 1570 2214 homini
1601 2164 1792 2218 aequivo-

306 2233 399 2263 cum
426 2222 536 2262 erat.-
567 2222 605 2261 et
635 2232 736 2262 casu
763 2219 953 2262 mirabili
979 2219 1061 2262 duo
1089 2219 1182 2273 equi
1213 2220 1300 2262 eius
1318 2220 1485 2273 coloris,
1517 2221 1588 2276 qui
1617 2220 1692 2263 hoc
1718 2233 1791 2262 no-

306 2289 400 2319 men
444 2276 559 2330 equis
599 2276 791 2330 imponit,
830 2276 968 2330 ipsum
1007 2276 1053 2318 in
1080 2275 1225 2319 lectica
1264 2276 1474 2320 vehebant.
1551 2276 1790 2320 Albericus:

308 2331 476 2375 Accidit
525 2332 649 2375 etiam
695 2346 795 2376 casu
837 2332 1037 2385 mirabili,
1083 2333 1192 2387 quod
1221 2334 1316 2388 equi
1349 2333 1536 2377 lecticam
1565 2332 1790 2377 Fernandi

308 2389 516 2432 trahentes
544 2392 678 2431 essent
707 2388 859 2432 coloris
883 2389 1141 2442 ferrandini.
1170 2389 1410 2433 Willelmus
1442 2389 1614 2433 Guiart:

510 2445 699 2489 Ferrant
722 2449 892 2500 portent
923 2446 998 2489 dui
1027 2445 1260 2500 auferrant,

310 2558 331 2600 I
362 2558 382 2600 f
512 2501 593 2556 Qui
626 2506 719 2546 tous
746 2503 847 2546 deus
875 2505 969 2546 sont
998 2502 1048 2545 de
1067 2502 1164 2556 poil
1188 2503 1369 2556 serrant.

333 2571 359 2600 n
379 2571 444 2601 ra:

512 2615 569 2658 Li
597 2615 819 2669 auferrant
850 2614 900 2657 de
921 2614 989 2668 fer
1019 2615 1136 2669 ferre

512 2671 763 2726 Emportent
785 2671 974 2715 Ferrant
1002 2673 1175 2726 enferre.

312 2736 554 2781 Cuiusmodi
584 2739 727 2781 autem
754 2739 881 2781 fuerit
909 2739 1022 2782 color
1051 2739 1123 2783 ille
1162 2753 1363 2796 equorum
1393 2740 1686 2793 Arabicorum‚
1719 2740 1791 2794 qui

310 2792 611 2838 Ferrandinus
639 2795 794 2838 dicitur
815 2795 1021 2850 Alberico‚
1052 2796 1172 2841 docet
1199 2797 1389 2841 Historia
1421 2798 1675 2841 Francorum
1706 2796 1792 2840 MS.
