1734 3120
203 209 287 250 406
759 216 905 251 PETRI
934 215 1128 249 Posslm

203 330 325 386 κῦρις
368 330 495 374 6113111
543 331 696 375 iterum
738 331 780 374 et
823 330 948 374 tertio
994 329 1103 373 idem
1134 328 1355 384 Augustus
1402 329 1690 383 compellatur.

203 388 300 431 Non
331 388 473 431 tamen
504 401 662 442 semper
692 400 879 431 summae
909 387 1075 429 servata
1116 385 1314 440 potestati
1345 385 1426 428 fuit
1467 385 1568 428 11366
1598 399 1688 437 vox,

203 445 274 488 sed
307 444 540 499 promiscue
580 445 764 499 personis
807 443 1024 487 honoratis
1064 443 1244 486 attribui
1273 442 1388 497 prius
1418 442 1590 486 solebat.
1650 442 1690 486 S.

205 501 414 544 Maximus
445 501 500 543 in-
518 501 810 545 dissertatione
831 513 924 543 cum
947 500 1109 555 Pyrrho
1140 499 1200 542 sic
1227 512 1320 542 eum
1353 511 1490 542 secum
1520 499 1694 554 loquen-

203 559 290 601 tem
320 557 435 602 facit.
481 556 525 600 τί.
555 572 628 600 σοι
657 554 791 600 κακὸν
822 552 1092 615 ἐποιήσαμεν
1122 556 1220 611 κῦρι
1250 557 1366 609 αββα
1387 550 1580 610 Μάξιμε.
1619 556 1695 598 Vi-

204 614 386 658 dendum
416 614 545 658 etiam
575 628 627 658 an
654 628 736 658 non
766 614 985 669 religiosae
1017 613 1290 668 appellationi
1321 612 1517 656 coelitum
1548 612 1692 656 eadem

205 684 284 715 vox
310 671 481 725 serviat,
511 673 560 715 ut
587 673 719 726 κῦρος
749 667 967 726 Ιὲιόργιος
997 670 1049 713 ab
1078 670 1203 713 Anna
1232 670 1487 713 memoratus
1531 669 1587 712 sit
1617 669 1694 712 Di-

206 741 282 772 vus
313 727 531 784 Georgius,
564 730 612 772 ut
642 742 716 772 nos
747 728 972 826 1001111111ῗί

249 871 252 875 -
340 843 572 885 ΛΙΖΙΟΣ.
629 834 912 895 ’Ἀνθρωπος
946 839 1082 895 λίζιος
1124 840 1282 883 homme
1323 839 1405 895 liye
1440 838 1695 893 ὑποχείριος

206 898 380 950 δοῦλος,
412 899 681 942 iureiurando
713 899 823 954 quod
853 899 1006 941 vocant
1032 896 1250 940 fidelitatis
1284 896 1412 940 alicui
1433 897 1549 940 velut
1570 897 1694 939 Prin-

206 956 289 1010 cipi
327 956 563 1007 obstrictus,
614 956 656 998 et
699 955 963 999 beneficiario
1008 954 1099 997 iure
1143 954 1342 997 obnoxius
1387 953 1526 997 cliens.
1588 953 1693 997 Vide

206 1012 434 1055 Meursium
467 1013 508 1055 et
539 1012 799 1056 Glossarium
829 1011 882 1055 ad
913 1011 1121 1055 Nicetam.
1189 1010 1348 1063 Quibus
1384 1010 1483 1054 addi
1511 1010 1694 1065 plurima

206 1070 379 1126 possunt
426 1082 473 1112 ex
510 1070 705 1113 Lectione
748 1069 1001 1124 scriptorum
1043 1067 1212 1111 citimae
1257 1067 1493 1120 vetustatis,
1538 1068 1692 1123 passim

208 1126 340 1170 cuivis
371 1126 506 1170 obvia.

340 1184 789 1226 ΛΟΙἸἸΒΛΡΛΙΑ.
851 1182 896 1227 si
927 1183 1020 1238 quis
1057 1183 1136 1226 1106
1175 1194 1324 1225 nomen
1364 1181 1533 1237 vulgari
1574 1181 1695 1224 hodie

209 1240 378 1283 notione
421 1240 602 1294 accipiat
645 1252 718 1294 pro
766 1239 987 1295 subalpina
1020 1239 1161 1291 Italia,
1212 1251 1338 1294 quam
1381 1239 1480 1282 olim
1515 1239 1696 1282 Romani

208 1297 443 1340 citeriorem
475 1296 662 1340 Galliam
691 1298 911 1349 vocabant,
953 1309 1030 1340 1136
1060 1297 1096 1339 is
1125 1296 1168 1338 in
1200 1295 1349 1339 Annae
1375 1295 1568 1339 Historia
1603 1295 1697 1351 plu-

208 1354 364 1397 rimum
392 1354 575 1397 falletur.
619 1354 662 1396 in
696 1366 742 1396 ea
774 1354 884 1397 enim
929 1353 1093 1408 saepius
1125 1352 1321 1396 Calabria
1359 1353 1434 1396 aut
1466 1351 1696 1407 Campania

207 1411 287 1459 isto
319 1410 485 1454 nomine
523 1410 781 1466 designatur.
858 1411 970 1454 Puta
1017 1410 1125 1453 libro
1173 1409 1307 1464 primo
1351 1409 1423 1453 ubi
1468 1408 1518 1452 de
1563 1409 1697 1452 initiis

209 1467 381 1510 Roberti
412 1466 630 1510 Calabriae
651 1467 803 1510 Ducis:
834 1467 901 1510 6111
933 1481 957 1511 3
987 1479 1127 1510 socero
1158 1466 1364 1509 tributam
1394 1466 1522 1509 fuisse
1551 1467 1696 1509 urbem

207 1524 311 1567 dicit
339 1524 383 1566 in
416 1522 716 1581 Λογγιβαρδίᾳ
745 1524 872 1568 sitam
902 1520 1120 1581 φρούριον
1154 1524 1363 1567 vocatam.
1439 1523 1515 1566 Est
1555 1523 1694 1566 autem

208 1595 290 1625 arx
321 1580 469 1624 civitas
500 1581 559 1624 sic
588 1581 702 1624 dicta
740 1594 823 1625 non
854 1581 979 1637 longe
1021 1595 1045 1624 a
1086 1580 1242 1635 Capua,
1282 1580 1332 1623 de
1369 1593 1452 1636 qua
1488 1579 1531 1622 in
1573 1579 1698 1623 Notis

208 1638 261 1681 ad
293 1651 387 1680 eum
416 1638 556 1681 locum
587 1638 750 1681 dicetur
779 1638 954 1693 aliquid.
1026 1638 1117 1692 Qua
1163 1637 1378 1681 occasione
1420 1649 1543 1692 porro
1587 1637 1697 1680 inter

210 1694 390 1738 Graecos
417 1695 675 1750 Byzantinos
714 1695 943 1739 invaluerit
987 1696 1089 1738 haec
1134 1694 1390 1738 consuetudo
1435 1693 1496 1736 sic
1524 1694 1695 1738 Italiam

209 1751 461 1806 appellandi,
509 1751 630 1795 docet
674 1752 836 1796 erudite
881 1753 946 1795 vir
986 1765 1115 1807 aeque
1173 1751 1393 1806 religiosus
1439 1763 1488 1794 ac
1534 1751 1695 1803 doctus,

209 1822 331 1864 quem
363 1808 531 1852 honoris
562 1822 690 1853 causa
718 1809 901 1861 nomino,
932 1809 983 1853 R.
1013 1809 1061 1853 P.
1092 1807 1218 1860 Goar,
1249 1808 1549 1864 posterioribus
1573 1807 1697 1851 Notis

209 1866 261 1909 ad
291 1865 536 1919 Cedrenum,
568 1866 621 1909 ad
647 1879 743 1922 pag.
764 1867 858 1909 577.
892 1879 1015 1921 quem
1043 1878 1295 1921 magnopere
1326 1877 1470 1908 censeo
1492 1865 1696 1908 consulas.

209 1923 446 1965 Admonere
474 1923 519 1965 id
548 1923 626 1966 1106
657 1924 748 1967 1060
779 1923 974 1967 interfuit
1003 1936 1054 1966 ne
1084 1923 1178 1978 quis
1209 1922 1387 1966 miretur
1417 1935 1513 1964 cum
1548 1921 1699 1965 viderit

209 1979 612 2034 1116Λογγιβαρδίαν
640 1980 852 2023 111161(111111
886 1980 1071 2031 Italiam,
1094 1980 1199 2023 alias
1229 1979 1469 2022 Calabriam
1493 1978 1699 2033 interpre-

209 2037 306 2080 tari.
350 2037 452 2091 quin
486 2037 613 2086 etiam
651 2037 879 2093 aliquando
911 2037 1250 2093 Longobardiam
1282 2036 1429 2080 Latine
1470 2035 1589 2091 posui
1623 2048 1698 2078 no·

209 2093 322 2137 tione
350 2093 493 2136 eadem
525 2107 607 2148 qua
635 2094 679 2137 id
709 2107 860 2137 nomen
894 2093 1044 2138 Graeci
1074 2095 1258 2137 sumunt.

344 2151 694 2193 ΛΟΓΧΑΙῚΑ.
769 2151 859 2193 Lib.
887 2161 934 2194 X.
986 2151 1063 2194 sub
1092 2150 1230 2193 finem.
1277 2147 1590 2205 παρεγγυῶμαί
1624 2163 1696 2191 σοι

210 2202 319 2263 μήτε
351 2203 467 2260 πρὸς
488 2201 694 2262 οὐραγίαν
712 2203 822 2267 μήτε
844 2203 960 2262 πρὸς
981 2206 1210 2263 λογχαγίαν
1229 2205 1444 2250 ἵστασθαι
1465 2202 1697 2264 φάλαγγος.

213 2263 370 2306 Suadet
401 2264 607 2308 Thrasoni
634 2265 807 2308 Alexius
850 2264 979 2307 nimio
1028 2265 1120 2320 plus
1171 2277 1298 2319 quam
1342 2263 1467 2307 vellet
1513 2263 1695 2306 hostium

210 2320 444 2373 inventuro,
475 2322 523 2363 ut
553 2334 635 2364 non
664 2322 709 2364 in
753 2321 888 2376 prima
919 2334 1001 2364 non
1043 2322 1085 2364 in
1128 2322 1338 2376 postrema
1384 2320 1472 2364 acie
1511 2332 1698 2375 pugnare

211 2377 392 2431 appetat,
423 2378 494 2420 sed
534 2378 579 2420 in
622 2378 782 2422 media:
828 2378 876 2421 ut
914 2379 1051 2421 tectus
1093 2378 1276 2433 undique
1316 2390 1487 2420 numero
1527 2389 1698 2420 suorum

211 2435 328 2476 tutus
357 2447 443 2477 esse
471 2435 613 2489 possit.
657 2430 862 2491 οὐραγίαν
892 2448 965 2490 pro
997 2435 1085 2478 acie
1121 2435 1331 2490 postrema
1360 2434 1446 2489 legi
1473 2434 1583 2490 apud
1616 2433 1698 2476 Xe-

212 2491 462 2544 nophontem
492 2491 536 2534 in
575 2485 802 2546 ἀναβάσει,
839 2490 1067 2561 λογχαγίαν
1092 2505 1313 2547 nusquam.
1372 2491 1495 2534 Nova
1527 2503 1604 2534 vox
1635 2491 1698 2533 vi-

212 2546 345 2590 detur.
403 2548 657 2603 Ideo-codex
689 2550 796 2593 alter
826 2548 1030 2618 λογαγιαν
1057 2549 1205 2592 habet:
1247 2561 1352 2603 quae
1382 2560 1458 2591 vox
1502 2548 1584 2590 huc
1614 2560 1697 2589 non

214 2603 406 2656 quadrat.
468 2604 694 2658 Quaeritur
724 2606 834 2649 6111111
862 2603 1098 2649 αντίθετον
1124 2607 1201 2664 τῆς
1231 2598 1447 2660 οὐραγίας,
1479 2604 1590 2660 quod
1611 2616 1697 2646 esse

212 2658 392 2714 λοχαγιά
422 2662 578 2715 nequit.
639 2663 767 2706 Recte
803 2676 902 2719 ergo
943 2661 1159 2719 λογχαγιά,
1200 2654 1553 2716 ἆντιπαράταξις,
1584 2661 1698 2703 frons

213 2716 426 2769 exercitus,
460 2718 529 2760 ubi
560 2719 733 2763 Hastati
771 2721 958 2776 cuspides
1002 2719 1269 2775 protendunt.
1339 2719 1436 2762 Non
1479 2716 1697 2761 dissimulo

215 2772 354 2836 tamen
386 2773 555 2829 λοχαγιῖ
560 2791 581 2816 ν
612 2776 866 2819 mentionem
901 2790 1007 2833 quae
1037 2776 1163 2820 tertio
1196 2776 1399 2831 quartove
1443 2788 1537 2818 mox
1576 2786 1697 2818 versu

215 2829 401 2886 sequitur
435 2831 691 2887 probabilem
724 2832 858 2877 facere
888 2834 1107 2879 lectionem
1145 2832 1360 2890 λοχαγίας.
