1734 3120
182 217 263 259 366
686 227 852 263 ANNAE
881 227 1148 263 GOMNENAE

180 336 272 395 ἅμα
299 340 372 383 καὶ
400 341 641 398 τραγῳδεῖν
666 338 722 384 τὰ
743 339 1023 397 ξυμπεσόντα
1042 342 1105 399 τῷ
1137 339 1441 401 αὐτοκράτορι,
1474 341 1668 403 ἱστορεῖν

30 415 70 452 Ρ.
97 415 169 451 496
180 406 261 464 μὲν
290 406 394 462 τούς
422 403 604 467 ἀγῶνας,
636 407 700 462 εἰς
727 409 949 468 μονῳδίαν
978 411 1027 454 δὲ
1055 404 1175 468 ἄγειν
1205 409 1355 456 ὁπόσα
1382 410 1461 473 τὴν
1489 430 1544 457 κα
1607 414 1669 457 ἀν

181 474 519 536 διεμασσήσατο.
576 478 683 534 μεθ’
715 468 776 522 ὧν
803 475 1010 535 τάττοιμι
1037 475 1091 521 ἂν
1119 479 1192 523 καὶ
1222 477 1301 524 τὸν
1329 480 1497 525 ἐκείνου
1527 478 1668 526 θάνα-

179 561 258 589 τον
300 546 374 590 καὶ
417 543 564 604 πάσης
605 546 685 604 τῆς
730 546 926 603 ἐπιγείου
975 544 1141 604 λήξεως
1185 541 1390 606 ὄλεθρον.
1451 547 1561 594 ἀλλὰ
1587 548 1668 608 γὰρ

178 614 483 672 ἀναμέμνήμαι
514 614 586 658 καὶ
615 611 758 672 λόγων
791 617 924 659 τινῶν
963 618 1193 672 πατρικῶν
1225 618 1306 677 τῆς
1348 617 1428 674 μὲν
1474 614 1704 676 ῖστορίαςῖ)

178 677 452 741 ἅπαγόντων,
486 682 550 736 εἷς
579 683 628 728 δὲ
656 681 761 737 τούς
789 686 984 745 θρήνους
1011 686 1084 728 καὶ
1122 683 1201 739 τὰς
1231 681 1497 746 ὀλοφύρσεις
1526 705 1670 746 παρα-

179 749 442 797 καλούντων.
504 746 665 813 ἤκουον
695 750 774 810 γὰρ
815 754 889 796 καὶ
919 751 1081 797 τούτου
1122 752 1348 809 πολλάκις,
1392 750 1555 816 ἤκουον
1592 755 1672 818 τὴν

178 821 345 879 μητέρα
370 822 444 866 καὶ
467 822 672 877 βασιλίδα
696 815 1028 875 ἆνακόπτοντος
1049 820 1370 869 ἐπιτάττουσαν
1391 828 1489 877 τοῖς
1508 830 1672 885 σοφοῖς

179 887 252 934 διὰ
280 893 358 949 τῆς
388 887 586 948 ἱστορίας
613 894 711 943 τοῖς
738 890 782 943 ἐς
809 888 993 947 ὕστερον
1030 892 1334 950 παραπέμψαι
1369 891 1474 946 τούς
1503 894 1670 939 ἐκείνου

180 955 349 1011 πόνους
377 960 449 1003 καὶ
479 956 535 1002 τὰ
567 957 714 1003 πολλὰ
740 951 865 1003 ἆθλα
895 959 1040 1003 ἐκεῖνα
1070 960 1142 1004 καὶ
1171 960 1226 1004 τὰ
1256 958 1502 1018 σκάμματα,
1524 980 1670 1022 μονῳ-
1685 969 1730 1003 10

181 1027 275 1071 δεῖν
302 1026 353 1071 δὲ
381 1027 452 1072 ἔπ’
482 1021 602 1086 αύτῷ
626 1028 699 1071 καὶ
728 1028 893 1072 κλαίειν
911 1027 966 1071 τὰ
992 1026 1280 1085 συμπεσόντα
1300 1027 1343 1075 οἱ
1364 1028 1499 1076 δεινά.
1537 1025 1667 1076 οἷῖπω

137 1092 260 1152 Βγάρ
293 1093 394 1148 ἔτος
423 1093 471 1140 ἓν
503 1093 618 1154 πρὸς
645 1097 710 1154 τῷ
741 1093 889 1156 ἡμίσει
927 1094 1199 1156 διελήλυθεν,
1233 1098 1283 1154 ἐξ
1318 1089 1464 1156 οὗπερ
1495 1102 1574 1158 τῆς
1601 1100 1670 1144 ἐκ·

179 1163 411 1219 στρατείας
441 1161 771 1222 ἐπανελήλυθεν
791 1161 815 1209 ὁ
837 1160 1134 1225 αύτοκράτωρ,
1168 1167 1241 1210 καὶ
1271 1164 1403 1221 νόσος
1421 1163 1527 1226 ἄλλη
1549 1166 1668 1227 δεινή

178 1249 245 1285 τις
289 1229 578 1293 ἐπισκήψασα
618 1231 782 1290 βρόχον
823 1230 1032 1294 ἐπήνεγκε
1080 1232 1226 1294 τούτῳ
1253 1233 1518 1293 θανάσιμον,
1551 1235 1591 1281 εἰ
1621 1236 1670 1280 δὲ

179 1301 249 1344 δεῖ
277 1294 471 1358 τάληθὲς
498 1299 655 1354 εἰπεῖν,
688 1298 767 1361 τὴν
797 1302 877 1345 τοῦ
908 1299 1076 1355 παντὸς
1106 1301 1417 1365 καταστροφήν
1441 1305 1514 1348 καὶ
1545 1308 1667 1364 φθο-
1684 1314 1729 1349 15

179 1365 271 1426 ράν.
328 1363 422 1413 ἄλλ’
454 1369 555 1414 ἐπεὶ
583 1367 635 1414 τὸ
667 1372 747 1431 τῆς
779 1368 1048 1424 ὑποθέσεως
1082 1369 1272 1429 ἑκβιάζει
1301 1372 1506 1431 μέγεθος,
1539 1374 1669 1433 φιλο-

178 1433 336 1494 πάτωρ
365 1454 413 1481 τε
439 1434 530 1494 ἅμα
561 1438 634 1482 καὶ
663 1435 923 1499 φιλομήτωρ
955 1439 1004 1495 ἐξ
1030 1435 1176 1483 αὐτῶν
1205 1438 1470 1499 σπαργάνων
1499 1458 1669 1500 γεγενη-

27 1515 70 1551 V.
96 1515 166 1551 392
178 1505 285 1563 μένη
301 1503 505 1562 θεσμούς
535 1503 734 1563 ἱστορίας
768 1504 1121 1564 ύπερεκπίπτειν
1156 1507 1340 1567 ἔρχομαι
1366 1510 1666 1569 διηγησομένη,

179 1570 293 1630 ὅπερ
325 1573 377 1618 οὐ
404 1571 520 1618 πάνυ
551 1591 594 1619 τι
623 1572 852 1632 βούλομαι,
886 1574 966 1637 τὴν
984 1578 1064 1621 τοῦ
1096 1572 1424 1635 αὐτοκράτορος
1452 1576 1669 1639 τελευτήν.

179 1637 485 1698 ἱπποδρομίας
529 1639 609 1700 γὰρ
654 1644 886 1702 γενομένης
947 1644 996 1700 ἐξ
1036 1641 1180 1698 αἷτίας
1221 1640 1385 1704 α’νέμου
1430 1650 1670 1706 τηνικαῦτα
1681 1652 1729 1688 20

178 1705 451 1762 πνεύσαντος
479 1711 681 1771 σφοδροῦ
710 1706 1062 1773 α’ναρροιβὸἧσαν
1101 1708 1201 1758 οἷον
1227 1714 1280 1759 τὸ
1309 1716 1448 1774 ῥεῦμα
1477 1715 1550 1759 καὶ
1578 1715 1670 1758 τῶν

140 1770 326 1834 Οἷίκρων
353 1775 648 1840 ὑποχωρῆσαν
676 1777 873 1837 θάτερον
899 1782 991 1825 τῶν
1026 1775 1162 1839 ιῖίμων
1192 1780 1460 1844 κατειλήφει.
1517 1779 1560 1828 οἱ
1588 1783 1669 1840 μὲν

313 1901 347 1936 2.
372 1899 580 1948 μονῳδίαν]
606 1915 619 1935 ι
645 1912 690 1937 ex
715 1913 748 1936 ει
774 1914 823 1937 m.
850 1904 872 1938 2
901 1902 938 1939 O.
1124 1905 1159 1942 8.
1184 1888 1472 1951 &vaxdn'rovroq
1498 1918 1558 1944 τος
1582 1904 1667 1961 add.

311 1959 360 1984 m.
390 1948 412 1984 2
438 1948 474 1985 C.
647 1951 677 1986 9.
706 1955 781 1990 τοῖς
806 1963 852 1988 ex
877 1952 939 1995 τῆς
964 1964 1011 1988 m.
1041 1953 1063 1987 2
1091 1952 1130 1989 C.
1300 1954 1358 1989 11.
1385 1955 1523 1990 κλαίειν
1547 1956 1668 1989 κελευ-

312 1997 442 2036 οντοςῖ>
590 1999 644 2035 14.
672 1995 854 2047 ἐπήνεγκε
879 1999 936 2045 0²,
959 1997 1165 2048 ἐπήνεγκεν
1190 2001 1277 2039 01P.
1434 2003 1489 2038 18.
1515 1999 1669 2050 ὑπερεκ-

312 2049 487 2082 πίαπτειν
513 2045 549 2082 C.
695 2048 755 2083 22.
777 2044 1002 2097 κατειλήφει]
1028 2061 1060 2084 ει
1085 2053 1172 2086 ante
1197 2051 1217 2084 λ
1240 2062 1286 2087 ex
1310 2062 1406 2089 corr.
1435 2062 1482 2087 m·
1508 2052 1531 2086 2
1557 2050 1595 2087 C.

178 2156 217 2190 et
240 2166 411 2191 enarrem
426 2159 464 2192 et
477 2156 678 2203 deplorem,
692 2170 787 2205 quae
800 2158 1019 2206 imperatori
1033 2161 1261 2204 acciderunt,
1276 2173 1444 2198 enarrem
1458 2174 1517 2198 res
1533 2165 1667 2209 gestas,

177 2202 369 2249 deplorem
392 2207 529 2251 autem,
554 2217 649 2252 quae
684 2208 851 2243 animum
888 2209 1128 2256 perederunt.
1188 2211 1263 2246 iam
1299 2221 1384 2247 cum
1409 2211 1668 2257 coniungenda

177 2251 236 2287 his
277 2251 450 2288 videatur
482 2254 615 2290 ·etiam
654 2267 755 2292 mors
792 2257 873 2292 eius
915 2258 1111 2305 omnisque
1164 2260 1276 2294 sortis
1320 2262 1492 2295 terrenae
1539 2260 1668 2295 interi-

178 2302 251 2344 tus,
276 2303 402 2336 tamen
430 2302 533 2338 dicta
549 2303 731 2349 quaedam
757 2306 877 2351 patris
902 2307 976 2342 mei
999 2307 1166 2352 memini,
1186 2319 1292 2354 quae,
1314 2308 1488 2344 lacrimas
1509 2308 1668 2344 luctum-

179 2359 250 2394 que
275 2349 364 2384 dum
386 2352 564 2394 excitant,
596 2352 643 2388 ab
670 2353 852 2389 historiae
881 2355 1086 2401 scriptione
1120 2356 1344 2401 prohibent:
1384 2357 1522 2393 etenim
1561 2367 1669 2402 saepe

180 2397 226 2432 ab
250 2408 294 2433 eo
322 2401 479 2434 matrem
505 2401 859 2448 imperatricemque
878 2404 1140 2450 reprehensam
1157 2404 1296 2450 audivi,
1314 2405 1415 2451 quod
1431 2406 1522 2442 viris
1547 2405 1667 2441 doctis

179 2445 401 2493 mandasset,
426 2450 470 2483 ut
493 2448 683 2486 historicis
702 2450 809 2487 libris
824 2451 926 2487 illius
950 2455 987 2488 et
1011 2452 1156 2489 labores
1182 2456 1220 2489 et
1236 2453 1356 2489 multa
1379 2454 1446 2490 illa
1461 2455 1667 2490 certamina

179 2504 223 2529 ac
259 2495 424 2540 pericula
448 2498 607 2542 posteris
632 2498 846 2535 traderent:
888 2500 1062 2547 lugerent
1098 2502 1225 2548 potius
1261 2514 1299 2538 se
1338 2513 1381 2539 ac
1416 2502 1668 2549 deplorarent,

180 2553 274 2588 quae
298 2543 371 2589 ipsi
395 2545 626 2591 accidissent,
651 2547 758 2583 mala.
819 2549 988 2585 nondum
1016 2551 1238 2597 sesquianno
1263 2551 1483 2597 praeterito,
1521 2562 1566 2586 ex
1592 2561 1666 2597 quo

179 2590 343 2627 redierat
380 2593 587 2639 imperator
626 2606 671 2631 ex
709 2596 949 2643 expeditione
986 2597 1062 2644 illa,
1097 2600 1224 2645 gravis
1260 2599 1294 2635 ei
1335 2600 1487 2635 morbus
1516 2599 1664 2635 letalem

179 2638 352 2684 laqueum
377 2641 560 2687 innexuit,
586 2643 655 2688 vel,
682 2645 714 2679 si
737 2656 866 2681 verum
885 2646 1010 2683 dicere
1034 2650 1197 2693 oportet,
1213 2648 1332 2683 totius
1357 2647 1490 2684 mundi
1506 2648 1664 2684 exitium

179 2688 454 2736 perniciemque
479 2691 622 2727 attulit.
650 2697 653 2699 ’
672 2692 737 2728 sed
761 2705 846 2729 cum
871 2696 1058 2741 propositi
1086 2696 1307 2742 magnitudo
1332 2700 1478 2744 urgeat,
1512 2697 1601 2743 quia
1623 2699 1662 2732 et

179 2736 298 2780 patris
323 2740 361 2772 et
385 2740 518 2774 matris
543 2740 629 2776 inde
655 2752 677 2776 a
704 2743 809 2778 cunis
827 2744 1082 2779 amantissima
1098 2755 1211 2789 eram,
1231 2744 1411 2781 historiae
1425 2745 1526 2792 leges
1544 2748 1666 2781 trans-

179 2783 330 2839 grediar
366 2798 533 2833 narrans,
561 2789 662 2834 quod
697 2791 852 2827 minime
888 2793 1012 2838 cupio,
1052 2793 1292 2839 imperatoris
1327 2792 1451 2831 finem.
1501 2792 1666 2841 equestri

178 2842 276 2867 enun
299 2832 387 2870 ludo
412 2835 601 2882 instituto,
627 2838 692 2874 ubi
712 2839 969 2877 vehementior
999 2852 1086 2877 eum
1113 2844 1247 2878 ventus
1274 2840 1432 2885 afflavit,
1458 2842 1594 2879 humor
1627 2852 1665 2878 se
1719 2846 1721 2849 ’

179 2880 285 2926 quasi
299 2883 494 2920 resorbens
505 2886 682 2921 extremis
695 2888 854 2924 artubus
866 2888 1007 2925 relictis
1021 2889 1182 2926 alterum
1195 2890 1393 2927 humerum
1410 2891 1661 2938 corripuerat,
1701 2931 1734 2947 l
