1794 3132
501 241 557 276 m
584 240 873 276 ALEXIADEM
901 240 1065 275 NOTAE
1442 235 1525 277 465

42 372 119 412 μοι
150 356 333 409 fuerunt,
362 356 443 399 hoc
472 356 546 408 est,
590 368 675 398 una
714 355 885 398 tantum
922 357 1043 410 parte
1079 357 1171 400 acie
1204 357 1446 408 instructae,
1482 359 1531 400 ut

46 414 147 457 illae
184 426 292 469 quae
321 412 432 468 apud
461 412 642 456 Leonem
671 412 871 454 dicuntur
914 412 1108 456 habuisse
1150 409 1304 467 στόμα,
1351 414 1530 457 alterum

45 466 228 522 κοπτὴν,
258 469 439 513 alterum
470 466 747 524 στρογγύλον.
811 468 1065 512 Deferebant
1103 482 1201 513 vero
1231 470 1341 513 Dani
1370 483 1530 514 secures

45 540 143 570 suas
167 526 213 569 in
247 527 420 570 humero
455 526 641 577 sinistro,
669 526 719 568 ut
748 526 874 568 autor
902 526 965 568 est
993 525 1234 570 Willelmus
1260 526 1529 570 Malmesbur.

44 584 117 628 lib.
135 585 172 626 2.
202 583 254 626 de
283 581 399 626 Gaet.
428 582 558 638 Angl.
590 595 678 637 cap.
703 582 767 624 12.
808 581 1000 625 Securim
1038 581 1253 626 Danicam
1288 584 1335 626 in
1363 583 1530 626 humero

43 641 233 692 sinistro,
262 639 415 683 hastile
446 640 635 693 ferreum
663 639 816 682 deaetra
848 653 980 681 mmm
1007 643 1228 693 9estantes,
1272 642 1314 683 et
1342 640 1531 694 Rogerus

45 697 298 740 Hovedenus
330 709 426 752 pag.
449 696 548 738 439.
586 694 803 738 Dam'cam
830 696 1010 738 securim
1046 710 1151 739 auro
1186 701 1439 752 argentoque
1465 711 1531 739 re-

45 754 239 797 dimitam
269 754 317 796 in
344 753 520 796 sinistro
549 752 720 795 hunaero
741 752 1007 806 pendentem.
1071 753 1151 795 His
1181 753 1531 807 quemadmodum

43 811 89 853 in
128 810 298 865 praeliis
341 810 574 861 uterentur,
618 809 781 852 indicat
809 808 1009 852 Silvester
1039 808 1237 852 Giraldus
1276 809 1322 851 111
1352 808 1530 864 Topogr.

45 867 220 910 Hibern.
249 867 359 922 part.
381 867 418 909 3.
453 878 541 920 cap.
567 867 633 908 10.
663 865 889 909 securibus
918 880 1077 921 quoque
1106 866 1263 920 amplis
1286 866 1439 919 fabrili
1469 866 1531 908 di-

44 924 222 980 liqcntia
265 924 418 978 optime
462 922 708 978 chalybati-s,
755 936 857 978 quos
893 937 921 964 a
950 922 1329 978 Norwayiensibus
1371 926 1409 965 et
1440 921 1533 965 Ost-

47 981 220 1024 manm‘s
245 983 347 1023 sunt
373 980 555 1022 mutuati
587 980 786 1031 (utuntur
814 978 1026 1034 Hiberni,)
1062 994 1151 1022 una
1190 983 1354 1022 tantum
1389 993 1531 1030 manu,

46 1042 86 1080 et
112 1051 199 1080 non
229 1036 432 1080 ambabus
460 1037 508 1079 in
538 1037 677 1079 securi
699 1037 959 1090 percutiunt,
996 1036 1152 1090 pollice
1180 1037 1359 1091 desuper
1386 1045 1534 1079 manu-

45 1095 184 1137 brium
214 1095 263 1136 in
290 1093 463 1149 lonqum
489 1098 669 1148 extenso,
699 1095 907 1147 ictumque
930 1097 1108 1148 reyente,
1141 1108 1168 1136 α
1198 1107 1277 1148 quo
1306 1107 1392 1136 non
1410 1093 1534 1149 qalea

46 1155 174 1206 caput
198 1151 247 1194 in
270 1150 425 1194 collum
453 1153 601 1204 erecta,
639 1164 716 1193 nec
757 1150 965 1203 reliquum
1008 1163 1161 1203 corpus
1197 1152 1341 1204 ferrea
1379 1150 1534 1193 loricae

46 1210 256 1252 tricatura
283 1211 436 1250 tuetur.
495 1207 534 1249 A
566 1207 700 1249 Danis
732 1207 867 1261 igitur
902 1207 1107 1249 eiusmodi
1147 1220 1307 1250 secures
1342 1220 1532 1261 accepere

47 1265 193 1320 Angli,
225 1264 342 1308 Scoti
371 1265 414 1307 et
441 1263 643 1307 Hiberni:
686 1263 797 1306 unde
825 1264 867 1306 et
895 1263 1105 1319 Anylicas
1130 1266 1254 1307 vocat
1282 1263 1394 1306 idem
1423 1263 1532 1306 Mal·

45 1321 342 1365 mesburiensis
355 1321 428 1363 lib.
445 1322 485 1363 3.
506 1333 603 1375 pag.
620 1321 687 1363 98.
709 1319 899 1363 Scoticas
918 1320 1102 1363 Thomas
1118 1320 1359 1375 Walsingh.
1379 1334 1419 1375 p.
1439 1321 1532 1362 105.

177 1373 396 1433 ‘Hyepdva
423 1377 514 1419 τῶν
548 1376 802 1431 Νεμίτζων]
841 1377 921 1431 Qui
941 1377 1053 1420 infra
1074 1375 1315 1432 Gilpractus
1345 1377 1573 1420 nomina-C

46 1438 130 1479 tur.
180 1435 265 1478 Hic
294 1435 431 1478 nescio
469 1446 592 1489 quem
622 1434 922 1476 Flandrensem
953 1434 1284 1477 comminiscitur
1314 1433 1534 1477 Ordericus

47 1492 204 1536 vitalis
231 1492 306 1535 lib.
324 1492 378 1541 7.ν
409 1490 497 1534 Per
515 1490 808 1534 Raimundum
825 1490 1153 1547 Flandrensem,
1182 1492 1255 1546 qui
1279 1492 1535 1544 praecipuus

50 1553 190 1593 custos
215 1553 253 1591 et
283 1549 447 1591 ianitor
481 1547 609 1592 Urbis
635 1552 739 1601 erat,
769 1548 956 1591 consulto
986 1548 1138 1590 civium
1158 1547 1379 1601 patefacta
1408 1552 1477 1590 est.

182 1606 466 1660 Χρησιμεῦον
496 1603 681 1659 σκεῦος]
727 1605 814 1648 Vas
855 1604 1017 1647 scilicet
1053 1605 1100 1646 111
1133 1617 1214 1659 quo
1244 1605 1579 1647 asservabaturD

48 1675 214 1706 sacrum
245 1662 503 1705 Encaustum
534 1675 582 1704 ex
611 1661 769 1704 murice
813 1662 889 1704 aut
921 1660 1148 1704 Cinnaban'
1184 1661 1431 1712 confectum,
1464 1673 1535 1702 seu

48 1719 189 1774 liquor
217 1731 461 1774 purpureus,
502 1731 584 1773 quo
615 1719 894 1772 Imperatores
924 1717 1071 1760 Bullas
1115 1719 1157 1760 et
1188 1717 1398 1772 Epistolas
1438 1717 1535 1759 sub-

48 1776 308 1819 scribebant:
350 1775 461 1830 quod
488 1775 660 1830 quidem
693 1787 870 1818 aureum
899 1776 940 1816 et
978 1775 1156 1829 gemmis
1186 1774 1430 1816 distinctum
1462 1773 1534 1815 de-

48 1833 117 1887 pin
154 1832 188 1875 ‘t
217 1832 391 1875 Nicetas
419 1833 464 1875 in
493 1832 688 1875 Manuele
718 1831 791 1874 lib.
814 1833 853 1874 3.
885 1830 938 1873 N.
959 1832 999 1873 4.
1030 1830 1204 1883 ὁοχεῖον
1232 1826 1532 1883 ἔρι’θροόάνοι·

48 1885 120 1931 διά
135 1892 256 1932 ,ιθον
283 1884 481 1943 χρύσεον.
544 1887 835 1932 Calamarium
877 1901 1051 1930 aureum
1083 1888 1334 1941 marqaritis
1362 1890 1400 1928 et
1433 1900 1532 1939 pre-

48 1947 288 1989 tiosissimis
314 1947 489 2000 yemmis
517 1945 771 2000 insiqnitum
803 1944 909 1986 dixit
927 1943 1076 1986 Petrus
1095 1943 1213 1986 Diac.
1236 1943 1307 1986 lib.
1320 1944 1360 1984 4.
1382 1942 1531 1985 Chron.

50 2002 208 2046 Cassin.
235 2015 325 2057 cap.
346 2003 412 2045 13.
445 2002 572 2057 idque
601 2015 694 2044 cum
721 2001 905 2044 caniculi
933 2001 1112 2043 formam
1133 1999 1395 2054 effigiemque
1416 2011 1535 2053 prae-

49 2059 187 2111 ferret,
217 2059 358 2115 inquit
378 2059 656 2110 Ahmannus,
686 2059 739 2101 ob
767 2058 811 2100 id
846 2057 1074 2100 Canicula-s
1100 2058 1162 2099 est
1190 2056 1459 2110 appellatum,
1493 2057 1534 2097 et

50 2129 75 2158 a
106 2115 306 2159 Caniculo
335 2117 440 2167 erat,
472 2116 545 2171 qui
567 2115 735 2158 Caesari
764 2114 967 2157 eiusmodi
995 2127 1068 2156 vas
1096 2112 1533 2167 purpuramentarium

54 2173 336 2216 ministrabat.
398 2171 480 2215 Sed
506 2172 557 2214 de
588 2171 803 2215 Caniclino
834 2171 955 2225 plura
994 2182 1067 2212 nos
1097 2169 1207 2211 infra
1234 2168 1287 2211 ad
1319 2181 1415 2222 pag.
1437 2167 1532 2209 338.

179 2225 245 2271 ‘H
267 2228 316 2272 δὲ
344 2225 486 2288 ἡμέρα
511 2224 719 2285 πέμπτη]
772 2227 905 2281 Capta
951 2229 1014 2269 est
1054 2224 1437 2278 Constantinopolis
1480 2223 1533 2265 ab
1546 2226 1746 2272 Pag.64.A

52 2286 170 2328 Alex.
201 2285 283 2328 An.
314 2299 339 2329 a
369 2286 528 2328 Mundo
567 2285 735 2328 condito
772 2285 890 2326 iuxta
929 2282 1121 2334 Graecos,
1154 2289 1533 2324 VI.M.DLXXX1X.

52 2342 222 2398 Christi,
250 2353 455 2386 MLXXXI.
486 2342 638 2385 Indict.
667 2352 732 2384 IV.
762 2352 792 2383 Ι.
826 2340 962 2394 April.
998 2339 1119 2381 Feria
1147 2349 1190 2381 v.
1221 2337 1393 2379 Maioris
1421 2336 1534 2402 Iffeb-

51 2399 264 2442 domadae.
322 2399 526 2442 Eusebius
553 2398 765 2453 Pamphili
792 2398 836 2439 in
869 2395 1072 2438 Brasilico
1114 2394 1164 2437 de
1194 2394 1364 2436 Alexio:
1405 2407 1535 2442 ουτος

51 2447 157 2512 ἦρξε
181 2457 260 2514 τῆς
285 2455 508 2510 βασιλείας
536 2449 629 2497 ἀπὸ
662 2455 740 2497 τοῦ
769 2449 950 2510 §qm-3¹.
993 2449 1132 2501 ἔτους,
1162 2445 1445 2518 Ἰιζᾷικτιῶηνοις
1472 2445 1532 2516 ῤ’,

52 2514 122 2555 καὶ
151 2510 290 2568 μηνὸς
315 2506 578 2567 Ἀπριλλίου
607 2507 661 2562 α’,
694 2512 746 2568 τῇ
776 2506 938 2566 μεγάλῃ
970 2508 1165 2564 πέμπτῃ,
1201 2522 1272 2548 οτε
1303 2521 1373 2547 και
1407 2521 1430 2561 η
1459 2520 1535 2560 αρ-

52 2569 170 2627 way»)
211 2568 372 2625 γέγονε.
446 2570 589 2624 Atque
629 2569 729 2611 hinc
772 2565 999 2621 supplenda
1052 2564 1194 2606 littera
1242 2562 1467 2605 numeralis
1493 2556 1531 2602 α’

53 2627 165 2681 apud
193 2627 363 2669 Annam
390 2627 485 2681 post
515 2638 658 2669 vocem
688 2619 959 2677 Ἀπριλλίου.
1004 2621 1109 2663 Vide
1137 2633 1230 2674 pag.
1253 2620 1348 2661 295.

187 2679 272 2725 Διὰ
299 2684 379 2748 τῇς
408 2681 611 2737 Χαρσίου
655 2678 821 2736 πύλης]
869 2679 997 2721 Porta
1033 2676 1229 2719 Charsiae
1268 2688 1350 2718 una
1392 2674 1475 2716 fuit.
1501 2678 1576 2738 ‘eB

52 2739 382 2792 Μῶφι-1311013,
426 2741 490 2783 ita
535 2739 775 2792 nuncupata
819 2749 844 2778 a
890 2733 1062 2778 Charsia
1096 2733 1279 2775 Venetae
1322 2731 1534 2795 Factionls

6 2845 11 2849 ,
53 2796 181 2848 Duce,
212 2796 286 2852 qui
312 2796 544 2840 Theodosio
571 2795 740 2838 Iuniore
780 2791 1015 2847 imperante
1061 2801 1277 2831 murorum
1320 2788 1435 2851 urbis
1469 2800 1535 2851 111-

53 2853 303 2903 stamatore,
348 2866 432 2897 una
476 2866 571 2896 cum
606 2849 828 2904 Eulampio
870 2847 1070 2890 Prasinae
1098 2845 1310 2889 Factionis
1353 2855 1537 2898 pnnc1pe

189 2938 306 2973 Anna
331 2937 525 2974 Conium.
572 2935 631 2972 II.
1058 2976 1061 2979 ι
1223 2928 1270 2964 30
