1806 3132
265 213 350 258 606
780 220 958 257 GAROLI
983 220 1223 257 unomen

430 335 543 391 Quid
569 336 744 381 Balista
769 322 891 391 foret,
924 350 999 380 nee
1027 335 1203 379 habebat
1231 335 1279 377 in
1308 334 1476 389 aymine
1503 336 1587 377 toto

426 393 522 436 Rex
550 407 795 449 quanquam
823 395 948 437 sciret
978 393 1112 437 armis
1140 393 1212 446 qui
1240 391 1396 434 talibus
1423 391 1500 434 uti.

264 463 409 506 Ioann.
442 461 725 516 Bromptonus
751 461 796 503 in
827 462 947 504 Rich.
991 460 1093 515 Ipse
1119 459 1327 514 siquidem
1353 458 1427 501 hoe
1456 471 1588 514 ⁸aenas
1615 458 1750 513 sayit-

267 519 400 571 tandi,
438 518 548 573 quod
575 517 945 561 Areabalistaram
975 518 1142 568 dieitur,
1189 516 1437 559 iamdudum
1478 516 1660 569 sopitam
1702 515 1749 557 iri

266 589 400 628 asam,
443 578 492 617 ut
534 574 705 626 dicitur,
748 575 967 629 revocavit,
1010 574 1122 617 imde
1166 573 1279 616 etin
1309 586 1358 615 ea
1395 572 1565 626 peritas
1599 571 1750 625 plures

266 645 398 676 maria
420 632 607 686 propria
626 632 820 685 peremit,
849 645 927 685 qao
957 634 995 673 et
1022 632 1112 685 ipse
1134 629 1406 684 postmodum
1433 629 1482 671 in
1508 632 1624 671 terra
1643 641 1750 681 pro-

262 690 367 744 pria
396 689 748 743 impraemunitus
776 691 814 731 et
842 688 1059 742 inopinate
1079 687 1226 741 periit.
1270 685 1506 728 Willelmus
1528 684 1686 728 Gaiart
1705 684 1750 726 in

267 745 378 788 Phil.
400 745 511 800 Aug.
545 745 800 788 obsidionem
821 744 1105 787 Acconensem
1131 755 1472 794 commemorans,
1492 741 1751 784 Richardum

268 802 331 846 ait
360 802 542 857 primum
574 814 718 844 earum
746 814 869 844 usum
899 801 943 843 in
975 800 1159 844 Galliam
1190 799 1414 842 invexisse:

304 869 443 914 Venas
471 870 591 912 estoit
620 869 918 912 nouvellemeiit
1040 867 1154 911 Tarit
1182 868 1265 910 soit
1294 866 1328 909 il
1359 865 1545 910 d'autres
1567 865 1748 919 deporte,

296 926 386 970 Des
414 926 642 970 arbalestes
670 926 702 968 li
730 939 892 981 asayes,
1039 924 1135 968 L'ot
1140 924 1221 979 poi
1235 924 1332 967 ains
1346 923 1574 966 enFrarioe
1591 922 1750 977 aporte',

297 983 477 1027 Richart
506 984 578 1038 qui
603 983 654 1026 de
674 983 873 1095 tieastaygcgiqs
898 983 979 1025 iert
1039 980 1087 1025 Si
1116 995 1194 1025 eorl
1223 980 1282 1023 les
1305 979 1752 1080 Ohroniqaeeusrglggqai-

861 1072 871 1092 ‚
1659 1069 1668 1079 .

268 1114 384 1157 Idem
414 1114 592 1168 denique
612 1113 852 1157 Willelmus
876 1112 997 1155 Brito
1026 1112 1099 1154 lib.
1123 1112 1160 1154 5.
1189 1110 1239 1154 de
1268 1110 1470 1154 Richardi
1501 1110 1648 1153 caede:

459 1181 642 1237 Porriye
673 1180 864 1225 Gaidorii
893 1180 1092 1223 balistam
1121 1179 1193 1233 qai
1223 1182 1332 1222 tenet
1355 1192 1513 1231 arcam,

467 1238 521 1283 Ut
549 1252 629 1281 sua
657 1252 763 1292 qaae
790 1238 904 1280 misit
935 1236 1152 1279 Richardo
1182 1236 1312 1278 missa
1341 1236 1540 1289 remittat,

458 1295 555 1338 Hae
581 1294 672 1338 volo
700 1309 785 1338 riori
817 1294 905 1338 alia
934 1293 1198 1336 Rieliardum
1226 1296 1358 1335 morte
1377 1293 1536 1346 perire,

468 1351 524 1395 Ut
554 1353 627 1406 qai
655 1351 942 1407 Franoiyeriis
975 1350 1151 1393 balistae
1173 1350 1380 1403 primitiis
1408 1363 1532 1392 asam

463 1408 674 1464 Tradidit,
703 1409 794 1462 ipse
821 1409 889 1451 sai
920 1421 1009 1450 rem
1034 1407 1236 1461 primitus
1265 1406 1511 1460 experiatur

461 1465 675 1520 Quamque
704 1466 812 1508 alios
843 1465 983 1508 docuit
1012 1465 1060 1506 iii
1087 1477 1131 1506 se
1157 1464 1242 1505 vim
1270 1463 1426 1506 sentiat
1455 1464 1574 1507 artis.

270 1535 426 1578 Verum
447 1533 557 1576 unde
586 1533 789 1576 eiusmodi
818 1532 993 1575 balistas
1011 1531 1161 1574 Graeci
1181 1526 1390 1586 τζάγγρας
1410 1531 1613 1584 vocarint,
1636 1531 1758 1587 plane

270 1591 375 1634 mihi
403 1590 722 1644 incompertum.
793 1590 906 1633 Nam
938 1589 1072 1632 eiusce
1108 1589 1201 1631 aevi
1230 1587 1461 1643 Scriptores
1493 1588 1647 1640 Latini,
1679 1587 1758 1630 Al-

271 1648 413 1692 bertus
436 1647 517 1702 Aq.
546 1647 618 1690 lib.
639 1648 677 1689 2.
710 1660 798 1701 cap.
821 1648 888 1689 33.
917 1645 989 1688 lib.
1011 1646 1049 1687 3.
1084 1658 1172 1700 cap.
1193 1645 1261 1688 41.
1291 1645 1362 1687 lib.
1386 1646 1424 1687 6.
1456 1656 1545 1699 cap.
1569 1646 1606 1688 9.
1629 1646 1694 1688 16.
1716 1645 1758 1687 et

272 1705 346 1748 alii
375 1703 532 1759 passim
562 1717 687 1747 areas
720 1703 921 1755 baleares,
944 1702 1185 1745 Willelmus
1214 1702 1336 1744 Brito
1364 1701 1467 1744 locis
1489 1702 1643 1752 citatis,
1666 1702 1759 1744 Mo-

272 1761 432 1804 nachus
467 1760 604 1803 Vallis
651 1760 818 1803 Sarnaii
861 1772 951 1814 cap.
979 1759 1048 1801 42.
1110 1758 1328 1801 Caesarius
1370 1758 1580 1823 Beisterb.
1624 1759 1696 1801 lib.
1722 1759 1758 1800 1.

272 1815 1391 1928 {iii-siens·spissis}uzissspiitudssesssiss
1412 1814 1760 1915 sistatis.

274 1932 382 1986 part.
402 1931 440 1974 4.
470 1943 558 1985 cap.
575 1932 614 1973 8.
648 1931 758 1973 aliae
777 1943 874 1973 vero
896 1929 1163 1973 recensentur
1183 1928 1294 1983 apud
1316 1928 1467 1983 Seript.
1485 1928 1756 1980 Vernaculos‚

272 1987 495 2031 Arbaleste
531 1988 582 2030 de
601 2001 683 2043 eor,
716 1991 754 2030 et
780 1985 870 2040 d'if,
903 2001 930 2030 a
961 1990 1068 2038 tour,
1098 2000 1124 2028 a
1152 1985 1372 2040 haussepie
1411 1989 1450 2028 et
1477 2000 1503 2028 a
1533 1999 1594 2028 im
1617 1985 1703 2040 pie,
1733 1998 1761 2027 a

274 2044 486 2097 baudrier,
519 2058 572 2088 ou
601 2044 819 2099 baudreer,
849 2047 888 2086 et
915 2058 941 2087 a
970 2042 1133 2096 tailler,·
1161 2043 1266 2085 nihil
1295 2045 1438 2085 tamen
1468 2042 1513 2084 in
1542 2042 1608 2084 his
1637 2054 1761 2085 voca-

273 2101 383 2144 bulis
410 2101 703 2155 deprehendas,
738 2100 848 2156 quod
891 2100 943 2144 ad
990 2095 1174 2155 τζάγγρα
1217 2112 1362 2142 vocem
1405 2098 1589 2151 accedat,
1635 2111 1760 2153 quam

274 2158 403 2201 etiam
435 2158 616 2201 extrema
659 2158 835 2201 retinuit
868 2156 1055 2208 Graecia,
1102 2169 1207 2211 quae
1255 2156 1352 2199 inde
1394 2151 1763 2211 τζαγγροτοξότας

276 2215 318 2257 et
358 2210 689 2270 τζαγγράτορας,
733 2227 836 2270 quos
878 2213 1139 2257 Balistarios
1182 2213 1316 2256 nostri
1359 2214 1523 2262 vocant,
1570 2212 1760 2256 confecit.

277 2271 402 2325 Apud
444 2271 743 2327 Pachymerem
789 2270 961 2325 quidam
1005 2265 1198 2325 Σγουρός
1243 2265 1631 2325 στρατοπεδάρχης
1673 2268 1764 2310 τῶν

275 2324 607 2385 τζαγγρατόρων
637 2328 831 2379 occurrit,
862 2340 968 2382 quae
988 2326 1174 2382 dignitas
1197 2327 1338 2369 eadem
1370 2327 1464 2377 fuit,
1496 2339 1602 2382 quae
1621 2325 1764 2380 Scrip-

276 2385 437 2428 toribus
466 2385 620 2428 nostris
649 2384 804 2427 dicitur
834 2384 872 2427 le
895 2383 1051 2427 Grand
1078 2383 1263 2426 Maistre
1293 2384 1366 2427 des
1389 2383 1689 2427 Arbaletriers.

241 2472 268 2509 c
414 2457 506 2500 Καὶ
534 2459 587 2517 τῇ
617 2451 800 2515 ἀφέσει]
834 2458 1073 2501 Willelmus
1104 2457 1225 2500 Brito
1250 2457 1323 2501 lib.
1344 2458 1382 2501 5.

443 2531 585 2576 Gaido
609 2546 755 2576 nucem
783 2533 911 2576 volvit
940 2531 1116 2575 balistae
1142 2531 1294 2585 pollice
1321 2531 1449 2584 laevo,

439 2589 606 2633 Dextra
626 2591 787 2644 premit
806 2590 974 2641 elavem,
996 2592 1120 2632 sonat
1144 2603 1233 2632 ima
1261 2602 1426 2641 nervus,
1449 2592 1487 2632 et
1516 2601 1603 2632 ecee

440 2645 497 2689 In
525 2646 658 2702 Reyis
682 2646 860 2700 scapula
886 2646 1025 2689 stabat
1047 2645 1198 2700 fatalis
1223 2646 1402 2689 arando.

243 2735 270 2772 c
417 2715 675 2776 Παχύτατα]
722 2721 875 2763 Brevia
907 2720 982 2763 illa
1027 2719 1195 2774 quidem
1234 2719 1484 2762 balistarum
1516 2718 1635 2762 erant
1666 2717 1764 2769 tela,

282 2776 353 2819 sed
398 2776 595 2831 spissiora
637 2780 677 2819 et
722 2777 857 2820 forma
903 2777 1132 2831 quadrata3
1180 2776 1290 2819 unde
1336 2775 1588 2830 quadrellos,
1634 2773 1766 2818 nostri

282 2847 526 2890 qaarreaux
557 2834 774 2877 vocabant.
836 2833 1076 2878 Willelmus
1103 2832 1225 2876 Brito
1255 2832 1328 2876 lib.
1350 2833 1388 2876 2.
