1806 3132
285 190 368 234 614
800 202 978 238 GAROLI
1005 204 1244 240 DUOANGII

238 317 272 355 D
420 311 550 372 Μήτε
580 311 784 371 δυνάμεις
812 313 1004 369 πολλάς]
1038 318 1171 373 Atqui
1197 319 1378 363 habebat
1398 333 1535 364 secum
1553 321 1762 365 Boemun-

284 372 362 415 dus
390 373 436 416 in
465 373 544 416 hac
575 374 846 429 Expeditione
889 375 1030 418 decem
1075 375 1210 419 millia
1238 377 1443 432 Equitum
1477 378 1519 421 et
1560 379 1762 433 plurimas

284 429 424 484 copias
467 430 667 485 peditum,
716 432 764 473 ut
808 432 931 475 autor
975 433 1037 476 est
1070 432 1269 475 Albertus
1308 433 1390 489 Aq.
1418 435 1492 478 lib.
1513 436 1552 478 2.
1583 448 1670 490 cap.
1695 437 1760 478 18.

284 487 468 530 Maxima
497 487 607 530 enim
637 501 733 542 pars
762 489 964 531 exercitus
992 489 1064 544 qui
1091 489 1292 532 Amalfim
1321 490 1535 535 obsidione
1563 492 1760 544 cinxerat,

283 543 428 586 relicto
461 544 653 598 Rogerio‚
683 545 974 588 Boemundum
1018 546 1161 588 secuta
1210 548 1312 590 erat.
1385 548 1454 591 Ita
1485 549 1680 592 Urbanus
1706 549 1762 592 II.

283 600 367 643 PP.
395 601 441 642 in
469 601 600 655 Epist.
633 601 687 644 ad
718 601 911 653 Alexium
941 602 1052 656 apud
1074 603 1228 645 Baron.
1250 603 1303 646 A.
1323 614 1510 649 MXGVII.
1540 605 1595 648 N.
1616 615 1758 649 CXXV.

283 657 532 700 Tudebodus
564 658 636 701 lib.
659 659 695 701 1.
728 659 769 701 et
799 659 884 702 alii.
933 658 1202 702 Boemundus
1230 660 1376 715 igitur,
1410 661 1593 705 dimissis
1617 662 1760 716 copiiS,

283 727 377 757 cum
423 714 566 769 paucis
608 715 832 759 comitibus
866 715 1036 759 CPolim
1078 717 1269 771 perrexit,
1316 717 1378 760 ait
1409 717 1599 762 Guibert.
1629 719 1700 762 lib.
1721 720 1761 761 3.

283 784 372 826 cap.
394 771 432 814 3.
464 771 549 814 icto
581 772 696 826 prius
723 785 818 815 cum
846 772 992 816 Alexio
1024 773 1138 827 pacis
1168 773 1340 827 foedere,
1371 787 1467 818 cum
1497 788 1578 831 quo
1605 776 1761 819 bellum

281 828 403 871 annis
438 828 622 882 proxime
667 828 816 884 elapsis
857 830 1044 884 gesserat
1088 830 1132 872 in
1176 830 1362 886 Illyrico.
1434 831 1577 876 Order.
1623 832 1696 875 lib.
1723 833 1761 875 9.

284 884 461 928 Coactus
502 888 561 928 est
599 886 741 940 itaque
775 900 912 942 saqax
937 886 1210 930 Boemundus
1251 888 1440 932 consiliis
1478 888 1760 942 Francorum,

279 946 328 984 ut
358 955 509 995 pacem
550 942 708 995 faceret
736 957 830 986 eum
858 943 1119 997 Imperatore
1163 943 1437 988 Graecorum.
1500 945 1591 999 Qua
1634 946 1761 998 facta,

280 998 452 1041 Alexius
483 998 706 1053 quemdam
736 1013 756 1043 e
785 1000 870 1043 suis
901 1000 1126 1043 admodum
1166 1000 1360 1044 solertem
1389 1002 1442 1045 ad
1472 1002 1762 1045 Boemundum

279 1054 408 1107 misit,
440 1055 512 1110 qui
543 1056 584 1098 et
614 1068 708 1099 eum
758 1057 799 1100 et
839 1057 925 1100 eius
957 1057 1095 1112 copias
1132 1070 1272 1101 secure
1308 1058 1542 1102 deduceret.
1602 1059 1762 1113 Corpu-

280 1111 440 1162 tatium,
487 1110 785 1165 Corpolaeium
825 1114 866 1157 et
906 1112 1228 1169 Ooropalasium
1270 1115 1484 1170 appellant
1514 1116 1763 1159 Tudebodus

279 1168 352 1211 lib.
377 1169 414 1211 1.
446 1169 668 1212 Baldricus
697 1170 770 1214 lib.
794 1171 830 1213 1.
860 1170 1080 1214 Ordericus
1124 1171 1215 1214 loco
1260 1172 1332 1214 cit.
1379 1173 1421 1215 et
1460 1172 1611 1216 Petrus
1642 1173 1760 1216 Diac.

280 1225 350 1267 lib.
369 1225 407 1266 4.
440 1224 631 1269 Chronic.
666 1226 803 1270 Oasin.
834 1240 922 1282 cap.
947 1229 1010 1271 11.
1041 1228 1119 1270 hoc
1148 1228 1223 1280 est,
1255 1228 1404 1272 Curiae
1424 1229 1655 1282 Procerem,
1690 1230 1762 1284 qui

283 1278 635 1336 Κουροπαλὰτου
666 1283 875 1338 dignitate
906 1284 1178 1339 fungebatur3
1220 1298 1303 1339 qua
1343 1286 1436 1328 tum
1465 1286 1641 1341 insignis
1672 1287 1762 1329 erat

279 1339 455 1381 Ioannes
489 1339 736 1384 Thracesius
769 1341 1034 1396 Drungarius
1056 1341 1252 1396 Vigiliae‚
1296 1342 1345 1384 ut
1388 1343 1554 1386 constat
1598 1356 1645 1386 ex
1673 1343 1762 1386 No·-

281 1395 390 1438 vella
419 1395 557 1438 Alexii
583 1396 636 1439 A.
665 1397 815 1440 Mundi
842 1408 906 1442 VI.
935 1409 985 1441 M.
1016 1407 1092 1441 DC.
1126 1397 1220 1441 Chr.
1250 1408 1404 1442 MXCII.
1463 1400 1584 1442 Illius
1615 1400 1761 1443 memi-

281 1451 345 1494 nit
373 1452 586 1507 praeterea
612 1453 723 1496 idem
754 1454 928 1498 Diacon.
958 1454 1030 1498 lib.
1052 1455 1090 1498 4.
1122 1467 1210 1509 cap.
1235 1456 1300 1498 17.

50 1520 269 1568 Pag.302.B
415 1518 683 1579 Κοσμίόιον]
715 1522 923 1565 Robertus
953 1523 1066 1566 Mon.
1092 1523 1164 1566 lib.
1186 1524 1224 1566 2.
1256 1525 1552 1579 praeparatum
1573 1525 1634 1568 ait
1653 1526 1761 1568 Boe-

279 1576 435 1619 mundo
465 1577 691 1632 hospitium
723 1583 845 1623 extra
873 1579 1037 1622 urbem.-
1086 1579 1307 1623 Baldricus
1345 1581 1393 1624 iu
1427 1581 1626 1625 suburbio
1662 1583 1761 1625 eivi-

279 1633 403 1676 tatis.-
436 1633 662 1678 Guibertus
682 1635 754 1679 lib.
773 1637 813 1679 3.
836 1649 924 1690 cap.
941 1637 980 1679 3.
1010 1637 1057 1679 in
1085 1637 1221 1690 ipsius
1241 1637 1424 1681 civitatis
1453 1638 1606 1693 buryo:
1637 1638 1761 1681 Anna

279 1690 326 1732 iu
357 1689 577 1744 Gosmidio,
611 1691 722 1747 quod
752 1692 835 1735 fuit
863 1693 1167 1736 Monasterium
1198 1693 1270 1737 SS.
1300 1693 1474 1738 Cosmae
1505 1696 1545 1737 et
1565 1695 1761 1738 Damiani

278 1746 394 1790 extra
423 1748 581 1803 urbem,
612 1762 754 1792 versus
785 1750 1054 1802 Blachernas‚
1098 1753 1140 1793 et
1170 1751 1223 1794 ab
1251 1751 1330 1794 hac
1357 1752 1592 1794 Boemundi
1636 1752 1679 1794 in
1713 1765 1759 1795 eo

277 1815 394 1846 mora
424 1805 690 1858 postmodum
721 1819 745 1849 a
782 1806 936 1849 nostris
969 1805 1195 1850 Castellum
1227 1807 1467 1852 Boemundi
1503 1807 1761 1863 appellatum

277 1859 372 1902 fuit.
414 1861 526 1904 Nam
555 1862 596 1904 et
626 1858 842 1918 φρούριον
870 1863 930 1906 ibi
959 1863 1143 1906 extitisse
1173 1864 1326 1907 diserte
1353 1865 1499 1908 scribit
1528 1865 1762 1920 Bryennius

276 1915 348 1959 lib.
368 1918 406 1959 3.
436 1930 524 1972 cap.
549 1919 613 1961 11.
662 1919 940 1975 Pachymeres
971 1920 1043 1963 lib.
1067 1921 1105 1963 9.
1137 1932 1225 1975 cap.
1249 1921 1287 1964 5.
1333 1917 1449 1976 πρὸς
1477 1918 1529 1964 τό
1562 1921 1641 1964 τοῦ
1674 1919 1762 1963 Κέ-

277 1987 409 2026 ρατος
437 1973 563 2025 τέλος
592 1975 851 2019 Cosmidium
877 1976 1041 2020 statuit.
1103 1976 1282 2020 Consule
1314 1991 1420 2033 quae
1458 1979 1504 2021 in
1534 1979 1643 2022 hanc
1673 1991 1759 2022 rem

277 2029 547 2074 observamus
578 2032 631 2076 ad
659 2033 867 2076 Villhard.
899 2033 952 2076 N.
975 2034 1042 2077 86.

235 2106 268 2142 D
409 2093 454 2141 ‘O
481 2095 560 2154 γὰρ
592 2096 760 2156 δεινός]
806 2100 1081 2144 Boemundus
1122 2101 1240 2145 nullo
1286 2102 1408 2146 modo
1436 2101 1589 2146 Alexio
1630 2102 1763 2157 fidere

274 2157 452 2207 poterat,
484 2156 623 2211 inquit
652 2157 814 2201 Albert.
848 2157 929 2213 Aq.
959 2158 1031 2201 lib.
1053 2158 1091 2201 2.
1123 2171 1212 2213 cap.
1236 2159 1301 2202 18.

41 2220 266 2264 Pag.303.B
412 2216 576 2278 Ἐζήτει
606 2220 764 2279 ὅρκον]
809 2224 1009 2268 Albertus
1046 2226 1128 2282 Aq.
1167 2226 1239 2270 lib.
1262 2227 1300 2269 2.
1342 2239 1430 2282 cap.
1454 2228 1519 2271 18.
1569 2227 1760 2271 Fulcher.

279 2277 351 2321 lib.
378 2279 413 2322 1.
445 2291 533 2335 cap.
551 2282 589 2324 4.
611 2282 820 2325 Robertus
837 2282 1030 2325 Monach.
1051 2283 1123 2327 lib.
1141 2284 1180 2326 2.
1201 2296 1297 2339 pag.
1314 2285 1381 2327 38.
1420 2284 1571 2340 Tyrius
1600 2285 1642 2327 et
1671 2284 1760 2328 alii.

238 2349 268 2384 B
414 2343 739 2404 Χαράγματος]
791 2349 990 2393 Albertus
1027 2350 1107 2405 Aq.
1147 2351 1220 2394 lib.
1239 2352 1276 2395 2.
1307 2364 1395 2406 cap.
1419 2352 1484 2395 18.
1529 2350 1762 2407 Statimque

280 2401 416 2446 allata
441 2408 539 2447 suut
567 2404 827 2458 Boemundo,
867 2407 975 2450 sicut
1007 2406 1252 2461 Godefrido,
1281 2422 1457 2452 munera
1490 2409 1592 2452 miri
1626 2413 1664 2451 et
1692 2409 1757 2452 in-

280 2459 419 2502 auditi
461 2461 648 2506 thesauri
691 2464 738 2506 in
782 2476 888 2506 auro
936 2467 974 2506 et
1010 2468 1207 2519 aryento5
1247 2478 1351 2509 vasa
1387 2479 1546 2520 quoque
1563 2466 1757 2519 pretiosa

280 2528 401 2568 opere
436 2521 475 2560 et
506 2519 650 2563 decore
684 2520 813 2563 multo
849 2520 1072 2577 ampliora,
1113 2534 1241 2576 quam
1278 2525 1325 2565 ut
1354 2521 1405 2566 ab
1444 2522 1586 2578 aliquo
1620 2522 1761 2576 possit

280 2573 507 2617 aestimari.

36 2641 124 2688 Pag.
143 2643 268 2679 304.B
421 2641 545 2697 Μηδὲ
572 2638 718 2698 χώραν
746 2643 1034 2701 κεκτημένος]
1067 2645 1163 2689 Non
1192 2645 1359 2689 omnino
1382 2658 1539 2698 verum,
1568 2646 1679 2701 quod
1698 2646 1760 2689 ait

280 2696 358 2739 hoc
386 2697 476 2740 loco
506 2699 643 2752 Anna,
672 2701 861 2756 regiones
896 2702 1033 2746 nullas
1073 2702 1300 2756 possedisse
1328 2702 1633 2755 Boemundum,
1664 2715 1759 2745 cum

280 2765 363 2795 non
388 2755 552 2798 modica
584 2757 734 2810 oppida
779 2758 906 2812 atque
936 2758 1038 2802 adeo
1067 2759 1204 2813 ipsum
1236 2759 1511 2802 Tarentinum
1538 2758 1758 2813 Principa-

280 2809 370 2852 tum
401 2810 442 2853 et
462 2811 686 2856 Barensem
717 2814 761 2856 in
783 2814 939 2869 Apulia
970 2816 1011 2858 et
1033 2815 1226 2859 Calabria
1256 2815 1495 2871 possederit,
1525 2816 1633 2859 inita
1663 2828 1759 2859 cum
