1806 3132
547 207 602 241 m
629 206 916 242 Ammnnu
946 210 1108 244 NOTAE
1480 206 1561 249 631

86 319 217 365 Gesta
243 320 312 365 Fr.
341 333 432 376 cap.
453 321 521 364 51.
544 321 611 364 53.
644 320 758 364 Η131.
789 321 951 367 Hieros.
981 336 1077 379 pag.
1096 325 1190 368 605.
1221 326 1373 382 Tyrius
1401 327 1474 371 lib.
1500 329 1565 372 10.

87 390 177 433 cap.
198 378 267 421 23.
297 377 438 422 Iacob.
468 378 520 421 de
538 377 649 420 Vitr.
679 377 753 421 lib.
778 379 814 421 1.
843 391 932 434 cap.
956 380 1024 422 44.

220 433 568 478 Μετεκαλοῦντο
597 430 677 476 τὸν
706 432 940 493 Σαγγέλην]
982 437 1085 480 Ρο31
1116 437 1362 482 Gothofredi
1390 441 1613 484 mortcmD

84 491 278 546 Regnum
318 491 750 547 Hierosolymitanum
781 492 1021 536 Raimundo
1057 494 1243 538 delatum
1284 508 1365 539 non
1394 497 1569 540 tradunt

84 547 230 600 nostri,
257 547 295 590 si
322 548 428 592 bene
457 547 643 600 memini,
670 547 742 590 sed
772 549 906 603 captis
935 550 1082 593 statim
1115 551 1426 607 HierosolymiS,
1459 554 1568 608 quod

86 603 159 647 ille
187 604 405 660 respuerit,
435 604 501 647 uti
529 605 705 647 narrant
732 604 996 648 Raimundus
1029 607 1079 650 de
1108 607 1265 662 Agiles,
1298 608 1457 652 Albert.
1487 609 1567 665 Aq.

86 660 160 703 lib.
181 661 221 703 6.
258 673 308 704 ca
338 695 348 704 .
368 662 437 704 33.
479 662 522 704 et
560 661 712 716 Tyrius
752 661 824 704 lib.
855 663 894 704 9.
934 675 1022 717 cap.
1043 665 1082 706 3.
1157 664 1217 706 At
1251 664 1568 709 Villharduinus

85 716 140 760 N.
163 717 262 760 136.
333 717 427 773 egio
456 717 530 760 isti
559 717 688 760 titulo
727 717 909 761 inhiasse
938 719 1222 762 Raimundum
1261 721 1418 773 scribit,
1451 723 1569 765 ante-

86 784 214 829 quam
247 772 531 818 Gothofredus
560 774 606 817 in
635 773 873 829 Principem
905 775 1059 819 electus
1089 778 1207 819 esset.

218 827 299 882 Εἷς
328 829 410 886 τήν
439 825 781 888 Μεγαλόπολιν]
826 831 917 884 Quo
961 845 1045 875 una
1090 845 1185 875 cum
1216 833 1500 877 Normanniae
1528 834 1613 876 etD

86 885 314 931 Flandriae
342 886 589 940 Comitibus,
622 887 694 942 qui
724 887 903 930 reditum
941 888 986 930 in
1028 890 1210 944 patriam
1246 891 1463 945 parabant,
1506 903 1570 933 se-

84 944 263 987 cesserat
292 944 370 988 sub
400 945 455 987 A.
484 953 565 987 Mc.
600 944 725 999 paulo
758 945 855 987 ante
885 944 1113 988 extinctum
1132 945 1447 990 Gothofredum.
1491 946 1569 988 Al-

83 1000 227 1043 bertus
257 1001 296 1044 A
329 1035 340 1044 .
369 1000 443 1044 lib.
465 1002 504 1044 6.
538 1013 627 1056 cap.
649 1001 716 1043 53.
748 1000 821 1043 lib.
840 1001 880 1044 8.
911 1014 1000 1056 cap.
1023 1003 1062 1044 5.
1085 1003 1123 1045 6.
1146 1003 1183 1046 7.
1216 1003 1406 1046 Fulcher.
1435 1001 1508 1045 lib.
1531 1003 1567 1046 1.

84 1069 172 1112 cap.
194 1058 263 1100 20.
331 1057 480 1100 rderic.
501 1057 634 1101 Vital.
665 1058 738 1101 lib.
762 1058 826 1100 10.
858 1071 953 1113 pag.
976 1059 1070 1101 779.

20 1159 22 1161 ,
220 1109 470 1169 Φλάντρας]
501 1114 816 1170 Expeditionem
834 1113 1203 1168 Longobardorum
1229 1115 1444 1171 intelligit,
1476 1115 1613 1170 qui-D

81 1171 160 1214 bus
188 1170 379 1214 adiuncti
423 1183 508 1214 non
533 1171 657 1226 pauci
690 1184 712 1214 e
735 1169 962 1214 Germania
992 1172 1033 1214 et
1063 1171 1204 1215 Gallia
1252 1171 1446 1223 Comites,
1495 1171 1568 1227 qui

81 1240 132 1270 ea
160 1227 410 1283 tempestate
436 1227 846 1282 Constantinopolim
876 1229 1160 1282 pervenerunt.
1218 1228 1282 1271 De
1310 1229 1389 1271 hac
1416 1228 1567 1271 Alber-

79 1285 150 1327 tus
178 1284 260 1339 Aq.
305 1284 380 1328 lib.
401 1285 441 1327 8.
488 1297 578 1340 cap.
600 1286 639 1327 5.
662 1286 701 1327 6.
736 1285 778 1326 et
806 1297 891 1339 seq.
938 1284 1087 1339 Tyrius
1131 1285 1203 1328 lib.
1226 1285 1291 1327 10.
1323 1297 1409 1340 cap.
1433 1285 1497 1326 12.
1526 1285 1568 1327 et

83 1341 149 1384 19.
192 1340 416 1385 Mathaeus
458 1341 594 1384 Paris.
641 1342 683 1383 et
727 1340 814 1383 alii.
888 1341 949 1383 At
994 1341 1130 1384 nullos
1170 1341 1229 1384 ibi
1257 1354 1279 1384 e
1308 1340 1567 1384 Normannia

82 1397 267 1442 Comites
296 1398 532 1453 agnoscunt
559 1397 806 1452 ScriptoreS,
834 1410 967 1452 neque
1000 1398 1200 1440 exercitus
1222 1397 1425 1440 Ductores
1441 1397 1568 1440 Flan-

82 1454 249 1498 drenses
277 1453 396 1510 duos,
422 1467 526 1510 quos
556 1454 625 1498 hic
654 1455 779 1497 Anna
810 1454 1160 1504 comminiscitur;
1194 1454 1274 1496 nisi
1304 1454 1493 1497 fortassis
1523 1453 1567 1495 in

79 1511 163 1554 ista
192 1511 351 1554 fuerint
384 1511 659 1567 Expeditione
691 1511 911 1566 Philippus
943 1511 984 1553 et
1000 1511 1253 1562 Willelmus,
1285 1510 1457 1554 Roberti
1487 1509 1567 1553 Co-

82 1567 199 1611 mitis
226 1567 452 1611 Flandriae
481 1568 647 1619 fratres,
675 1567 727 1610 de
757 1568 907 1622 quibus
939 1567 1117 1610 Meierus
1135 1567 1188 1610 A.
1209 1576 1341 1611 Molv.
1370 1567 1411 1609 et
1430 1576 1563 1609 mclx.

214 1620 452 1680 Χοροσάν]
484 1625 687 1669 Α111311ι13
709 1625 790 1679 Aq.
819 1624 893 1667 lib.
915 1624 953 1666 8.
980 1636 1068 1678 cap.
1090 1625 1124 1666 7.
1152 1623 1349 1666 Dicentes
1377 1636 1422 1666 se
1440 1623 1565 1666 etiam
1577 1624 1794 1672 Pag.331.A

79 1681 277 1737 Reynum
307 1680 531 1726 Cher-ozan
558 1683 602 1724 vi
630 1682 807 1732 intrare,
847 1694 897 1723 ac
921 1680 1215 1723 Boemundum
1243 1680 1294 1723 de
1324 1680 1564 1733 captivitate

84 1737 328 1790 Parcarum,
373 1742 449 1782 aut
491 1742 735 1793 extorquere
778 1741 818 1780 et
864 1737 1055 1792 liberare,
1099 1741 1174 1779 aut
1214 1737 1261 1779 in
1304 1737 1456 1779 virtute
1483 1749 1563 1778 sua

79 1795 290 1895 cimggtem
317 1794 527 1848 Baldach„
559 1809 664 1850 quae
694 1798 755 1837 est
782 1797 911 1848 caput
939 1793 1081 1849 Requi
1113 1792 1346 1844 Chorozan,
1378 1791 1564 1835 obsidere

78 1855 118 1895 et
236 1865 369 1895 ruere.

212 1907 452 1964 Σαγγέλην]
516 1906 803 1952 Consulendus
847 1906 1012 1962 praeter
1051 1905 1274 1948 Albertum
1303 1905 1384 1959 Aq.
1430 1903 1499 1946 lib.
1519 1904 1605 1949 8.A

79 1977 168 2020 cap.
185 1965 224 2015 7.
256 1965 478 2009 Ordericus
494 1965 650 2009 Vitalis
678 1963 751 2007 lib.
774 1965 839 2006 10.
871 1975 964 2018 pag.
982 1963 1063 2005 789
1101 1963 1143 2004 31
1180 1974 1263 2017 seq.
1309 1961 1381 2004 ubi
1423 1960 1558 2002 totam

77 2022 187 2064 hanc
200 2022 575 2078 Longobardorum
604 2023 645 2065 et
660 2020 970 2075 Aquitanorum
1000 2018 1310 2073 Expeditionem
1343 2016 1561 2070 variasque

78 2091 104 2121 a
132 2078 306 2131 Turcis„
327 2080 483 2122 nostris
510 2079 655 2122 illatas
685 2077 822 2120 clades
851 2076 1045 2119 accurate
1073 2075 1382 2117 commemorat.

212 2134 408 2191 Δευτέρα
436 2134 485 2178 δὲ
512 2127 585 2193 ἦν]
629 2133 797 2177 Accidit
829 2133 966 2176 clades
996 2132 1078 2174 ista
1109 2131 1219 2174 circa
1247 2130 1415 2173 Iunium
1445 2140 1600 2175 men-c

79 2205 164 2235 sem
193 2193 275 2235 An.
304 2202 404 2236 MOI.
435 2193 599 2236 Albert.
631 2192 712 2246 Aq.
744 2190 818 2233 lib.
841 2191 880 2232 8.
912 2201 999 2243 cap.
1024 2189 1087 2230 15.
1120 2188 1160 2231 31
1190 2200 1273 2242 seq.

218 2244 308 2306 Τὴν
348 2245 692 2303 βασιλεύουσαν]
762 2246 961 2290 Albertus
999 2245 1079 2299 Aq.
1120 2244 1193 2287 lib.
1215 2244 1254 2286 8.
1294 2257 1381 2298 cap.
1407 2243 1471 2284 17.
1492 2242 1558 2283 22.
1572 2249 1662 2296 Pag.
1677 2247 1803 2284 33213

79 2304 301 2349 Ordericus
330 2319 427 2361 pag.
448 2307 544 2349 792.
573 2306 647 2348 lib.
672 2305 737 2347 10.

213 2359 348 2419 Νόσῳ
379 2361 643 2419 θανασίμῳ]
677 2359 858 2403 Moritur
888 2357 1151 2401 Raimundus
1168 2355 1312 2399 Comes
1330 2353 1560 2397 Tolosanus
1574 2362 1601 2398 c

76 2419 122 2461 in
154 2417 302 2463 Castro
331 2419 489 2462 Montis
521 2417 844 2473 Peregrinorum
888 2414 1019 2469 pridie
1063 2413 1159 2456 Kal.
1205 2412 1331 2455 Mart.
1362 2410 1414 2452 A.
1445 2418 1558 2451 Mcv.

78 2475 175 2530 Tyr.
205 2475 279 2519 lib.
304 2477 369 2519 11.
402 2489 491 2531 cap.
514 2477 553 2518 2.
584 2474 746 2517 Albert.
767 2473 847 2525 Aq.
879 2471 953 2513 lib.
975 2471 1013 2512 9.
1044 2482 1133 2523 cap.
1155 2470 1223 2511 32.
1254 2466 1399 2510 Fulch.
1429 2465 1502 2508 lib.
1520 2465 1559 2506 2.

78 2544 167 2586 cap.
186 2533 254 2575 29.
276 2534 319 2576 et
340 2534 408 2576 38.
459 2532 588 2576 Gesta
619 2531 766 2573 Franc.
799 2541 888 2582 cap.
910 2527 976 2569 54.
1022 2526 1134 2568 Hist.
1167 2525 1329 2567 Hieros.
1362 2523 1416 2565 A.
1446 2530 1560 2565 Μῦν.

79 2587 266 2632 Catellus
295 2589 369 2633 lib.
392 2591 432 2632 2.
463 2589 576 2632 Hist.
609 2587 747 2630 Tolos.
780 2597 867 2638 cap.
893 2585 929 2625 1.
1254 2635 1263 2643 ·
1400 2634 1409 2643 ι
1547 2633 1556 2641 ·

210 2645 475 2701 Ιὶλίελμον]
511 2644 764 2693 Willelmus,
798 2640 1071 2693 cognomento
1098 2636 1299 2686 Iordanis,
1332 2633 1599 2682 Ralmundic

77 2701 274 2745 Tolosani
315 2702 492 2747 Comitis
534 2715 582 2745 ex
624 2711 762 2742 sorore
804 2709 941 2750 nepos,
981 2695 1035 2738 ab
1081 2691 1286 2737 avunculo
1323 2691 1365 2733 in
1397 2691 1554 2734 Montis

76 2758 293 2814 Peregrini
337 2759 522 2802 dominio
567 2758 708 2800 haeres
754 2752 1036 2796 constituitur.
1102 2748 1266 2792 Albert.
1299 2747 1381 2802 Aq.
1419 2747 1496 2810 lib.
1513 2747 1550 2788 9.

76 2827 166 2870 cap.
189 2817 258 2859 50.
302 2815 431 2860 Gesta
460 2815 528 2858 Fr.
561 2827 649 2869 cap.
672 2814 738 2854 54.
783 2809 894 2852 Hist.
933 2808 1095 2850 Hieros.
1129 2806 1210 2849 An.
1241 2813 1354 2848 Μῦν.
1401 2804 1550 2860 Tyrius
