1734 3120
533 215 846 251 GLOSSARIUM
874 216 1112 252 ANNAEUM
1491 211 1575 254 393

93 332 318 376 Escarlate
346 331 505 375 dicunt.
563 330 646 384 Qui
673 330 802 374 etiam
836 343 910 385 pro
939 331 1172 374 ruberrimo
1215 333 1309 375 fuco
1347 333 1576 378 Vermillon

92 388 368 433 vermiculum
390 388 546 444 passim
564 388 783 442 usurpant.
812 387 959 442 Neque
977 387 1022 430 id
1037 388 1172 443 coepit
1190 388 1300 441 χθὲς
1316 389 1388 431 καὶ
1408 386 1575 447 πρώην,

92 459 187 489 cum
217 445 413 489 omnium*
430 444 728 499 antiquissima
759 444 908 499 lingua
939 446 1086 487 sancta
1123 445 1226 488 locis
1258 459 1356 489 sane
1384 447 1575 501 plurimis

91 503 221 546 etiam
261 501 386 558 primi
427 502 470 545 et
509 500 784 544 vetustissimi
820 501 1036 555 scriptoris
1073 501 1215 553 Mosis‚
1263 515 1406 545 vocem
1445 505 1576 557 riwin,

92 572 200 615 quae
235 571 416 602 vermem
458 558 594 609 sonat,
641 570 715 612 pro
756 570 942 612 purpura
987 560 1181 613 usurpet:
1223 559 1289 601 uti
1334 559 1472 603 videre
1513 561 1577 604 est
1638 568 1643 572 “

93 615 221 659 Exod.
250 625 368 659 xxv.
396 616 438 658 4.
474 624 624 658 xxxv.
652 614 721 656 35.
756 624 927 657 xxxix.
957 615 997 657 3.
1056 615 1233 658 Levitici
1263 626 1363 659 xlv.
1388 617 1429 659 4.
1465 618 1507 660 et
1534 619 1574 660 6.

93 673 203 716 Tum
251 673 466 728 praeterea
503 671 593 715 Iob.
619 681 735 714 xxv.
761 672 801 714 6.
843 671 945 714 Isai.
984 682 1013 714 1.
1044 672 1110 714 18.
1145 682 1245 715 xlv.
1275 673 1340 714 11.
1379 683 1477 716 XLI.
1510 674 1575 716 14.

94 730 248 773 Thren.
277 739 343 773 IV.
363 729 404 772 5.
447 729 574 772 Ionae
601 738 668 771 IV.
689 728 727 771 7.
756 727 940 770 Nahum.
960 738 1010 770 11.
1032 729 1072 771 3.
1104 728 1160 771 Et
1179 729 1295 771 alibi.
1340 729 1420 773 Sed
1450 730 1576 772 omit-

91 788 180 830 tere
207 799 293 829 non
320 798 490 841 possum
515 785 654 829 locum
684 785 883 827 eximium
915 797 962 827 ex
992 785 1105 828 Psal.
1134 795 1252 828 xxn.
1277 786 1314 828 7.
1358 786 1430 829 ubi
1459 787 1577 829 iuxta

91 843 311 899 vulgatam
341 843 553 886 nostram:
582 841 679 897 Eyo
705 842 860 885 vermis
887 845 927 884 et
954 855 1041 884 non
1059 841 1191 894 homo,
1212 842 1485 896 opprobrium
1503 842 1577 886 ho-

91 900 255 943 minum
276 903 317 942 et
335 899 509 943 abiectio
533 898 687 954 plebis.
718 898 924 953 Loquitur
945 911 992 941 eo
1009 899 1179 942 Psalmo
1196 899 1400 951 Christus,
1416 901 1459 942 et
1473 900 1578 942 Pro-

91 956 255 1012 phetice
281 956 558 1012 praenunciat
587 955 895 998 minutissimas
925 968 1111 1010 quasque
1130 956 1269 1010 partes
1289 969 1338 999 ac
1360 956 1580 1011 peristases

91 1012 297 1069 passionis
325 1026 438 1065 suae,
465 1026 571 1068 quas
599 1013 645 1055 in
673 1011 917 1055 narratione
947 1013 1006 1055 rei
1035 1013 1178 1067 gestae
1206 1013 1371 1056 attenta
1410 1025 1579 1067 compa-

92 1069 257 1114 ratione
297 1082 590 1126 recognoscere
634 1068 769 1112 multo
807 1069 870 1111 aet
914 1069 1277 1112 iucundissimum.
1352 1069 1411 1112 Iis
1455 1082 1577 1124 porro

92 1139 200 1183 quae
227 1126 521 1182 descripsimus
550 1126 688 1169 verbis
716 1125 991 1180 singulariter
1019 1126 1267 1181 designatur
1297 1125 1404 1168 illud
1429 1138 1578 1181 oppro-

93 1183 233 1227 brium
262 1183 375 1239 quod
394 1182 587 1227 Christus
614 1182 913 1238 gravissimum
944 1182 1131 1237 pertulit,
1153 1183 1320 1238 quando
1347 1183 1578 1225 conscissus

92 1240 249 1295 flagris,
278 1240 322 1284 et
348 1240 643 1295 praeterquam
672 1240 763 1282 toto
794 1251 965 1293 corpore
1003 1240 1260 1291 cruentatus,
1296 1239 1423 1282 etiam
1464 1252 1578 1282 eoro-

94 1298 220 1341 natus
248 1297 392 1352 spinis,
422 1296 651 1352 productus
680 1295 734 1339 ad
764 1295 940 1339 Iudaeos
977 1310 1002 1339 a
1040 1296 1181 1339 Pilato
1218 1297 1304 1345 est;
1345 1297 1406 1339 ita
1441 1295 1578 1339 defor-

92 1355 247 1406 matuS,
276 1355 325 1397 ut
351 1354 421 1397 vix
449 1366 524 1409 pro
554 1353 722 1397 homine
746 1352 917 1406 agnosci
945 1353 1096 1407 posset,
1140 1353 1235 1405 nisi,
1278 1353 1327 1396 ut
1369 1353 1576 1407 pictorum

93 1410 263 1454 rudium
277 1423 380 1454 aevo
399 1410 581 1465 simplici
599 1410 775 1453 conatus
792 1409 1026 1464 imperfecti
1042 1410 1298 1452 iuvabantur
1309 1409 1579 1464 inscriptione

92 1467 252 1520 addita,
283 1480 391 1523 quae
420 1467 586 1510 doceret
614 1479 701 1510 aese
727 1467 940 1509 hominem
969 1466 1014 1509 id
1044 1466 1155 1521 quod
1183 1466 1250 1508 illi
1279 1466 1478 1509 simulare
1506 1478 1577 1508 co-

91 1525 298 1580 gitarant,
327 1525 391 1567 ita
420 1523 586 1567 Pilatus
615 1524 741 1567 verbo
770 1523 1055 1566 admonuisset
1085 1536 1172 1566 oese
1201 1523 1325 1566 illum
1354 1523 1577 1565 hominem.
1647 1529 1650 1531 ’

91 1580 242 1624 Exivit
268 1580 393 1625 Iesus
427 1585 610 1635 portans
636 1581 829 1635 spineam
857 1594 1056 1623 coronam
1085 1584 1125 1622 et
1154 1593 1422 1634 purpureum
1453 1579 1578 1622 vesti-
1637 1583 1734 1617 loan.

92 1641 299 1681 mentum.-
325 1641 365 1681 ct
392 1638 505 1681 dixit
531 1639 593 1681 eis
619 1637 807 1692 (Iudaeis
834 1637 1020 1690 Pilatus)
1048 1636 1158 1680 Ecce
1185 1636 1336 1679 Homo.
1386 1636 1447 1678 At
1476 1636 1578 1678 haec
1614 1640 1696 1666 111¹·
1723 1633 1734 1666 ἕ

90 1695 174 1738 1οοί
205 1695 391 1738 alterius.
436 1694 550 1739 Satis
579 1694 636 1737 sit
664 1694 763 1737 hinc
793 1694 944 1748 legisse
973 1694 1107 1737 obiter
1131 1693 1176 1736 in
1196 1706 1283 1736 rem
1304 1692 1576 1747 praesentem,

90 1751 181 1795 illic
208 1752 254 1794 in
282 1751 437 1795 vermis
465 1752 634 1795 nomine
663 1751 796 1795 alludi
822 1751 945 1794 acute
972 1763 1022 1793 ac
1055 1763 1223 1805 prorsus
1265 1750 1477 1804 eleganter
1521 1748 1577 1791 ad

90 1821 347 1908 {ussum
363 1808 1096 1920 caesareenses
1114 1805 1577 1916 sames

91 1921 243 1966 allusio
270 1922 335 1965 est
353 1922 409 1965 ad
436 1922 745 1965 crucifixionem
765 1920 1055 1964 imminentem
1075 1933 1123 1963 ex
1145 1919 1436 1974 paronomasia
1464 1918 1578 1960 vocis

95 1980 184 2022 nin
214 1991 322 2034 quae
347 1979 471 2022 sonat
500 1978 553 2021 de
580 1978 699 2035 ligno
728 1978 976 2033 suspendere
995 1990 1044 2020 ac
1063 1976 1318 2031 crucifigere.
1362 1976 1578 2018 Hactenus

92 2036 295 2079 habemus
323 2035 519 2090 purpurei
548 2035 699 2078 coloris
734 2035 946 2078 notionem
978 2034 1021 2076 in
1057 2034 1216 2077 blatta:
1259 2032 1364 2075 mihi
1400 2043 1497 2074 vero
1532 2030 1576 2073 id

92 2105 176 2135 non
207 2091 379 2144 sufficit,
407 2093 482 2147 qui
510 2091 743 2135 existimem
771 2091 900 2134 etiam
927 2104 1059 2146 genus
1086 2089 1207 2133 serici
1226 2089 1363 2131 textus
1389 2101 1439 2131 ac
1458 2088 1578 2131 bom-

94 2149 268 2204 bycinae
296 2149 499 2192 materiae
530 2149 684 2191 Blattii
713 2149 840 2192 verbo
869 2147 1103 2202 designari:
1135 2146 1198 2189 ita
1228 2146 1276 2188 ut
1302 2145 1466 2188 Blattia
1494 2156 1577 2186 non

93 2205 231 2261 quivis
259 2207 390 2260 panni
414 2206 624 2261 purpurei,
651 2205 723 2248 sed
743 2205 865 2248 serici
890 2205 988 2247 sint.
1042 2203 1232 2245 Primum
1267 2202 1438 2245 observo
1457 2212 1578 2254 saepe

92 2263 178 2305 ista
209 2262 408 2318 coniungi
440 2263 652 2306 mentione
686 2262 798 2317 apud
826 2261 1060 2315 scriptores
1126 2259 1272 2302 Aelius
1311 2257 1577 2312 Lampridius

92 2320 135 2362 in
170 2319 464 2375 Heliogabalo.
518 2318 759 2362 Paraverat
806 2319 933 2372 funes
971 2316 1104 2360 blatta
1141 2320 1180 2358 et
1222 2315 1354 2358 serico
1392 2318 1434 2356 et
1460 2326 1576 2356 cocco

91 2377 282 2429 intortos,
315 2376 478 2430 quibus,
498 2377 538 2419 si
556 2389 719 2420 necesse
747 2379 861 2429 esset,
885 2374 1031 2429 laqueo
1059 2374 1190 2415 vitam
1214 2372 1371 2425 finiret.
1416 2369 1577 2423 Quibus

91 2433 138 2475 in
168 2432 306 2476 verbis
334 2433 487 2476 merito
517 2434 693 2488 quaerat
728 2432 903 2486 aliquis:
940 2443 1047 2485 quae
1079 2429 1256 2472 materia
1291 2427 1428 2470 blatta
1465 2425 1522 2468 sit
1550 2439 1576 2468 a

22 2516 26 2520 -
92 2489 222 2532 serico
246 2491 290 2533 et
318 2502 441 2533 cocco
475 2490 710 2532 distincta?
755 2502 805 2531 ae
851 2487 1028 2530 fortasse
1072 2498 1151 2528 non
1196 2484 1305 2527 male
1345 2482 1577 2537 suspicetur

93 2546 209 2600 prius
243 2548 286 2590 et
313 2546 542 2601 expositive
566 2545 868 2601 accipiendum,
898 2544 976 2586 hoc
1009 2555 1155 2585 sensu:
1191 2543 1427 2595 paraverat
1450 2539 1577 2591 funes

94 2602 240 2658 blatta,
268 2603 345 2646 hoc
374 2608 446 2659 est,
477 2604 613 2646 serico
640 2607 679 2646 et
708 2615 839 2650 ccccc,
868 2601 954 2643 sive
978 2599 1067 2652 filis
1093 2598 1242 2641 scricis
1272 2596 1450 2640 coccinei
1466 2594 1576 2638 colo·

94 2660 160 2702 ris
186 2660 378 2715 inim-tos,
409 2661 488 2703 etc.
547 2660 720 2703 Flavius
742 2658 944 2712 Vopiscus
983 2656 1027 2697 in
1066 2654 1316 2697 Aureliano:
1360 2666 1487 2707 quum
1522 2651 1576 2694 ab

0 2730 2 2734 ·
94 2729 140 2759 eo
181 2730 293 2760 uxor
325 2729 408 2760 sua
439 2721 602 2771 peteret
642 2720 687 2758 ut
716 2715 840 2757 unico
864 2712 1006 2766 pallio
1042 2711 1192 2754 blatteo
1219 2710 1352 2753 serico
1379 2711 1576 2751 uteretur.

97 2772 170 2815 illc
197 2774 428 2828 respondit,
457 2774 584 2816 Absit
614 2774 662 2815 ut
691 2783 792 2814 auro
821 2770 893 2812 fila
924 2768 1173 2824 pensentur:
1203 2766 1314 2810 libra
1341 2766 1452 2808 enim
1478 2765 1577 2807 aun·

96 2833 196 2874 tunc
224 2829 341 2874 libra
367 2831 494 2874 serici
513 2830 612 2883 fuit.
662 2829 778 2871 Haec
808 2826 880 2870 ille
908 2827 951 2869 in
973 2825 1124 2880 quibus
1150 2823 1290 2867 notari
1310 2822 1452 2878 cupio:
1482 2833 1577 2864 cum
