1806 3132
254 217 338 263 544
773 227 951 263 CAROLI
979 227 1219 264 DUCANGH

253 343 341 398 lagi
377 342 555 386 furentis
603 343 803 387 atrocitas
845 343 1073 398 frangitur,
1111 357 1228 399 quas,
1268 344 1422 400 inquit,
1464 337 1672 401 Ἓλληνες
1713 358 1738 387 3

254 400 415 456 figurae
458 399 737 443 similitudine
781 396 912 455 χηλὰς
938 400 1165 455 appellant,
1203 401 1358 456 posteri
1392 400 1542 445 Graeci
1577 397 1743 456 βάθρα,

256 457 394 500 Latini
422 456 585 510 Scalas,
617 470 688 500 seu
721 456 907 510 Gradus,
940 457 1039 512 quia
1069 470 1116 500 ex
1146 458 1233 500 illis
1264 458 1318 501 ad
1338 471 1465 502 naves
1496 459 1614 502 velut
1644 471 1744 514 gra-

253 513 330 558 dus
365 513 533 556 iacitur.
577 514 756 557 Factum
798 513 958 566 deinde,
1003 514 1051 556 ut
1091 527 1198 569 quae
1233 515 1532 558 vetustioribus
1573 514 1743 559 Graecis

251 568 389 626 χηλαὶ,
420 570 568 613 iisdem
599 571 684 613 iam
715 571 1011 625 ignorantibus
1041 569 1180 623 χαλαὶ,
1219 571 1396 626 denique
1433 585 1458 615 a
1488 572 1608 627 vulgi
1644 585 1745 615 con-

252 626 483 680 suetudine,
507 640 613 682 quae
633 627 796 670 litteras
828 627 1057 682 depravare
1078 628 1197 681 solet,
1219 627 1370 671 Scalae
1391 629 1625 683 appellatae
1645 629 1743 671 sint.

253 683 334 727 Sed
363 684 466 727 haec
495 684 695 727 accurata
728 684 852 739 egent
882 684 1150 737 discussione,
1179 698 1286 740 quae
1316 697 1399 728 non
1421 686 1743 728 681111111181061.

207 748 240 783 D
382 736 615 798 Ἕβραϊκῆς
644 736 838 795 Σκάλας]
869 740 990 783 Vnde
1026 753 1176 784 nomen
1206 742 1305 785 huic
1332 741 1479 785 Scalae
1509 742 1742 795 accesserit,

252 796 366 840 haud
394 797 516 852 plane
547 798 733 848 constat3
769 797 852 840 nisi
889 797 1078 840 dicamus
1112 798 1173 841 ita
1208 799 1508 854 nuncupatam,
1538 799 1649 854 quod
1679 799 1744 842 vi-

254 854 348 897 cina
392 854 520 897 fuerit
559 854 816 897 Monasterio
864 853 1089 907 Stauracii,
1136 855 1248 910 quod
1291 851 1347 897 τὰ
1390 852 1546 910 Βρακά
1603 856 1644 898 61
1687 851 1743 897 τὰ

251 905 457 965 Ἑβραϊκὰ
485 911 705 963 vocabant,
737 911 788 953 de
816 923 897 966 quo
921 911 1202 966 Theophanes,
1233 912 1418 956 Zonaras
1463 913 1504 956 et
1535 911 1743 956 Cedrenus

252 967 297 1010 in
333 967 459 1010 Mich.
496 968 663 1023 Rhang.
702 967 743 1011 et
778 968 938 1010 Paulus
972 968 1146 1011 Diacon.
1185 969 1259 1012 lib.
1281 969 1347 1012 24.
1384 969 1450 1012 vel
1486 969 1596 1024 quod
1625 969 1744 1013 adia-

253 1025 387 1090 6116111
417 1024 569 1068 Portae
599 1024 726 1077 urbis,
759 1025 861 1067 olim
886 1024 1045 1077 Neorii,
1076 1026 1220 1095 postea
1241 1039 1266 1069 a
1286 1026 1587 1070 recentioribus
1610 1025 1742 1070 Grae—

251 1082 1742 1192 23523322‘3‘3113332ataptaffdifissssi3²9⁴113‘1532‘25'r13338ssseirfflssffi

250 1195 349 1238 111116
369 1196 514 1250 portae
542 1195 874 1248 obversantibus,
907 1196 956 1238 ut
987 1194 1152 1251 Gyllius
1182 1196 1256 1239 lib.
1279 1197 1316 1239 3.
1350 1209 1438 1252 cap.
1464 1198 1499 1240 1.
1532 1198 1572 1240 et
1603 1197 1741 1240 Leun-

251 1252 412 1295 clavius
453 1252 496 1295 in
530 1252 665 1295 Pand.
696 1265 785 1306 cap.
807 1253 903 1295 200.
937 1252 1125 1295 tradunt.
1160 1253 1237 1295 Vel
1277 1253 1466 1309 denique,
1506 1266 1612 1309 quae
1648 1267 1741 1296 mea

251 1309 314 1352 est
343 1309 563 1361 sententia,
595 1308 706 1364 quod
737 1309 790 1352 ab
821 1309 900 1352 hac
931 1308 1054 1352 Scala
1081 1322 1297 1352 exscensus
1327 1310 1444 1353 fieret
1473 1311 1742 1366 pergentibus

250 1366 295 1408 in
326 1379 418 1410 eam
450 1367 605 1408 στενοῦ
635 1365 860 1421 regionem,
898 1365 943 1408 in
981 1379 1063 1420 qua
1104 1367 1224 1410 erant
1254 1367 1518 1421 Iudaeorum,
1550 1368 1625 1410 aut
1654 1367 1742 1410 He-

251 1423 473 1466 braeorum
502 1422 753 1477 sepulturae,
781 1435 888 1477 quae
908 1423 1205 1466 Villharduino
1226 1423 1421 1477 Iuiverie,
1454 1437 1528 1467 seu
1556 1424 1742 1467 Iudaea-

252 1481 322 1523 ria
350 1479 443 1522 ideo
473 1480 731 1522 nominatur.
762 1479 869 1522 Vide
898 1479 1033 1523 Notas
1061 1481 1226 1523 nostras
1259 1481 1313 1524 ad
1343 1481 1455 1524 1111116
1475 1481 1742 1536 Scriptorem.

200 1541 234 1576 D
387 1534 575 1592 Βίγλας]
608 1536 741 1579 Locus
772 1536 835 1579 ita
860 1536 998 1579 dictus
1018 1551 1043 1580 a
1064 1537 1248 1593 Vigiliis,
1271 1551 1342 1580 seu
1364 1538 1572 1581 Excubiis.
1603 1536 1742 1594 Βίγλα

252 1593 365 1636 6111111
394 1593 538 1636 1)11636
567 1606 656 1648 cap.
677 1594 746 1636 38.
774 1593 815 1636 et
842 1593 951 1646 aliis,
990 1606 1093 1649 quos
1123 1594 1301 1637 laudant
1331 1594 1560 1650 Rigaltius,
1598 1595 1740 1638 Meur-

251 1650 336 1693 sius
377 1651 420 1694 61
448 1651 670 1700 Fabrotus,
700 1649 863 1705 Vigilia
896 1651 971 1703 est,
995 1663 1067 1694 8611
1089 1649 1302 1695 Custodia.
1334 1652 1413 1694 Est
1445 1652 1580 1707 igitur
1601 1650 1741 1707 Βίγλα

249 1707 377 1760 106118,
415 1707 488 1750 11111
525 1707 615 1750 6131
651 1706 778 1749 813110
816 1707 1022 1762 Vigilum,
1065 1707 1109 1750 in
1153 1720 1234 1762 quo
1272 1708 1535 1751 excubabant
1571 1708 1741 1763 milites,

250 1764 323 1819 qui
363 1764 478 1807 urbis
514 1764 556 1807 61
593 1763 749 1807 civium
794 1764 1011 1807 securitati
1053 1764 1359 1820 invigilabant:
1400 1765 1544 1808 Moris
1587 1767 1741 1821 quippe

252 1819 817 1876 Constantinopolitauorum
850 1824 954 1874 erat,
989 1821 1051 1865 ait
1085 1821 1398 1877 Luithprandus
1433 1822 1505 1865 lib.
1531 1823 1565 1866 1.
1589 1835 1677 1877 cap.
1700 1824 1740 1865 3.

248 1892 301 1921 ue
327 1893 354 1922 a
383 1878 535 1921 vicinis
563 1877 758 1933 yeutibus
787 1878 1137 1932 opprimerentur,
1173 1879 1358 1934 sinyulis
1388 1879 1617 1934 quibusque
1645 1893 1739 1923 uoc-

249 1935 361 1978 tibus
386 1949 471 1989 per
503 1938 631 1978 totius
660 1935 844 1978 civitatis
873 1935 1029 1978 bivium
1072 1936 1421 1991 quadriviumque
1446 1941 1633 1980 armatos
1662 1937 1741 1979 mi-

250 1991 346 2035 lites
364 2005 494 2036 causa
513 1991 810 2035 custodiendae
836 1992 1030 2045 civitatis,
1059 1993 1132 2047 qui
1150 2007 1243 2036 eam
1262 1993 1550 2049 iuviyilareut,
1565 2008 1738 2048 ponere.

248 2049 328 2092 His
365 2049 438 2104 qui
475 2050 665 2104 praeerat
702 2049 925 2102 Tribunus,
973 2049 1251 2105 Druuyarius
1294 2050 1477 2106 Viyiliae
1509 2051 1738 2104 dicebatur,

249 2105 321 2160 qui
351 2106 507 2149 nostris
536 2105 668 2149 Miles
698 2105 837 2162 Gueti,
874 2119 948 2149 seu
978 2107 1204 2150 vernacula
1239 2107 1400 2163 lingua,
1435 2106 1655 2152 Ghevalier
1683 2108 1741 2151 du

250 2161 370 2215 Guet,
403 2163 521 2205 cuius
552 2162 721 2218 quidem
752 2162 881 2206 officii
911 2163 1023 2218 apud
1050 2163 1305 2207 Parisienses
1339 2177 1387 2208 ea
1418 2165 1508 2208 erat
1538 2165 1738 2220 dignitas,

248 2219 296 2262 ut
326 2232 409 2262 non
438 2219 520 2262 nisi
549 2233 574 2263 a
605 2219 744 2262 Milite
775 2220 881 2262 obiri
911 2220 1061 2274 posset,
1094 2221 1142 2263 ut
1163 2221 1225 2263 est
1244 2221 1289 2263 in
1310 2222 1441 2265 veteri
1462 2221 1613 2264 Aresto
1633 2222 1739 2264 Par-

246 2275 421 2319 lamenti
455 2277 518 2320 13.
550 2277 717 2319 Ianuar.
756 2276 809 2319 A.
844 2286 1117 2322 MCCCCLVII.
1156 2277 1352 2321 Meminit
1390 2278 1518 2322 etiam
1557 2277 1739 2322 Codinus

248 2332 293 2374 in
324 2332 440 2388 Orig.
473 2332 552 2376 ΟΡ.
577 2333 659 2376 1061
688 2333 750 2376 113
782 2333 885 2376 dicti
914 2333 958 2376 in
990 2334 1122 2377 Urbe:
1157 2331 1212 2376 τὰ
1241 2333 1290 2378 δὲ
1318 2330 1531 2391 λεγόμενα
1563 2331 1737 2378 Κοντά-

250 2404 322 2445 ρια
350 2388 476 2445 βίγλα
505 2380 558 2448 ἦν
586 2385 755 2446 μεγάλη
784 2386 835 2433 τὸ
867 2389 1100 2447 πρότερον.

202 2451 235 2488 D
381 2440 775 2502 Ἐμπεριεχομένας
813 2442 999 2503 σκάλας]
1044 2448 1137 2491 Ηο6
1181 2449 1255 2501 681,
1299 2448 1499 2505 portoria,
1544 2461 1649 2504 quae
1691 2460 1738 2490 ex

249 2501 372 2544 scalis
402 2503 516 2547 intra
545 2504 652 2546 illud
681 2504 864 2559 spatium
895 2504 1042 2559 positis
1079 2505 1351 2560 cogebantur.
1385 2506 1518 2548 Erant
1555 2505 1665 2549 enim
1693 2504 1737 2546 in

248 2558 337 2612 ipso
371 2558 566 2604 Ceratino
598 2560 731 2603 Portu
753 2561 891 2616 plures
914 2561 1072 2614 Scalae,
1101 2574 1187 2614 seu,
1218 2562 1267 2604 ut
1298 2562 1360 2605 ita
1392 2562 1542 2615 dicam,
1574 2562 1618 2604 in
1647 2562 1737 2616 ipso

248 2616 372 2668 portu
402 2616 540 2670 plures
570 2618 727 2672 portus,
760 2631 855 2660 cum
885 2617 1009 2662 Scala
1035 2631 1132 2673 pars
1162 2619 1269 2662 68861
1304 2619 1468 2673 portus:
1506 2619 1614 2662 unde
1643 2618 1738 2660 Mo-

249 2671 471 2726 schopulus
501 2673 608 2716 dixit
643 2673 811 2718 Scalam
841 2688 927 2718 esse
954 2673 1086 2730 μέρος
1115 2676 1194 2717 τοῦ
1225 2674 1412 2730 λιμένος,
1443 2673 1507 2727 εἷς
1527 2669 1553 2718 ὃ
1573 2671 1625 2717 αἳ
1640 2680 1738 2733 νῆες

249 2726 456 2771 δέδενται.
502 2730 553 2772 Ι11
590 2730 671 2773 1810
709 2732 861 2786 quippe
897 2732 994 2774 sinu
1030 2732 1170 2775 extitit
1206 2731 1336 2777 Scala
1369 2731 1735 2784 Chalcedonensi3‚

249 2797 355 2838 quae
391 2785 622 2840 collocatur
657 2787 702 2830 in
739 2788 777 2830 5.
815 2789 1002 2844 Regione
1039 2789 1083 2832 in
1120 2789 1200 2833 vet.
1238 2790 1341 2833 Urb.
1369 2790 1577 2844 Descript.
1619 2789 1736 2832 cuius

247 2841 441 2886 meminit
472 2842 706 2887 Chronicon
732 2845 962 2889 Alexandr.
991 2845 1045 2889 A.
1074 2856 1162 2890 ΧΠ.
1192 2846 1346 2890 Arcad.
1385 2846 1427 2890 et
1463 2857 1548 2893 VII.
1581 2844 1735 2889 Theod.
