1780 3138
270 209 323 249 98
782 212 948 247 ANNAE
976 211 1245 246 OOMNENAE

268 331 357 384 λον,
382 330 645 388 στρατηγικῇ
665 326 714 372 δὲ
735 322 913 385 εὖταξίᾳ
934 325 1005 370 καὶ
1027 321 1253 384 ἐπιστήμῃ
1274 325 1502 384 μηδέποτε
1519 323 1760 383 χρώμενον,

267 395 360 444 ἄλλ’
393 397 574 444 ἐπειδάν
599 395 714 455 μάχη
745 397 817 440 καὶ
847 393 1047 452 πόλεμος
1081 394 1330 452 περισταίη,
1363 395 1765 451 περιυλακτοῦντος

226 464 420 522 Βαῦτοῖς
448 471 528 513 τοῦ
562 468 714 524 θυμοῦ
743 459 989 509 α’κάθεκτοί
1032 462 1080 506 τέ
1111 460 1223 507 εἰσιν
1263 457 1317 506 οὗ
1355 460 1407 508 τὸ
1446 460 1765 521 στρατιωτικὸν

265 535 415 595 μόνον,
449 532 558 580 ἄλλα
587 536 660 579 καὶ
683 529 816 578 αὐτοὶ
846 528 1068 593 ἡγεμόνες,
1106 530 1167 583 ῶς
1193 530 1238 583 ἐς
1256 531 1395 587 μέσας
1420 529 1645 591 φάλαγγας
1674 534 1765 575 τῶν

266 607 496 663 πολεμίων
524 602 839 655 εἷσπίπτοντες
869 597 1108 660 α’φόρητοι,
1146 598 1186 644 εἰ
1217 597 1335 653 ὅλως
1364 598 1417 645 τὸ
1447 595 1780 646 cinnamomi-1

265 693 399 732 μενον
428 670 770 730 ὖποχαλάσειεν·
803 668 844 715 εἰ
873 669 922 714 δὲ
951 672 1291 726 στρατιωτικαῖς
1321 669 1574 726 ἐμπειρίαις
1604 667 1764 725 λόχους

266 740 308 788 οἳ
355 743 564 800 πολέμιοι
608 737 824 792 πολλάκις
866 734 1187 796 καταστήσαιεν
1231 738 1304 781 καὶ
1347 741 1557 793 τεχνικῶς
1601 733 1764 790 αὐτοὺς

265 808 613 868 μετελεύσονται,
646 807 710 862 εἰς
739 803 997 852 τούναντίον
1027 809 1118 850 πᾶν
1147 804 1199 850 τὸ
1230 803 1407 864 θράσος
1419 801 1576 860 αὐτοῖς
1590 806 1764 864 περιΐσ-

265 896 403 924 ταται.
448 878 499 923 τὸ
520 876 599 936 γὰρ
622 875 728 922 ὅλον
749 875 907 929 εἰπεῖν,
943 873 1007 927 εἰς
1035 871 1247 931 πρώτους
1274 877 1464 935 ῥυτῆρας
1492 869 1763 919 οἷνύποιστοί

266 947 377 993 εἰσιν
409 945 451 992 οἱ
482 947 658 1000 Κελτοί,
691 943 742 990 τὸ
785 946 834 990 δέ
871 960 919 1002 γε
957 941 1070 1001 μετὰ
1106 946 1245 988 ταῦτα
1274 944 1348 988 καὶ
1375 943 1473 988 λίαν
1503 939 1780 1002 εὖχείρωτοιῐ

266 1014 338 1061 διά
365 1034 412 1060 τε
444 1014 495 1061 τὸ
525 1019 614 1060 τῶν
642 1013 799 1061 ὅπλων
827 1012 966 1071 βάρος
1003 1013 1076 1057 καὶ
1105 1010 1157 1057 τὸ
1189 1015 1268 1073 τῆς
1307 1010 1482 1071 γνώμης
1522 1012 1763 1070 θυμοειδὲς

266 1086 340 1129 καὶ
368 1080 612 1142 ἀλόγιστον.
670 1081 743 1128 διὰ
783 1085 924 1126 ταῦτα
967 1079 1078 1140 μήτε
1110 1077 1382 1137 άποχρώσας
1423 1079 1542 1139 πρὸς
1569 1083 1763 1126 τοσαῦτα

226 1151 416 1214 Οπλήθη
446 1151 652 1210 δυνάμεις
683 1151 796 1207 ἔχων
825 1148 940 1209 μήτε
970 1148 1049 1204 τὰς
1093 1153 1183 1194 τῶν
1215 1151 1400 1195 Κελτῶν
1429 1146 1604 1209 γνώμας
1633 1166 1762 1206 μετα-

264 1224 416 1278 βαλεῖν
458 1219 568 1281 μήτε
615 1222 837 1281 ξυμβουλῗ
882 1216 1071 1272 τούτους
1112 1219 1308 1275 βελτίονι
1347 1216 1412 1272 εἰς
1454 1216 1506 1263 τὸ
1538 1218 1764 1278 ξυμφέρον

233 1294 538 1348 ’μετενεγκεῖν
582 1287 828 1347 δυνάμενος
863 1289 964 1334 δέον
995 1288 1215 1346 ἐλογίζετο
1256 1285 1316 1347 μὴ
1358 1287 1637 1345 προσωτέρω
1677 1298 1780 1342 χω-ῖ

265 1363 370 1415 ρεῖν,
399 1361 471 1403 ἵνα
498 1357 558 1418 μή
592 1358 656 1412 εἷς
699 1358 777 1403 τΫν
823 1361 901 1419 τῆς
945 1353 1218 1413 Ἀντιοχείας
1257 1352 1434 1416 ἀρωγὴν
1475 1353 1764 1414 ἐπειγόμενος

263 1429 337 1472 καὶ
380 1427 462 1486 τήν
496 1428 832 1473 Κωνσταντίνου
877 1427 1249 1485 προσαπολέσειε.
1323 1426 1548 1484 πτοηθεὶς
1593 1426 1654 1479 δέ,
1700 1421 1761 1485 μὴ

265 1494 766 1554 ἑπικαταλαμβανόντων
794 1492 935 1540 αὐτὸν
967 1490 1050 1554 ἤδη
1086 1497 1343 1552 Ίουρκικῶν
1367 1490 1616 1554 ἀμυθήτων
1643 1494 1763 1538 λαῶν

265 1583 308 1610 οι
341 1564 520 1611 ε’ποικοι
549 1569 639 1610 τῶν
668 1569 816 1624 μερῶν
849 1565 1122 1623 Φιλομηλίου
1160 1561 1468 1622 παρανάλωμα
1495 1565 1764 1623 βαρβαρικῆς

263 1635 471 1693 γένωνται
520 1636 746 1693 μαχαίρας,
793 1633 857 1688 εἰς
900 1636 1004 1678 νοῦν
1050 1631 1260 1690 βάλλεται
1302 1635 1640 1692 ὄιακηρυκευσαι
1682 1631 1780 1688 μὲνὲ

264 1703 491 1762 ἁπανταχῆ
520 1701 598 1762 τὴν
627 1706 717 1747 τῶν
746 1698 1000 1761 Λγαρηνιιν
1033 1700 1220 1761 ε’φοὸον·
1254 1702 1327 1746 καὶ
1348 1701 1600 1759 παραυτίκα
1621 1702 1761 1758 διεκη-

264 1770 471 1829 ρυκεύετο
503 1774 574 1816 καὶ
604 1770 676 1818 ὅτι
715 1771 898 1824 ἕκαστος
936 1768 963 1830 ἠ
1008 1768 1169 1828 εκάστη
1201 1771 1520 1827 προεξελθέτω
1550 1773 1629 1831 τῆς
1662 1767 1761 1814 τοὺ-

217 1849 352 1884 Βτων
398 1839 614 1894 ἐλεύσεως
655 1838 711 1885 τὰ
753 1838 939 1898 σώματα
982 1835 1095 1884 αὐτὰ
1139 1840 1214 1884 καὶ
1254 1837 1310 1884 τὰ
1348 1836 1564 1897 χρήματα,
1613 1835 1763 1883 ὁπόσα

401 1953 454 1987 11.
480 1949 521 1986 τὸ
550 1952 624 1987 τῶν
649 1951 693 1997 F,
717 1949 758 1986 τὸ
784 1963 854 1987 om.
873 1951 912 1988 P.
1011 1949 1053 1986 τὸ
1079 1948 1203 1997 rin-F,
1229 1948 1271 1986 τὸ
1300 1962 1371 1986 om.
1389 1949 1430 1984 P.
1563 1950 1619 1984 13.
1646 1960 1762 2032 perla-

397 2002 523 2045 βαλεῖν
548 2000 585 2046 C,
615 2002 838 2049 μεταλαβεῖν
862 2000 902 2036 P.
1002 2002 1057 2036 14.
1082 2001 1277 2048 ξυμφέρον
1295 1999 1339 2058 F,
1337 2000 1517 2059 συμφέρ
1495 2010 1562 2045 ρον
1577 1997 1617 2033 P.

398 2049 751 2097 προσαπολέσειεῈ,
769 2048 1131 2097 προσαπωλέσειεΡ.
1183 2050 1236 2085 18.
1263 2045 1377 2084 αὐτὸν
1395 2045 1466 2093 ἤδη
1483 2047 1528 2090 F,
1547 2041 1618 2092 ηδη
1636 2058 1708 2082 om.
1706 1998 1761 2082 1Ρ.

261 2150 367 2196 plina
389 2152 427 2185 et
450 2150 618 2196 scientia,
651 2150 714 2186 sed
744 2150 910 2186 instante
947 2150 1045 2186 bello
1084 2153 1123 2185 et
1149 2150 1292 2196 proelio
1324 2149 1383 2185 ira
1414 2147 1601 2184 ferventes
1632 2151 1670 2184 et
1696 2148 1762 2184 mi-

261 2199 346 2234 lites
371 2201 409 2234 et
433 2200 507 2245 ipsi
533 2211 681 2245 quoque
709 2199 821 2235 duces
846 2199 1025 2235 indomiti
1050 2201 1150 2244 sunt,
1190 2199 1246 2234 ita
1284 2201 1328 2234 ut
1360 2198 1402 2233 in
1441 2197 1583 2234 medias
1617 2197 1762 2243 impetu

262 2259 337 2283 non
363 2247 517 2283 ferendo
543 2248 710 2284 hostium
734 2248 940 2295 phalangas
965 2247 1148 2292 insiliant,
1186 2248 1217 2283 si
1252 2247 1405 2294 quidem
1441 2246 1476 2282 ei
1510 2246 1576 2292 qui
1609 2246 1763 2282 obstant

262 2296 451 2342 paulisper
476 2296 631 2342 cedunt3
676 2297 740 2332 sed
770 2298 801 2332 si
827 2301 908 2333 arte
941 2296 1100 2332 militari
1125 2296 1251 2332 hostes
1286 2297 1332 2332 iis
1368 2295 1526 2331 insidias
1566 2295 1762 2341 posuerint

262 2356 396 2390 eosque
435 2345 590 2381 subdole
626 2346 895 2391 circumierint,
935 2347 974 2381 in
1011 2345 1247 2381 contrarium
1270 2345 1392 2381 omnis
1425 2355 1555 2380 eorum
1598 2344 1762 2390 impetus

261 2394 432 2430 vertitur.
466 2406 553 2430 nam
578 2397 622 2430 ut
646 2395 753 2430 brevi
778 2394 1004 2440 praecidam,
1032 2394 1072 2429 in
1099 2395 1224 2440 primo
1251 2395 1397 2440 impetu
1423 2404 1512 2428 sane
1529 2392 1627 2428 Galli
1654 2393 1761 2428 susti—

261 2442 374 2477 nendi
402 2455 477 2478 non
516 2446 613 2488 sunt,
651 2446 737 2489 post
775 2447 900 2479 autem
942 2443 991 2479 ob
1028 2455 1222 2478 armorum
1249 2455 1342 2478 onus
1367 2444 1406 2478 et
1429 2441 1630 2478 vecordem
1655 2453 1761 2488 prae·

260 2491 487 2537 cipitemque
514 2491 682 2527 furorem
708 2491 817 2527 facile
842 2492 989 2528 domari
1007 2496 1174 2538 possunt.
1212 2492 1341 2538 itaque
1359 2491 1579 2537 imperator,
1598 2502 1686 2526 cum
1702 2502 1763 2526 ne-

262 2551 334 2584 que
359 2540 589 2576 sufficientes
613 2543 653 2575 in
679 2544 824 2576 tantam
857 2540 1141 2577 multitudinem
1169 2542 1296 2587 copias
1322 2540 1479 2576 haberet
1502 2551 1623 2586 neque
1638 2539 1760 2575 Gallo·

260 2599 344 2622 rum
363 2590 565 2624 sententias
592 2593 738 2625 mutare
764 2593 830 2625 aut
845 2591 1000 2626 meliora
1017 2589 1207 2625 suadendo
1222 2589 1271 2625 ad
1287 2590 1456 2636 ipsorum
1475 2599 1538 2623 eos
1555 2588 1761 2624 utilitatem

260 2636 410 2682 adigere
438 2640 573 2683 posset,
600 2638 700 2674 haud
725 2639 883 2674 ulterius
908 2638 1220 2685 proficiscendum
1247 2638 1370 2682 duxit,
1406 2648 1452 2672 ne
1477 2636 1517 2671 in
1531 2636 1759 2673 Antiochiae

259 2685 440 2720 auxilium
466 2698 683 2732 progressus
730 2688 802 2733 ipsi
838 2687 1166 2733 Constantinopoli
1203 2687 1362 2723 exitium
1391 2688 1557 2743 pararet.
1624 2687 1760 2722 timens

259 2737 395 2779 autem,
431 2746 478 2770 ne
515 2735 806 2771 adventantibus
840 2737 1047 2771 innumeris
1069 2735 1278 2771 Turcarum
1316 2735 1435 2781 copiis
1473 2735 1640 2781 partium
1673 2734 1759 2770 Phi-

258 2762 399 2818 lomelii
438 2783 580 2819 incolae
616 2785 865 2820 barbarorum
903 2784 1029 2831 gladio
1074 2785 1288 2831 interirent,
1339 2785 1601 2831 Agarenoium
1652 2795 1759 2831 expe-

259 2830 442 2866 ditionem
467 2832 607 2867 instare
631 2835 715 2868 tota
740 2834 893 2879 regione
919 2833 1170 2868 nuntiandum
1195 2833 1374 2870 decrevit.
1421 2832 1533 2868 simul
1560 2832 1681 2868 edixit
1706 2835 1759 2877 ut,

258 2879 478 2926 priusquam
501 2880 557 2915 illi
588 2882 1184 2927 appropinquarent,utriusque
1210 2894 1318 2918 sexus
1342 2881 1514 2917 homines
1548 2881 1595 2916 ad
1635 2881 1780 2927 ipsum,
