1806 3132
57 1349 146 1396 Pag.
162 1350 239 1386 154.
251 1350 282 1385 A

249 1806 280 1842 D

55 1917 145 1964 Pag.
161 1918 239 1954 155.
255 1917 281 1954 O

55 2035 148 2082 Pag.
160 2037 238 2071 156.
249 2035 281 2071 A

295 245 378 292 532
813 253 992 291 GAROLI
1018 252 1258 290 DUGANGH

293 372 410 415 Idem
440 383 638 415 enarrans
670 370 870 427 Scylitzes
919 371 1045 414 habet
1085 368 1129 412 ἐν
1169 369 1233 426 τεῦ
1271 363 1394 425 μόλῳ
1426 361 1693 423 Εὗτροπίου,
1735 380 1782 410 ex

295 429 445 484 quibus
470 428 775 471 emendandum
808 427 1043 471 Chronicon
1075 410 1299 470 Alexandr.
1340 426 1385 468 in
1428 438 1529 494 quo
1551 437 1780 480 perperam,

292 484 476 529 Librarii
496 484 603 528 forte
629 485 854 528 oscitantia
880 482 943 536 εἰς
967 480 1046 526 τὸν
1063 485 1211 538 μῶνον
1230 482 1309 525 τοῦ
1326 476 1581 538 Επτροπίου
1614 482 1784 536 irrepsit

294 554 368 610 pro
398 541 560 596 μῶλον,
608 543 683 584 aut
712 537 864 596 μόλον,
912 541 984 584 ubi
1026 541 1205 584 istorum
1236 539 1497 595 Scriptorum
1529 538 1782 602 Interpretes

293 595 432 653 μόλον
474 599 515 641 et
556 598 670 653 μου]
674 614 724 641 ον
767 599 878 642 recte
914 597 1093 641 Portum
1133 597 1319 640 vertunt.
1394 596 1628 640 simocatta
1672 594 1781 637 enim

293 656 366 699 lib.
388 656 427 698 8.
464 668 553 710 cap.
578 656 643 698 11.
691 656 732 698 et
778 655 961 698 Oodinus
1003 654 1048 696 in
1093 653 1220 722 Orig.
1257 653 1338 697 CP.
1385 666 1481 709 pag.
1505 653 1572 695 58.
1617 664 1784 694 caesum

293 712 547 756 Mauricium
580 713 769 755 scribunt
801 711 1060 755 Chalcedone
1089 708 1153 761 εἰς
1171 707 1250 753 τὸν
1272 705 1509 766 λεγόμενον
1528 702 1783 762 Εὖτροπίου

293 768 332 811 λι
336 767 456 824 μένα.
497 768 615 811 Idem
629 769 899 823 Theophanes
930 767 982 810 A.
1007 767 1259 823 Copronyml
1274 777 1409 811 XXIV
1441 766 1588 810 narrat
1605 765 1784 808 Christi-

293 839 395 869 num
426 825 651 890 quemdam
671 826 943 890 Magarstam,
966 837 1037 867 seu
1056 825 1322 879 Apostatam,
1355 823 1400 866 ἐν
1428 824 1493 880 τῶ
1522 818 1673 878 μούλῳ
1703 822 1784 863 τοῦ

290 879 442 939 Ἀγίου
477 881 617 936 Θωμᾶ
647 882 759 935 ignis
789 882 992 949 supplicio
1023 881 1267 924 extinctum.
1318 881 1446 923 Extat
1474 881 1520 923 111
1549 878 1782 944 Antholog.

295 940 367 983 Gr.
400 953 488 994 cap.
509 939 576 981 27.
607 939 882 994 Epigramma
918 935 981 989 εἷς
1011 937 1162 993 μωλον
1199 936 1244 980 ἐν
1282 933 1457 995 Σμύρνῃ
1492 936 1546 996 τῇ
1583 930 1784 991 θαλάττῃ

295 995 584 1050 ἐπικείμενον,
621 995 666 1038 in
697 1009 779 1062 quo
811 995 980 1046 Μῶλος
1010 995 1069 1038 sic
1099 994 1371 1038 describitur:

434 1051 518 1120 Τίς
540 1047 692 1119 βύθον
709 1045 960 1120 ἦπείρωσε
992 1051 1060 1103 τίς
1090 1049 1135 1094 ἐν
1165 1049 1390 1120 ῥοθιοισιν
1420 1047 1593 1105 ετευξεν

505 1104 670 1178 Ἀκτὴν
694 1103 943 1167 ἀμφιρύτην
971 1104 1095 1151 λάεσι
1125 1107 1417 1175 μαρμορέοιςς

294 1167 370 1210 Est
399 1166 533 1223 igitur
565 1165 777 1221 μολίσκος
804 1167 1106 1209 diminutivum
1135 1179 1160 1208 a
1189 1161 1339 1220 μόλος,
1384 1165 1585 1220 parvulus
1614 1164 1781 1219 portus;

295 1237 422 1280 quam
435 1236 600 1324 9vocem
626 1236 700 1278 pro
729 1223 869 1278 lapide
895 1223 1047 1266 molari
1076 1235 1299 1277 usurpasse
1319 1222 1486 1266 videtur
1507 1221 1617 1265 Leo
1606 1235 1652 1264 111
1669 1221 1785 1264 Tact.

297 1294 344 1325 ca
408 1282 429 1323 1
563 1281 587 1323 7

346 1294 384 1336 p
430 1280 777 1394 Παῗλικιανοὺς]
834 1336 1103 1380 Paulicianos
1133 1348 1228 1379 cum
1260 1334 1519 1379 Manichaeis
1568 1335 1646 1377 1100
1692 1334 1785 1377 1000

295 1394 420 1437 Anna
452 1395 493 1437 et
521 1394 624 1438 alibi
655 1407 775 1448 saepe
806 1394 1044 1447 confundit3
1090 1394 1211 1437 erant
1255 1393 1366 1435 enim
1411 1391 1649 1435 Pauliciani
1693 1390 1787 1433 Ma-

294 1451 563 1494 nichaeorum
606 1451 799 1494 asseclae.
874 1451 1119 1493 Timotheus
1163 1450 1387 1515 Presbyter
1431 1449 1504 1492 lib.
1549 1447 1653 1503 περὶ
1697 1448 1787 1489 τῶν

293 1506 666 1577 προσερχομένων
694 1508 747 1565 τῆ
774 1503 875 1564 ἁγίᾳ
904 1501 1154 1573 Ἐκκλησία·
1185 1510 1224 1548 Ι
1221 1501 1492 1549 ειτονεύουσι
1519 1504 1567 1547 δὲ
1596 1519 1696 1555 πως
1715 1503 1789 1546 καὶ

293 1559 531 1633 αγχίθυρθί
571 1561 658 1607 Εἰσί
684 1579 800 1615 τινες
827 1579 916 1606 των
945 1559 1189 1631 αίρδῖικίῦν,
1251 1578 1353 1618 γΟΊΛ)
1384 1559 1432 1606 ἐν
1460 1576 1550 1604 'cun
1578 1563 1667 1603 τῶν
1688 1561 1787 1616 ὄθγ·

292 1618 445 1689 μάτων
475 1616 620 1664 αυτιῦν
653 1618 934 1688 βλασφημίαν
960 1619 1076 1676 πρὸς
1113 1580 1337 1689 ἆλλήῖους,
1380 1615 1521 1670 οὕτως
1560 1613 1784 1661 Λέτιανοὶ

293 1679 357 1736 τῶ
389 1673 562 1747 Λρείῳ,
603 1674 802 1720 Ναυάται
831 1679 1130 1734 Σαββατιανῴ,
1164 1702 1220 1707 -
1253 1676 1326 1719 καὶ
1362 1675 1653 1719 Παυλικιανοὶ
1689 1677 1787 1725 τοῖς

295 1720 573 1789 Μανιχαίοις.
635 1735 743 1778 Vide
771 1735 933 1779 Notata
964 1735 1017 1778 ad
1047 1748 1143 1790 pag.
1162 1735 1262 1777 450.

430 1787 777 1849 Μοσυνόπολιν]
835 1791 1130 1835 Villhaiduino
1161 1791 1429 1846 Mosynople.
1473 1791 1580 1835 Vide
1610 1790 1782 1835 Observ.

293 1850 458 1893 nostras
489 1849 542 1892 ad
572 1849 683 1892 hunc
716 1849 835 1904 Scrip
837 1849 984 1892 torem.

434 1902 523 1963 Τὴν
554 1863 859 1962 ε’νεγκαμένην]
893 1905 1327 1961 Philippopolitanum
1357 1903 1629 1959 provinciam.
1677 1904 1785 1948 Vide

293 1963 404 2007 infra
434 1976 530 2032 pag.
555 1964 649 2006 158
679 1964 720 2006 et
749 1963 848 2006 450.

428 2018 618 2074 Βρέβια]
652 2020 848 2063 Laudant
877 2020 989 2062 1111110
1018 2019 1166 2062 Annae
1194 2019 1334 2062 10011111
1368 2016 1564 2073 Cujacius
1596 2019 1649 2062 ad
1680 2019 1724 2062 L.
1741 2018 1781 2061 4.

294 2076 343 2119 de
374 2076 642 2120 conveniend.
686 2076 776 2119 fisci
815 2076 941 2120 debit.
983 2077 1031 2119 P.
1062 2076 1264 2119 Pithoeus
1307 2075 1352 2117 in
1383 2073 1518 2117 Gloss.
1562 2075 1616 2118 ad
1648 2075 1783 2139 Capit.

296 2132 387 2177 Car.
424 2134 482 2176 M.
513 2134 732 2186 Meursius,
766 2132 988 2177 Gretzerus
1033 2134 1074 2176 et
1117 2132 1204 2176 alii.
1264 2132 1341 2174 Est
1370 2131 1512 2175 autem
1538 2131 1693 2175 Brevis
1720 2132 1786 2174 in-

293 2190 544 2243 ventarium,
578 2190 755 2243 rotulus,
787 2191 854 2234 vel
883 2190 1078 2233 chartula
1100 2189 1315 2232 continens
1342 2188 1535 2241 indicem,
1567 2202 1640 2232 seu
1669 2202 1784 2231 sum-

292 2247 471 2290 mariam
493 2260 632 2291 rerum
654 2247 950 2302 quarumpiam
970 2246 1304 2301 descriptionem.
1354 2244 1527 2288 Glossae
1548 2244 1784 2289 Graecolat.

295 2299 546 2354 Πιττάκιον,
594 2303 838 2357 Pittacium,
884 2304 1031 2347 brevis.
1105 2302 1277 2346 Glossae
1320 2302 1443 2354 Iuris,
1485 2303 1703 2357 βρεβεῖον,
1755 2297 1782 2357 ἦ

293 2356 562 2430 καταγραφή.
618 2359 860 2430 Βρεβείοις,
894 2358 1144 2415 Χαρτείοις.
1211 2358 1347 2402 Codex
1379 2358 1597 2402 Ganonum
1628 2359 1784 2402 Eccles.

295 2417 426 2460 Af1ic.
445 2417 518 2460 καὶ
535 2413 586 2460 τὸ
607 2416 798 2486 βρεβίον,
827 2414 939 2485 ὅπερ
960 2418 1014 2475 τῇ
1034 2415 1281 2486 ἐπιστολῇ]
1268 2413 1560 2485 προσέδησαν.
1599 2415 1700 2459 Can.
1717 2416 1784 2458 34.

295 2472 339 2514 ἐν
353 2469 497 2530 τούτῳ
513 2474 576 2531 τῶ
598 2473 762 2531 βρεβίῳ
783 2476 847 2531 τῶ
868 2470 1207 2531 ἄποδρεφθέντι
1227 2472 1274 2516 ἐκ
1293 2488 1372 2531 της
1390 2487 1435 2514 εν
1460 2474 1638 2515 [mmm
1659 2468 1786 2515 συνό-

295 2529 386 2573 δου.
423 2515 543 2574 Adde
550 2515 659 2575 Can.
683 2533 750 2574 93.
781 2532 930 2587 Veget
960 2532 1034 2574 lib.
1056 2532 1094 2573 2.
1126 2543 1215 2585 cap.
1240 2531 1306 2573 19.
1352 2529 1529 2595 Quando
1556 2531 1649 2584 quis
1678 2543 1785 2573 com—

294 2591 475 2630 meatum
505 2589 722 2642 acceperit,
766 2588 831 2631 vel
860 2592 959 2643 quot
1000 2588 1175 2639 dierum,
1224 2590 1454 2630 annotatur
1497 2587 1544 2630 in
1581 2586 1784 2629 brembus.

295 2643 589 2698 Lampridius
578 2658 623 2687 m
639 2644 876 2690 Alexandro
895 2644 1066 2688 Severo:
1098 2644 1265 2687 Melites
1283 2657 1382 2686 suos
1399 2644 1462 2686 sie
1480 2643 1631 2698 ubique
1650 2643 1783 2694 seivit,

295 2703 341 2741 ut
356 2700 403 2742 in
432 2701 618 2744 cubiculo
648 2701 818 2744 haberet
839 2702 979 2745 breves
1008 2705 1047 2744 et
1073 2715 1294 2744 numerum
1322 2704 1360 2742 et
1380 2704 1569 2754 tempora
1588 2700 1783 2742 militum.

296 2755 480 2799 Annales
511 2758 579 2800 Fr.
612 2758 849 2801 Bertiniani
879 2758 961 2801 An.
993 2767 1250 2802 DCCCLXIX.
1308 2757 1362 2801 Ut
1392 2757 1610 2811 Episcopi,
1641 2756 1783 2799 Abba-

295 2815 367 2877 tes·
395 2817 432 2855 et
460 2812 712 2857 Abbatissae
742 2815 883 2858 breves
927 2815 978 2858 de
1015 2815 1243 2858 honoribus
1283 2815 1385 2867 suis,
1431 2817 1590 2869 quanta
1633 2827 1785 2856 mansa

295 2881 466 2923 quasque
497 2869 664 2914 haberet
691 2894 742 2901 —
777 2872 940 2926 deferre
983 2875 1194 2916 curarent.
1255 2871 1365 2915 Acta
1395 2870 1624 2915 Murensia.
1677 2869 1784 2914 Con-
