1780 3138
518 229 785 263 ALEXIADIS
814 230 911 264 LIB.
940 230 1007 264 XI.
1037 226 1076 263 4.
1496 221 1550 261 87

54 346 167 399 τέως
192 341 454 404 α’νέκφορον.
484 340 656 389 τούτων
675 344 724 389 δὲ
758 341 877 388 οὕτω
900 345 1298 401 διασκοπουμένων
1341 348 1554 403 κατέλαβέ

52 433 122 468 τις
136 415 287 473 λέγων,
310 413 410 458 λίαν
432 411 550 458 πολύ
574 415 762 472 πλῆθος
786 408 1042 472 Ἀγαρηνῶν
1070 411 1420 470 καταλαμβάνειν
1443 413 1552 460 ὅσον

54 478 136 544 ἤδη
174 479 268 530 ἀπὸ
298 486 385 528 τοῦ
414 479 630 539 Χοροσᾶν
665 483 759 526 κατ’
791 478 945 527 αὐτῶν
974 480 1165 542 ἡγεμόνα
1194 481 1553 541 συνεπαγόμενον

52 551 132 598 τόν
151 549 423 609 καλούμενον
444 548 730 609 Κουρπαγάν.
789 548 906 607 ὅπερ
926 549 1206 610 μεμαθηκώς
1224 549 1249 596 ό
1271 555 1556 608 Βαῖμοῦντος

18 625 41 663 5
54 622 127 666 καὶ
154 618 217 682 μὴ
237 622 389 666 θέλων
407 617 487 679 τὴν
507 613 781 675 Ἀντιόχειαν
809 621 1086 676 παραδοῦναι
1108 618 1225 677 πρὸς
1244 618 1325 664 τὸν
1350 621 1556 666 Τατίκιον

53 687 165 734 κατὰ
188 686 293 742 τούς
312 685 640 747 προγεγονότας
660 686 778 745 πρὸς
795 686 874 733 τὸν
891 689 1075 744 βασιλέα
1095 685 1267 746 ὅρκους,
1298 683 1391 732 ἄλλ’
1414 687 1557 748 ἑαυτῷ

52 756 407 817 μνηστευόμενος
445 755 618 817 ταύτην,
660 756 831 817 βουλήν
860 756 1120 815 βουλεύεται
1159 755 1370 815 πονηράν,
1414 759 1469 802 δι’
1502 748 1556 815 ἧς

54 821 190 871 αιῗτὸν
233 820 399 871 ἶίκοντα
441 830 790 884 μεταναστεῦσαι
840 824 1209 884 παρασκευάσειε.
1284 826 1559 883 προσελθών

53 895 203 940 τοίνυν
231 891 352 955 αὐτῷ
386 912 523 955 φησιν
563 892 854 954 αἀπόρρητόν
882 913 926 940 τι
967 890 1261 953 ἆποκαλόψαι
1292 911 1365 940 σοι
1395 892 1557 951 βούλο-

0 971 131 1022 ὲθμαι
162 961 407 1023 κηδόμενός
436 981 518 1009 σου
548 967 628 1023 τῆς
655 965 888 1023 σωτηρίας.
946 962 1077 1022 λόγος
1115 982 1183 1018 τις
1217 968 1315 1018 τοῖς
1354 959 1438 1009 ὠσὶ
1467 967 1601 1008 τῶνΒ

53 1030 262 1092 κομήτων
299 1033 533 1092 ἐνηχηθεὶς
571 1030 862 1090 συνετάραξεν
889 1028 1037 1078 αὐτῶν
1066 1030 1145 1087 τοὶς
1172 1030 1330 1091 ψυχάς,
1365 1030 1435 1078 ὅτι
1455 1030 1560 1086 τούς

53 1098 147 1147 vind
194 1105 276 1147 τοῦ
318 1099 533 1159 Χοροσὰν
578 1102 841 1159 ἐρχομένους
884 1100 909 1147 ό
951 1101 1159 1159 βασιλεὺς
1198 1100 1278 1147 τὸν
1318 1099 1561 1147 σουλτάνον

56 1169 211 1216 ἔπεισε
242 1172 349 1216 καθ’
382 1168 508 1232 ἡμῶν
537 1171 780 1230 ἐκπέμψαι.
837 1175 971 1216 τοῦτο
1003 1172 1052 1217 δὲ
1082 1169 1246 1217 πιστόν
1284 1168 1326 1216 οἳ
1369 1167 1561 1229 κόμητες

56 1237 327 1299 ἡγησάμενοι
357 1237 469 1285 κατὰ
497 1243 576 1300 τῆς
606 1244 686 1301 σῆς
714 1242 932 1298 μελετῶσι
966 1243 1091 1300 ζωῆς.
1136 1235 1255 1298 κᾶγώ
1284 1241 1364 1297 μὲν
1392 1234 1561 1295 τούμὸν

0 1316 42 1354 15
55 1302 137 1367 ἤδη
176 1305 454 1370 πεπλήρωκα
494 1310 567 1353 καὶ
608 1307 687 1353 τόν
723 1306 1024 1366 ἐπερχόμενόν
1069 1326 1143 1354 σοι
1181 1309 1428 1367 προείρηκα
1468 1307 1559 1351 κίν-

54 1378 199 1423 δυνον.
261 1380 341 1422 τοῦ
370 1379 535 1423 λοιποῦ
565 1375 647 1423 σόν
684 1379 814 1432 ἑστιν,
864 1376 977 1436 ὑπὲρ
1022 1381 1101 1438 τῆς
1146 1376 1305 1423 ἑαυτοῦ
1350 1378 1422 1422 καὶ
1469 1382 1558 1422 τῶν

54 1444 146 1491 ὑπὸ
167 1446 218 1492 σὲ
237 1444 471 1505 ταγμάτων
490 1448 728 1507 φροντίσαι
749 1447 1015 1507 σωτηριάς.”
1073 1444 1097 1492 ὁ
1127 1447 1177 1492 δὲ
1203 1447 1411 1499 Τατίκιος
1441 1443 1558 1502 ὁρῶν
1570 1454 1612 1490 V.
1639 1454 1710 1490 253

53 1516 134 1572 μὲν
164 1517 237 1560 καὶ
266 1514 345 1560 τόν
377 1514 508 1573 λιμόν
540 1515 685 1562 πολύν
712 1518 803 1573 (καὶ
837 1515 916 1575 γοῖρ
948 1514 973 1576 ἡ
1001 1514 1174 1574 κεφαλή
1218 1523 1297 1560 τοῦ
1329 1517 1439 1571 βοὸς
1479 1516 1557 1560 ἐπὶ

55 1585 175 1641 τρισὶ
202 1585 425 1641 χρυσίνοις
450 1593 687 1646 στατῆρσιν
714 1581 1060 1643 ἆπεμπολεῖτο),
1092 1580 1386 1642 ἀπαγορεύων
1417 1585 1466 1629 δὲ
1483 1585 1557 1629 καὶ

0 1651 139 1711 ιιὶθτὴν
166 1655 246 1714 τῆς
276 1647 550 1709 Ἀντιοχείας
578 1652 745 1698 ἅλωσιν
773 1648 855 1712 ἤδη
887 1654 1066 1698 ἐκεῖθεν
1092 1647 1268 1711 ἇπάρας
1297 1651 1362 1705 εἷς
1390 1650 1469 1697 τὸν
1511 1652 1557 1697 ἐν

55 1724 121 1779 τῷ
152 1722 293 1778 λιμένι
322 1723 458 1767 Σουὸἱ
494 1719 729 1780 ἱστάμενον
755 1720 1001 1780 Ῥωμαϊκόν
1034 1719 1196 1767 στόλον
1225 1719 1448 1766 εἰσελθών
1475 1719 1598 1780 ‘cvij

59 1787 250 1848 Κύπρον
290 1791 515 1847 κατέλαβε.
601 1789 763 1836 τοί-του
806 1793 854 1836 δὲ
895 1789 1274 1850 ὖποχωρήσαντος
1311 1789 1390 1834 τὸν
1426 1788 1559 1848 λόγον

194 1878 229 1916 3.
255 1875 333 1914 ἀπὸ
358 1878 499 1915 addidi.
646 1882 681 1916 4.
708 1877 915 1926 λεγόμενον
934 1879 971 1915 C.
1131 1879 1164 1914 7.
1190 1873 1492 1925 μνηστευόμενος
1516 1878 1557 1922 F,

194 1924 528 1975 μνηστευσάμενος
544 1927 587 1971 C,
612 1924 942 1976 μνηστευσόμενος
963 1927 1005 1963 P.
1104 1928 1248 1963 9.-10,
1274 1922 1507 1973 ἀπόρρητον,
1527 1955 1534 1962 .
1550 1954 1559 1962 .

196 1980 377 2021 σωτηρίας
398 1987 472 2013 om.
492 1977 528 2013 C.
632 1978 687 2013 16.
711 1977 845 2013 ἑαυτοῦ
871 1977 944 2021 FC,
971 1976 1127 2011 σεαυτοῦ
1151 1975 1190 2011 P.
1316 1976 1371 2010 17.
1399 1973 1493 2021 ὑπὲρ
1520 1975 1559 2011 C.

196 2025 238 2060 σε
259 2024 366 2068 FAC,
393 2026 462 2060 σοῦ
486 2025 527 2062 Ρ.
819 2027 878 2061 21.
902 2021 1017 2073 σοὺδῃ
1033 2025 1079 2061 Α.
1208 2019 1414 2072 ἱστάμενον
1430 2036 1503 2060 om.
1520 2023 1559 2061 C.

191 2075 250 2109 22.
275 2075 453 2119 κατέλαβε
472 2075 519 2120 A,
547 2077 748 2119 κατέλαβεν
772 2074 811 2110 P.

57 2168 116 2204 his
140 2169 263 2215 igitur
288 2168 343 2203 ita
368 2168 588 2203 constitutis
627 2166 782 2202 advenit
820 2166 989 2211 nuntius,
1028 2167 1336 2212 appropinquare
1373 2176 1458 2200 cum
1482 2175 1558 2199 ma-

58 2219 159 2253 xime
184 2229 207 2252 a
238 2216 429 2252 Chorosan
454 2216 572 2252 ductu
611 2220 650 2252 et
676 2216 853 2262 auspiciis
879 2215 1112 2262 Cui-paganis
1150 2216 1340 2261 ingentem
1367 2213 1560 2260 Agareno-

57 2278 143 2302 rum
191 2266 410 2301 exercitum.
485 2277 558 2311 quo
604 2265 759 2311 cognito
805 2264 1055 2304 B05mundus,
1096 2276 1180 2299 cum
1220 2262 1474 2307 Antiochiam,
1515 2265 1559 2297 ut

58 2316 204 2350 iuratus
248 2315 472 2360 imperatori
512 2315 759 2360 promiserat,
808 2313 955 2349 Taticio
997 2312 1086 2349 dedi
1124 2312 1263 2356 nollet,
1307 2323 1437 2347 verum
1479 2311 1560 2356 ipse

57 2365 138 2400 eius
178 2363 436 2409 principatum
478 2363 694 2408 affectaret,
733 2374 892 2408 pravum
941 2361 1171 2408 excogitavit
1217 2360 1414 2396 consilium
1430 2387 1441 2404 ,
1483 2371 1558 2405 quo

6 2439 7 2442 η
59 2412 229 2459 quamvis
252 2412 415 2447 invitum
439 2411 546 2447 illum
571 2412 619 2447 ab
643 2412 737 2447 urbe
762 2411 895 2447 cedere
919 2413 1083 2457 cogeret.
1142 2411 1272 2455 itaque
1298 2408 1346 2444 ad
1369 2408 1558 2444 Taticium

0 2473 9 2509 ξ
59 2460 238 2498 accedens
263 2460 502 2496 “Arcanum'’
540 2461 666 2506 inquit
703 2459 872 2506 “aliquid
899 2460 973 2495 tibi
996 2459 1172 2505 detegam
1208 2458 1322 2493 salut-i
1346 2460 1435 2493 tuae
1471 2468 1559 2492 con-

2 2515 15 2551 j
59 2510 194 2546 sulens.
242 2509 383 2544 etenim
411 2509 459 2544 ad
484 2510 664 2545 comitum
690 2521 799 2544 aures
824 2520 955 2544 rumor
978 2507 1154 2554 pervenit
1185 2517 1390 2552 eorumque
1415 2505 1561 2541 animos

59 2558 310 2605 perturbavit,
339 2558 520 2594 barbaros
533 2570 555 2593 a
581 2557 794 2594 Chorosane
819 2556 1099 2603 proficiscentes
1126 2555 1289 2601 impulsu
1319 2554 1561 2601 imperatoris

60 2609 100 2643 in
125 2619 194 2643 nos
218 2618 340 2642 ruere.
390 2606 430 2642 id
455 2607 612 2643 comites
639 2618 709 2653 pro
745 2609 848 2642 certo
879 2606 1020 2641 habent
1052 2604 1232 2650 tuamque
1258 2607 1418 2639 mortem
1444 2602 1559 2638 medi-

0 2657 20 2705 ξ·
62 2659 206 2691 tantur.
256 2654 356 2701 quod
382 2667 442 2690 me
466 2655 616 2700 attinet,
650 2654 776 2691 officio
810 2666 893 2690 meo
919 2654 1094 2698 satisfeci,
1127 2665 1212 2689 cum
1238 2653 1438 2688 imminens
1462 2652 1559 2697 peri-

59 2704 185 2740 culum
219 2704 441 2740 nuntiarim.
491 2716 591 2739 nunc
625 2707 735 2740 tuum
773 2706 840 2743 eet,
881 2707 921 2738 et
952 2706 1040 2738 tuae
1074 2705 1112 2737 et
1140 2703 1199 2737 tui
1234 2702 1421 2737 exercitus
1447 2699 1560 2735 saluti

59 2753 295 2799 providere.'’
357 2755 439 2788 tum
465 2751 635 2789 Taticius
673 2765 810 2799 magna
836 2752 950 2787 etiam
976 2751 1135 2797 penuria
1159 2750 1418 2786 animadversa
1442 2749 1560 2794 (nam-

0 2806 20 2850 ,ἰς
61 2813 135 2848 que
156 2801 342 2837 bubulum
367 2804 482 2847 caput
506 2802 630 2837 tribus
657 2803 781 2837 aureis
805 2801 1010 2837 stateribus
1034 2799 1213 2843 venibat),
1244 2811 1327 2835 cum
1353 2799 1402 2834 de
1426 2797 1560 2833 Antio-

0 2851 23 2898 ξς
61 2849 167 2886 chiae
203 2853 485 2896 expugnatione
516 2849 747 2897 desperaret,
785 2850 905 2885 movit
954 2848 1042 2884 inde
1075 2847 1318 2894 Romanaque
1353 2847 1470 2883 classe
1512 2844 1560 2880 ad

0 2908 21 2940 ;.;
65 2897 157 2935 Sudi
177 2902 332 2945 portum
356 2910 556 2935 conscensa
582 2898 744 2946 Cyprum
762 2897 936 2936 tetendit.
976 2899 1064 2945 post
1090 2896 1203 2933 huius
1221 2896 1422 2933 discessum
1439 2894 1563 2931 celans

0 2956 18 2974 Ψ
