1806 3132
260 916 286 952 C

66 1088 157 1135 Pag.
170 1090 249 1125 194.
260 1088 286 1124 C

259 1258 288 1296 G

254 1598 288 1635 D

60 1774 148 1821 Pag.
161 1774 241 1812 195.
252 1776 283 1812 D

60 1947 148 1994 Pag.
163 1950 283 1985 196.D

302 221 386 270 564
818 226 994 266 cARom
1024 225 1263 264 DucANGn‘

300 348 502 404 Procopio
526 348 598 391 lib.
618 347 659 390 4.
688 346 738 390 de
766 344 905 389 Aedis.
933 344 1039 387 Nice
1082 342 1309 386 Ammiano
1335 342 1410 386 lib.
1429 343 1497 385 31.
1529 342 1570 385 et
1597 341 1781 386 Authori

298 403 754 459 ItinerariiBurdegal.
799 398 966 452 Ναισὸς
986 400 1187 443 Cinnamo
1217 412 1301 442 non
1334 398 1471 451 semel,
1491 397 1652 441 Νικαία
1678 400 1780 442 sim-

299 462 463 518 pliciter
506 461 731 505 Sozomeno
775 459 847 502 lib.
867 459 906 500 4.
937 470 1025 512 cap.
1051 457 1115 500 15.
1162 456 1203 499 et
1231 455 1419 498 Arnoldo
1449 455 1599 499 Lubec.
1643 456 1716 499 lib.
1740 457 1779 499 2.

299 533 388 574 cap.
409 519 448 562 4.
508 518 630 562 Hanc
667 517 782 571 prius
818 514 1015 559 Ustodizo
1043 513 1202 556 dictam
1232 512 1423 555 asserunt
1453 512 1708 568 Fragmenta
1738 512 1780 556 S.

298 575 455 620 Hilarii
486 587 581 630 pag.
602 574 669 616 36.
703 573 744 616 et
773 571 1031 614 Mansionem
1068 569 1403 621 tantum-fuisse,
1431 568 1509 611 hoc
1538 569 1612 622 est,
1641 569 1781 612 locum

299 631 513 676 mutandis
541 630 656 685 equis
686 628 863 684 publicis
893 627 1093 670 dicatum.
1138 625 1292 668 Extitit
1320 625 1464 680 postea
1493 625 1643 668 civitas
1663 639 1781 681 egre-

298 682 1195 797 Ξέἒ11υὲἔέῑὲῗὶῘέῃῖἓὲῖἒῗῖἣιῗῑῖἶῂξοᾶᾷῗ
1218 682 1356 781 iffi}
1382 682 1465 781 {isli
1481 682 1779 782 5333&ss

299 803 387 845 cius
416 801 461 844 in
500 800 654 852 libello,
691 799 741 842 de
769 797 957 841 Itinerib.
1000 795 1271 851 aggrediendi
1303 795 1499 848 Turcum,
1530 808 1619 850 cap.
1643 796 1677 839 1.
1709 795 1781 838 ubi

298 859 438 902 Nesus
466 856 744 910 nuncupatur.

433 909 709 969 Πλίσκοβαν]
743 911 980 954 Pliscobam
1016 908 1271 965 expugnavit
1291 908 1574 964 Bulgarisque
1603 908 1780 952 abstulit

299 971 485 1014 Basilius
515 969 758 1025 Bulgaroct.
789 968 853 1010 uti
881 967 1058 1010 tradunt
1079 967 1259 1009 Zonaras
1286 965 1327 1008 et
1356 965 1568 1020 Scylitzes.
1613 965 1651 1008 A
1673 964 1782 1008 Con-

298 1027 483 1071 stantino
514 1027 570 1069 M.
601 1025 866 1069 aedificatam
895 1023 1018 1066 autor
1047 1024 1110 1066 est
1142 1022 1324 1066 Codinus
1351 1022 1395 1064 in
1426 1021 1542 1077 Orig.
1575 1021 1656 1065 GP.

433 1078 748 1136 Πατζινάκων]
800 1080 881 1134 Qui
918 1079 1199 1134 Scriptoribus
1229 1078 1392 1122 Latinis
1430 1091 1645 1133 perperam
1674 1077 1780 1120 Pin-

297 1141 472 1240 ldnnati,
502 1140 765 1190 Pchnates,
796 1137 1007 1190 Pecinaci,
1040 1135 1248 1188 Pezinati,
1279 1134 1481 1179 Pizenaci
1524 1135 1601 1178 etc.
1639 1135 1781 1190 appel-

315 1198 453 1241 antur.

431 1247 755 1308 Περσθλάβαν]
786 1249 1080 1293 Persthlavam
1108 1249 1324 1305 Magnam,
1358 1248 1586 1303 Bulgariae
1615 1248 1779 1303 Regum

299 1310 489 1365 Regiam,
530 1309 783 1364 expugnavit
825 1308 971 1350 Ioann.
1007 1306 1215 1359 Zimisces‚
1255 1305 1478 1360 utramque
1509 1305 1710 1360 Magnam
1739 1305 1781 1347 et

297 1367 481 1410 Parvam
499 1366 693 1409 Basilius.
741 1365 944 1419 Magnam
974 1363 1028 1406 ad
1056 1363 1215 1405 Istrum
1246 1361 1400 1404 statuit
1419 1361 1567 1404 Anna:
1599 1362 1779 1404 Zonaras

297 1424 338 1466 et
369 1423 567 1479 Scylitzes
605 1422 717 1465 haud
748 1420 891 1476 procul
921 1433 946 1463 a
976 1419 1224 1463 Dorostolo:
1265 1417 1319 1461 ad
1354 1418 1564 1461 Haemum
1594 1418 1780 1461 montem

297 1480 471 1523 Nicetas
498 1480 542 1522 in
572 1480 704 1522 Isaac.
735 1478 808 1521 lib.
832 1479 868 1520 1.
900 1476 952 1520 N.
972 1477 1010 1519 5.
1042 1489 1124 1531 quo
1145 1476 1237 1519 loco
1258 1487 1351 1518 eam
1371 1474 1582 1518 describit.
1613 1475 1652 1517 A
1672 1474 1782 1518 Con-

297 1537 484 1580 stantino
514 1537 571 1579 M.
605 1535 838 1579 extructam
867 1533 1007 1589 prodit
1037 1532 1220 1576 Codinus
1247 1532 1293 1574 in
1323 1531 1437 1587 Orig.
1468 1530 1548 1574 ΟΡ.

434 1589 641 1650 Μάκρος]
694 1591 775 1646 Qui
819 1591 861 1634 et
904 1590 1074 1634 Samuel
1117 1589 1266 1632 dictus.
1322 1588 1430 1631 Vide
1472 1588 1583 1631 infra
1616 1588 1689 1630 lib.
1714 1587 1779 1630 12.

298 1663 395 1705 pag.
415 1651 510 1694 371.
539 1650 580 1693 et
610 1648 757 1693 seriem
787 1647 1196 1703 RegumBulgariae
1224 1645 1269 1688 in
1296 1644 1488 1688 Familiis
1510 1644 1780 1696 Sclavonicis,

296 1719 367 1750 seu
393 1706 657 1750 Dalmaticis.

418 1756 642 1819 ’Ἀρχοντα
667 1760 932 1818 Βαραγγίας]
965 1760 1058 1803 Hoc
1079 1759 1141 1802 est
1158 1758 1455 1814 Varangorum
1484 1752 1775 1808 Ἀκολουθὸν,

294 1833 366 1920 {eg
395 1820 674 1872 Praefectum,
707 1819 781 1875 qui
809 1812 1139 1874 Πελεκυφόρων
1168 1811 1360 1871 ἐξάρχων
1389 1815 1545 1858 dicitur
1575 1814 1778 1858 Cinnamo

312 1876 326 1919 i
358 1911 366 1920 .
397 1878 436 1921 6.

434 1929 497 1976 Τὸ
527 1927 801 1990 ω’μόφορον]
834 1925 1108 1988 ὦμοφόριον,
1131 1942 1204 1972 seu
1234 1923 1489 1986 ω’μόφορον,
1518 1928 1674 1971 vestem
1695 1941 1781 1970 esse

295 1989 652 2042 Patriarcharum‚
684 1989 750 2032 vel
780 1989 1092 2043 Episcoporum,
1123 1999 1229 2041 quae
1255 1987 1449 2028 humeros
1478 1985 1661 2040 tegebat,
1695 1984 1782 2039 pri·

295 2046 388 2088 dem
419 2046 649 2090 docuerunt
679 2045 759 2089 viri
790 2045 915 2088 docti.
976 2042 1208 2086 Humerale
1234 2043 1387 2086 vocant
1406 2042 1545 2084 Autor
1574 2041 1781 2084 Actorum

295 2102 553 2146 Murensium
597 2115 692 2158 pag.
715 2103 783 2145 29.
828 2103 869 2145 et
913 2101 1074 2144 Paulus
1121 2099 1296 2142 Diacon.
1325 2099 1398 2142 lib.
1419 2100 1485 2141 22.
1516 2098 1629 2141 Hist.
1661 2097 1779 2140 Misc.

296 2158 356 2201 At
387 2160 487 2214 quid
517 2160 573 2203 sit
603 2159 714 2214 apud
742 2159 912 2202 Annam
941 2158 1018 2215 τῆς
1046 2158 1126 2199 τοῦ
1157 2153 1290 2212 λόγου
1320 2151 1487 2212 μητρὸς
1514 2150 1566 2197 τὸ
1598 2149 1781 2210 ὦμόφο-

296 2230 374 2270 ρον
403 2216 590 2272 σημαίαν
616 2214 820 2268 κατέχων,
854 2215 922 2258 Vix
949 2214 1149 2258 auderem
1169 2213 1352 2266 definire,
1376 2212 1457 2255 nisi
1485 2212 1626 2254 lumen
1665 2211 1784 2254 daret

296 2271 511 2327 facemque
543 2272 769 2327 praeferret
800 2271 1002 2327 Scylitzes
1032 2270 1077 2312 in
1098 2270 1324 2324 Lecapeno,
1355 2269 1427 2312 ubi
1455 2268 1600 2312 narrat
1621 2267 1782 2311 Simeo-

296 2340 390 2370 nem
421 2330 706 2385 Bulgarorum
738 2329 894 2384 Regem
930 2327 980 2370 de
1009 2339 1108 2382 pace
1149 2327 1342 2369 acturum
1373 2325 1554 2368 Romani
1579 2323 1781 2378 Lecapeni

296 2385 564 2439 Imperatoris
595 2386 850 2440 colloquium
880 2384 1116 2439 expetiisse:
1145 2383 1383 2426 Romanum
1405 2394 1515 2430 vero,
1535 2380 1778 2436 priusquam

297 2441 350 2483 ad
380 2442 519 2486 locum
553 2442 793 2485 condictum
813 2440 1155 2496 proficisceretur,
1178 2452 1274 2482 cum
1291 2438 1541 2482 Patriarcha
1561 2438 1606 2480 in
1622 2437 1778 2480 Aedem

297 2497 649 2542 Blachernianam
679 2498 851 2551 venisse,
883 2498 924 2541 et
956 2497 1100 2552 aperta
1131 2509 1248 2539 sacra
1277 2496 1411 2548 theca,
1434 2493 1781 2549 accepisseOmo-

297 2553 472 2607 phorum
504 2556 720 2610 Deiparae,
766 2567 846 2609 quo
894 2567 938 2597 se
965 2554 1163 2597 adversus
1193 2553 1373 2596 Barbari
1412 2550 1586 2594 insidias
1616 2551 1780 2593 tutare-

296 2610 378 2652 tur.
438 2611 537 2654 Eius
566 2612 692 2655 verba
723 2612 842 2654 sunt:
871 2606 894 2652 0c
926 2608 974 2652 δὲ
1003 2605 1218 2660 Βασιλεύς
1252 2607 1297 2651 ἐν
1325 2609 1389 2665 τῷ
1412 2608 1504 2664 ναῷ
1548 2602 1781 2662 γενόμενος

296 2665 385 2707 τῶν
416 2667 675 2721 Βλαχερνῶν
704 2664 794 2722 ἅμα
821 2666 884 2723 τῷ
916 2669 1186 2734 Πατριαςχῃ,
1228 2665 1300 2708 καὶ
1333 2664 1379 2708 ἒν
1407 2666 1463 2723 τῇ
1489 2660 1618 2721 Ἁγίᾳ
1650 2664 1779 2719 Σορῷ

297 2718 526 2775 εἰσελθών,
569 2724 641 2766 καὶ
684 2720 902 2779 ἱκετηρίας
938 2718 1055 2780 ᾠδὰς
1091 2718 1291 2773 αποδούς
1327 2723 1390 2779 τῷ
1423 2720 1536 2778 Θεῷ,
1570 2715 1621 2762 τὸ
1651 2715 1780 2774 Ὠμό-

296 2792 436 2846 ‹popm›
478 2782 554 2839 τῆς
595 2777 818 2823 Θεοτόκου
855 2777 1013 2834 λαβών,
1054 2776 1170 2838 ἐξῄει
1204 2780 1285 2822 τοῦ
1319 2779 1438 2830 ναοῦ,
1478 2779 1574 2828 τοῖς
1619 2773 1777 2826 ὅπλοις

296 2835 511 2892 ασφαλέσι
540 2833 829 2894 φραξάμενος.
875 2838 936 2880 Ex
968 2837 1118 2892 quibus
1148 2837 1266 2892 patet
1292 2835 1487 2880 Alexium
1521 2846 1616 2878 cum
1637 2832 1780 2876 Patzi-
