1806 3132
273 218 355 261 692
792 227 970 262 CAROLI
998 227 1238 262 DUCANGII

273 342 427 386 cuntur
471 355 496 385 a
525 341 577 386 D.
608 342 778 398 Ignatio
809 342 940 397 Epist.
963 343 1001 386 9.
1045 344 1134 385 τῶν
1177 338 1314 398 ἇγίων
1357 342 1511 386 πυλῶν
1556 344 1762 400 φρουροί.

270 399 422 454 Itaque
466 411 562 442 cum
606 399 934 454 baptizabantur
976 400 1182 452 mulieres,
1232 400 1443 443 Diaconus
1488 401 1546 444 eis
1581 401 1762 444 frontem

273 456 362 498 oleo
393 457 538 499 sancto
569 456 739 499 tantum
769 456 968 511 ungebat,
1002 457 1271 511 postmodum
1318 457 1499 500 caeteras
1544 459 1761 501 unctiones

271 513 520 567 peragebat:
535 506 592 555 ου’
612 509 690 567 γὰρ
707 506 868 568 α’νάγκη
890 517 1091 568 γυναῖκας
1107 509 1196 555 ὑπὸ
1214 507 1372 567 ἀνδρὸς
1386 510 1758 565 κατοπτεύεσθαι,

271 570 320 611 111
350 570 412 612 ait
442 569 554 612 idem
586 569 788 613 Clemens.
850 569 1031 613 Proinde
1069 570 1284 624 probabile
1309 571 1385 622 cst,
1423 571 1501 614 etsi
1540 571 1677 615 nudae
1708 572 1761 615 ad

271 626 577 681 Baptisterium
608 626 887 681 procederent,
919 627 1063 681 operta
1085 628 1226 669 tamen
1257 628 1451 671 habuisse
1479 628 1640 671 nudata
1671 641 1762 671 cor-

270 695 372 737 pora
403 683 533 726 linteo
564 683 720 738 aliquo,
756 683 866 738 quod
896 696 920 726 a
951 683 1048 726 solis
1075 683 1332 727 Diaconissis
1374 685 1621 737 auferretur,
1667 698 1760 728 cum

269 739 312 781 id
341 752 405 782 res
433 740 688 794 postulabat,
722 740 912 794 aliaeque
946 740 1162 783 unctiones
1194 741 1455 795 exequendae
1496 742 1628 793 erant,
1667 755 1761 784 cum

270 796 403 838 solam
433 797 615 842 frontem
647 797 822 852 ungeret
854 797 1077 839 Diaconus.
1124 797 1265 852 Atque
1294 797 1344 840 de
1371 798 1486 841 hisce
1514 798 1762 841 Ministeriis

268 852 568 908 intelligendus
590 853 758 896 videtur
774 854 880 895 Atto
901 853 1127 908 Episcopus
1145 854 1418 897 Vercellensis
1440 855 1572 910 Epist.
1593 856 1631 897 8.
1661 855 1761 897 dum

269 909 331 952 ait
362 909 570 953 Diaconas
605 910 884 953 ministrandi
913 911 977 953 vel
1010 910 1259 964 baptizandi
1290 911 1474 965 officiam
1512 913 1761 966 smnpsisse3

270 979 352 1008 non
384 966 494 1021 quod
524 980 668 1010 revera
698 967 741 1009 id
772 967 905 1009 munii
935 980 1120 1024 unquam
1143 968 1335 1020 obierint,
1368 968 1438 1011 sed
1469 968 1579 1023 quod
1611 970 1655 1011 in
1687 969 1762 1012 ad-

269 1022 579 1066 ministratione
599 1023 722 1066 istius
753 1023 1015 1066 Sacramenti
1033 1024 1225 1067 foeminis
1248 1025 1391 1067 collati
1414 1025 1761 1068 ministraverint.

270 1078 375 1122 Cum
405 1079 540 1135 igitur
566 1081 812 1135 praecipuus
840 1081 876 1123 is
904 1081 1052 1123 fuisset
1084 1082 1271 1124 veterum
1303 1081 1641 1125 Christianorum
1670 1095 1762 1126 sco-

268 1149 357 1191 pus,
388 1137 436 1178 ut
466 1136 738 1192 Paganorum
775 1138 1021 1192 praesertim
1053 1139 1394 1194 caeterorumque
1423 1138 1608 1182 vitarent
1640 1152 1762 1182 scan-

268 1192 378 1245 dala,
409 1193 451 1235 in
481 1194 752 1237 muliebribus
785 1194 932 1237 officiis
975 1194 1230 1238 adhibendas
1274 1196 1523 1238 censuerunt
1553 1197 1760 1247 mulieres,

267 1249 429 1301 viduaS‚
462 1250 692 1293 virtutibus
722 1251 932 1305 probatas,
969 1252 1107 1294 aetate
1127 1253 1317 1295 maturas
1339 1253 1379 1295 et
1400 1254 1629 1307 provectas,
1653 1266 1759 1308 quae

267 1305 571 1361 sexagesimum
608 1308 760 1350 aetatis
805 1308 1075 1351 excessissent
1119 1322 1289 1361 annum,
1330 1309 1447 1352 iuxta
1492 1311 1760 1364 praeceptum

268 1362 462 1417 Apostoli
495 1364 530 1406 1.
574 1364 627 1406 ad
659 1364 870 1407 Thimoth.
905 1377 991 1419 cap.
1016 1366 1053 1408 5.
1100 1365 1218 1419 Quod
1250 1367 1292 1408 et
1322 1366 1531 1409 sancitum
1562 1369 1704 1421 postea
1735 1379 1759 1409 a

268 1419 499 1463 Theodosio
526 1421 649 1463 autor
679 1422 741 1463 est
766 1421 1050 1476 Theophanes,
1083 1423 1123 1464 et
1155 1436 1178 1465 a
1195 1423 1510 1475 Valentiniano,
1529 1423 1610 1466 Lex
1627 1424 1693 1466 27.
1714 1422 1758 1465 C.

269 1475 422 1518 Theod.
454 1476 505 1519 de
524 1477 671 1533 *Episc
703 1478 744 1520 et
761 1478 868 1521 Cler.
914 1478 1027 1520 Hinc
1058 1479 1109 1521 ab
1140 1480 1279 1522 aetate
1325 1480 1583 1534 provectiore
1613 1483 1760 1534 Πρεσ-

266 1528 441 1587 βύτιὸες
471 1533 608 1576 dictae
637 1534 680 1576 in
714 1534 900 1578 Concilio
931 1535 1099 1578 Laodic.
1123 1535 1222 1578 Can.
1243 1537 1306 1578 11.
1338 1537 1379 1579 et
1395 1533 1757 1592 Προκαθήμεναι,

268 1588 463 1632 Seniores
497 1590 658 1633 Isidoro
680 1591 919 1644 Mercatori,
957 1587 1254 1646 Πρεσβότιόες
1284 1587 1574 1648 ἱεροπρεπεῖς
1609 1594 1760 1637 S.An-

267 1646 408 1689 tiocho
438 1646 596 1689 Homil.
619 1648 685 1690 21.
717 1648 758 1691 et
789 1650 986 1702 γυναῖκες
1017 1645 1315 1702 Πρεσβύτιὸες
1359 1649 1431 1691 καὶ
1457 1646 1759 1692 θεόπνευστοι

266 1701 450 1758 μητέρες
480 1703 674 1746 Palladio
719 1705 763 1746 in
794 1705 978 1749 Praefat.
1027 1706 1079 1748 ad
1110 1706 1222 1749 Hist.
1254 1707 1517 1759 Lausiacam,
1559 1707 1670 1762 quod
1715 1707 1759 1748 in

269 1759 455 1803 Ecclesia
486 1761 660 1803 caeteris
691 1762 935 1805 mulieribus
966 1762 1189 1817 praeirent,
1211 1763 1254 1805 in
1287 1763 1545 1806 consessibus
1576 1764 1758 1818 primum

268 1816 505 1859 obtinerent
533 1817 686 1869 locum,
722 1818 849 1873 atque
880 1819 981 1862 adeo
1020 1815 1098 1876 τὴν
1129 1823 1433 1874 γυναικωνῖτιν
1465 1818 1759 1876 ἐκκλησιαστι-

269 1873 369 1924 κῶς,
400 1886 472 1916 seu
503 1874 666 1916 coetum
697 1875 942 1918 muliebrem
975 1877 1180 1931 regerent,
1213 1877 1262 1919 ut
1291 1877 1354 1919 est
1393 1877 1504 1932 apud
1538 1877 1760 1919 Balsamo-

265 1942 360 1972 nem
392 1929 465 1973 lib.
488 1930 526 1972 5.
559 1931 669 1973 Iuris
700 1930 1076 1975 Graeco-Romani.
1133 1933 1408 1976 Postmodum
1440 1933 1653 1976 indultum
1684 1934 1756 1985 est,

267 1986 315 2028 111
333 1999 440 2040 quae
458 1999 617 2030 annum
639 1988 1031 2043 quinquagesimum
1054 1989 1301 2045 attigerant,
1341 1990 1394 2033 ad
1416 1990 1757 2033 Diaconissarum

268 2042 454 2085 ordinem
485 2043 656 2086 admitti
685 2045 865 2099 possent,
887 2046 1066 2089 Novella
1086 2046 1314 2089 Iustiniani
1335 2048 1372 2090 6.
1396 2047 1461 2090 vel
1485 2047 1636 2090 saltem
1653 2060 1757 2102 qua-

267 2098 564 2154 dragesimum,
607 2101 715 2144 Nov.
742 2103 833 2144 123.
875 2115 963 2157 cap.
989 2104 1053 2145 13.
1091 2103 1132 2145 et
1169 2102 1327 2146 Coneil.
1359 2103 1555 2146 Chalced.
1587 2103 1757 2146 Oecum.

269 2155 369 2198 Can.
394 2157 457 2198 15.
489 2170 569 2211 quo
601 2159 814 2211 praeterea
846 2160 1029 2212 cavetur,
1062 2160 1330 2203 Diaconissas
1363 2161 1457 2215 post
1486 2159 1759 2214 χειροτονίαν

268 2224 351 2254 11011
380 2225 500 2266 posse
530 2213 583 2256 ad
614 2215 783 2269 nuptias
814 2215 1015 2266 transire;
1057 2217 1130 2260 ubi
1159 2216 1430 2271 χειροτονίας
1460 2229 1538 2260 vox
1570 2229 1652 2259 non
1684 2230 1757 2271 pro

268 2268 543 2322 ordinatione,
575 2284 648 2314 seu
679 2272 990 2315 consecratione
1025 2274 1219 2325 sumitur,
1252 2275 1321 2316 sed
1353 2286 1426 2328 pro
1458 2273 1756 2316 benedictione.

268 2325 429 2380 Duplex
461 2327 612 2382 quippe
631 2328 713 2370 suit
733 2328 1005 2383 χειροθεσία,
1027 2323 1226 2385 εὐλογίας
1258 2330 1451 2373 videlicet
1476 2331 1517 2373 et
1535 2326 1759 2383 καθιερώ-

268 2396 393 2434 σεως,
425 2384 474 2425 ut
505 2384 567 2426 ait
598 2385 825 2428 Tharasius
859 2386 975 2429 Patr.
1008 2385 1088 2429 CP.
1123 2386 1219 2429 Act.
1244 2388 1280 2430 1.
1311 2386 1487 2430 Concilii
1506 2387 1683 2429 Nicaeni
1701 2387 1757 2429 ΙΙ.

268 2451 363 2494 pag.
386 2440 481 2482 486.
516 2442 694 2496 utraque
724 2455 926 2484 manuum
971 2443 1236 2497 impositione
1266 2444 1402 2486 facta:
1445 2443 1515 2486 sed
1555 2444 1759 2498 posterior

268 2495 351 2536 fuit
382 2496 659 2540 ordinationis
681 2498 721 2540 et
754 2499 1088 2551 consecrationis,
1123 2513 1230 2554 quae
1259 2500 1309 2543 ad
1334 2500 1557 2554 Episcopos
1579 2501 1620 2542 et
1634 2500 1758 2541 Pres-

268 2551 434 2606 byteros
465 2555 695 2607 spectabat,
728 2555 862 2598 altera
891 2569 988 2598 vero
1021 2556 1332 2607 benedictionis,
1371 2557 1577 2611 quomodo
1618 2556 1757 2610 bapti-

266 2607 374 2650 zatis
403 2621 552 2652 manus
583 2610 887 2665 imponebatur,
935 2613 983 2654 ut
1026 2613 1149 2655 autor
1195 2614 1257 2656 est
1286 2613 1566 2668 Hieronymus
1611 2613 1756 2655 contra

266 2663 443 2706 Lucifer.
475 2666 539 2708 vel
568 2668 878 2721 poenitent-ibus
900 2669 940 2711 et
962 2669 1101 2723 lapsis.
1146 2668 1379 2712 Concilium
1396 2670 1705 2712 Arausicanum
1722 2669 1755 2710 Ι.

267 2718 366 2762 Can.
389 2721 457 2763 26.
490 2722 772 2767 Diaconissae
801 2725 1036 2768 omnimodo
1064 2739 1150 2768 non
1171 2726 1460 2769 ordinandae:
1489 2726 1528 2769 si
1548 2740 1652 2780 quae
1671 2726 1756 2768 iam

266 2779 376 2827 sunt,
409 2777 685 2822 benedictioni
718 2795 822 2835 qaae
844 2781 1008 2835 populo
1038 2782 1309 2836 impenditur,
1333 2783 1475 2836 capita
1494 2782 1753 2825 submittant.

267 2830 501 2876 Concilium
525 2835 766 2889 Epaonense
787 2836 886 2880 Can.
905 2839 972 2880 21.
1013 2837 1248 2882 Viduaram
1268 2839 1631 2891 consecrationem,
1651 2851 1756 2893 qaas
