1734 3120
214 209 295 249 274
718 213 883 248 ANNAE
912 212 1178 247 COMNENAE

213 329 378 374 Κελτοὶ
403 326 590 386 κίμητες
621 324 754 387 φύσει
784 326 863 383 μὲν
886 325 938 371 τὸ
969 324 1254 382 αναίσχυντον
1283 330 1356 373 καὶ
1384 326 1543 387 ιταμόν
1575 329 1699 385 ἔχον-

212 414 295 450 τες,
328 394 459 456 φύσει
491 396 538 440 δὲ
582 393 634 440 τὸ
665 392 1011 455 ε’ρασιχρηματον
1043 396 1115 440 καὶ
1158 394 1273 454 φιρός
1316 399 1409 441 πᾶν
1451 396 1503 443 τό
1547 393 1700 451 αὐτοῖς

212 462 428 523 βουλητον
447 460 631 521 οἷκρατὲς
659 464 732 508 καὶ
753 462 1083 522 πολυρρῆμον
1061 465 1173 521 νπὲρ
1188 467 1280 509 πᾶν
1299 466 1422 524 γένος
1440 462 1700 524 ἀνθρώπων

212 534 463 591 κεκτημένοι
487 528 539 578 οὗ
558 530 636 576 σὺν
657 527 840 591 εὐταξίᾳ
858 530 940 590 τήν
966 530 1083 588 πρὸς
1101 530 1179 576 τὸν
1196 530 1505 593 αὐτοκράτορα
1525 532 1701 580 εἷ’σοδον

213 602 466 655 ἐποιοῦντο,
498 597 590 644 ἀλλ’
623 596 822 652 ὁπόσους
841 596 894 643 ἂν
915 599 1099 653 ἕκαστος
1127 604 1216 644 τῶν
1244 599 1450 660 κομήτων
1479 601 1698 659 ἐβούλετο,
1715 612 1734 645 5

174 665 657 726 Οσυμπαραλαμβάνων
687 665 848 729 εἰσῄει·
881 669 953 712 καὶ
977 666 1138 713 τούτου
1169 669 1388 726 ἐχομένως
1413 669 1575 727 ἕτερος,
1600 671 1702 729 ἐφε-

212 740 287 796 ξῆς
315 739 352 782 δ’
388 737 554 781 ἐκείνου
584 730 731 789 ἄλλος.
791 735 1092 793 εἰσερχόμενοι.
1123 737 1171 782 δὲ
1201 734 1253 782 οὗ
1283 740 1399 795 πρὸς
1423 737 1556 797 ὕδωρ,
1588 743 1702 782 καθ-

211 803 326 861 άπερ
367 805 480 850 ποτὲ
523 808 619 857 τοῖς
654 802 862 864 ῥήτορσιν
901 805 1068 862 ἐφεῖτο,
1122 803 1200 864 τὴν
1238 804 1413 863 ὁμιλίαν
1450 807 1699 860 ἐποιοῦντο,

213 874 302 918 ἀλλ’
338 871 509 918 ὁπίσον
538 872 722 926 ἕκαστος
751 874 823 917 καὶ
849 871 871 918 ι(
904 871 1048 929 τυχών
1077 871 1291 932 ἠβούλετο
1323 876 1618 932 προσομιλεῖν
1637 876 1700 934 τῷ

212 938 502 999 αὐτοκράτορι
531 939 700 999 χρόνον,
733 943 950 986 τοσούτου
980 944 1052 986 καὶ
1083 940 1323 1000 ἐτύγχανεν.
1374 941 1416 988 οἶ
1437 945 1486 988 δὲ
1505 947 1734 988 τοιοῦτοι]

60 1016 103 1053 V.
129 1018 200 1052 345
214 1006 336 1064 ὄντες
364 1009 442 1055 τόν
468 1008 640 1068 τρόπον
670 1011 743 1054 καὶ
762 1008 840 1070 τὴν
863 1011 1059 1067 γλῶτταν
1079 1007 1352 1069 ἀσύμμετροι
1382 1013 1455 1056 καὶ
1485 1010 1594 1073 μήτε
1623 1010 1702 1057 τόν

212 1077 513 1137 αὐτοκράτορα
541 1076 795 1135 αἰδούμενοι
813 1076 927 1136 μήτε
958 1077 1035 1123 τὸν
1062 1078 1214 1136 καιρὸν
1242 1080 1551 1138 παραρρέοντα
1577 1076 1704 1124 εὐλα-

212 1146 422 1205 βούμενοι
450 1145 558 1209 μήτε
580 1145 658 1206 τὴν
678 1150 767 1191 τῶν
789 1144 996 1204 ὁρώντων
1017 1148 1190 1204 νέμεσιν
1210 1146 1496 1207 ὑφορώμενοι
1526 1145 1578 1192 οὗ
1607 1153 1704 1201 τοῖς

212 1210 408 1260 ὄπισθεν
424 1215 675 1273 ἐρχομένοις
695 1214 879 1267 ἕκαστος
899 1212 1042 1260 τόπον
1063 1213 1237 1271 ὁμιλίας
1256 1219 1477 1272 παρεῖχεν,
1499 1211 1592 1260 ἀλλ’
1607 1212 1704 1260 οἰνέ-

168 1292 200 1328 D
212 1301 301 1338 τως
311 1282 390 1338 τὰς
405 1281 577 1341 ὁμιλίας
590 1284 661 1327 καὶ
680 1281 758 1336 τὰς
772 1281 966 1342 αἰτήσεις
982 1284 1231 1328 ἐποιοῦντο.
1263 1281 1315 1329 τὸ
1326 1281 1459 1328 λάλον
1477 1284 1525 1329 δὲ
1535 1282 1734 1329 τούτων]

213 1353 287 1396 καὶ
300 1352 566 1410 θηρευτικὸν
588 1352 661 1395 καὶ
683 1348 977 1409 σμικρολόγον
993 1355 1083 1396 τῶν
1103 1353 1263 1407 λέξεων
1283 1348 1476 1406 ἅπαντες
1503 1353 1584 1409 μὲν
1607 1350 1704 1397 ἴσα-

214 1436 294 1474 σιν,
328 1417 516 1473 ὁπόσοις
546 1414 676 1478 ἠθῶν
706 1415 967 1477 ἀνθρώπων
996 1420 1119 1476 μέλει
1138 1418 1569 1477 καταστοχάζεσθαι·
1600 1419 1704 1473 τοὺς

58 1494 97 1530 Ρ.
127 1495 198 1530 436
213 1488 261 1532 δὲ
293 1485 394 1533 τότε
424 1486 648 1546 παρόντας
680 1483 991 1546 ἀκριβέστερον
1022 1487 1046 1550 ἡ
1079 1493 1215 1546 πεῖρα
1245 1490 1458 1545 δεδίδαχε.
1523 1491 1596 1534 καὶ
1624 1487 1703 1548 γὰρ

213 1555 325 1600 ἐπὰν
352 1555 519 1613 ἑσπέρα
547 1554 798 1613 καταλάβοι,
831 1551 988 1610 ἄσιτος
1018 1558 1072 1601 δι’
1106 1555 1210 1615 ὅλης
1239 1556 1568 1615 διαμεμενηκώς
1600 1556 1704 1618 ἡμέ-

215 1642 293 1680 ρας
323 1625 573 1681 ἐξανίστατο
604 1627 682 1669 τοῦ
715 1622 887 1682 θρόνου
917 1623 1034 1682 πρὸς
1063 1627 1140 1670 τὸν
1170 1624 1397 1682 βασιλικὸν
1418 1627 1734 1671 κοιτωνίσκονὲ

213 1691 469 1738 ἄπονεύων·
513 1689 605 1738 ἄλλ’
637 1690 742 1738 οὐδ”
761 1691 904 1747 οὕτως
931 1697 1012 1752 τῆς
1053 1697 1143 1738 τῶν
1175 1695 1359 1738 Κελτῶν
1399 1689 1703 1753 ἠλευθεροῦτο

349 1822 381 1856 3.
404 1823 512 1867 γένος
540 1821 582 1864 F,
609 1822 719 1860 ἔθνος
744 1821 782 1857 Ρ.
940 1823 973 1856 6.
1000 1820 1206 1868 ἐχομένως]
1233 1821 1442 1869 ἐρχομένου
1467 1821 1506 1857 C.
1664 1823 1699 1856 7.

348 1869 382 1904 δ’
407 1870 450 1915 F,
478 1869 520 1905 δὲ
545 1869 586 1906 Ρ.
670 1865 792 1916 ἄλλος]
818 1868 939 1916 ε’τερος
966 1869 1003 1904 C
1130 1872 1183 1906 11.
1209 1870 1375 1916 γλῶτταν
1401 1870 1444 1915 F,
1468 1870 1646 1916 γλῶσσαι
1662 1869 1702 1905 P.

353 1919 407 1955 15.
434 1920 496 1953 καὶ
517 1916 582 1958 τὰς
605 1918 646 1964 Ρ,
671 1917 735 1957 τὰς
758 1930 832 1954 om.
857 1917 897 1954 F.
1103 1920 1158 1954 19.
1186 1917 1468 1966 διαμεμενηκὼς
1492 1917 1633 1966 ἡμέρας
1659 1918 1703 1963 F,

346 1965 487 2014 ἡμέρας
511 1964 734 2014 μεμενηκὼς
757 1967 796 2002 P.

215 2094 456 2130 sermonibus.
508 2094 604 2130 Galli
629 2097 755 2130 autem
783 2095 948 2140 comites,
968 2094 1057 2140 quia
1080 2097 1218 2130 natura
1243 2097 1280 2130 et
1304 2094 1460 2130 audaces
1477 2094 1704 2141 minimeque

213 2142 414 2178 verecundi
439 2145 526 2179 sunt
550 2146 588 2179 et
620 2144 800 2189 pecuniae
833 2143 934 2179 avidi
971 2146 1086 2189 atque
1116 2143 1356 2178 immoderati
1382 2142 1429 2178 ad
1455 2143 1582 2178 omnia
1609 2155 1703 2190 quae

215 2192 490 2236 concupiscunt,
515 2194 596 2227 tum
622 2193 736 2228 etiam
761 2192 989 2238 loquacitate
1016 2203 1126 2227 omne
1141 2203 1258 2238 genus
1285 2191 1490 2227 humanum
1513 2196 1703 2238 superant,

216 2241 294 2275 sine
318 2241 528 2276 reverentia
559 2240 825 2286 imperatorem
862 2240 1027 2284 adibant,
1061 2240 1303 2286 intrabatque
1334 2241 1513 2276 comitum
1547 2242 1704 2287 quisque

216 2291 402 2334 quotquot
427 2289 546 2325 voluit
571 2290 662 2325 viris
687 2290 905 2335 asssumptis
930 2289 1097 2335 aliusque
1131 2289 1207 2333 alii,
1237 2289 1325 2325 huic
1350 2301 1479 2324 rursus
1505 2289 1598 2325 alius
1625 2301 1702 2325 suc-

216 2336 380 2373 cedebat.
437 2340 635 2384 postquam
662 2349 750 2374 vero
775 2338 1023 2383 intraverunt,
1058 2349 1148 2383 non,
1175 2340 1219 2373 ut
1243 2338 1458 2374 oratoribus
1483 2337 1572 2373 olim
1599 2350 1704 2384 prae-

216 2386 396 2430 scriptum
424 2388 516 2431 erat,
543 2386 590 2421 ad
616 2398 750 2433 aquam
774 2386 923 2423 dicendi
954 2390 1102 2432 tempus
1134 2386 1399 2432 metiebantur,
1432 2386 1495 2421 sed
1526 2387 1705 2432 quamdiu

216 2433 376 2478 quilibet
414 2434 472 2470 vel
503 2433 652 2470 infimus
696 2435 826 2479 voluit,
867 2435 1096 2481 imperatore
1133 2435 1328 2480 utebatur-3
1372 2446 1530 2481 cumque
1558 2436 1613 2470 ita
1638 2447 1704 2470 nec

215 2482 349 2527 agendi
375 2493 443 2518 nec
470 2482 645 2529 loquendi
672 2484 825 2519 modum
850 2487 1011 2528 nossent,
1035 2483 1138 2518 nulla
1163 2483 1220 2519 vel
1246 2484 1450 2519 maiestatis
1475 2484 1532 2518 vel
1561 2488 1702 2529 tempo-

204 2531 267 2564 ‘ris
292 2532 564 2576 praetereuntis
592 2532 650 2567 vel
678 2532 909 2567 adstantium
934 2532 1049 2568 taedii
1074 2532 1222 2567 ratione
1247 2532 1376 2567 habita
1401 2543 1448 2567 ne
1474 2531 1597 2568 locum
1624 2533 1702 2578 qui-

215 2578 300 2613 dem
336 2580 618 2625 insequentibus
658 2580 852 2626 cedebant,
886 2580 950 2616 sed
983 2580 1161 2617 continuo
1197 2580 1397 2616 adstabant
1440 2580 1702 2626 iterabantque

215 2627 425 2672 petitiones.
476 2629 585 2664 istam
612 2628 784 2675 profecto
811 2630 934 2676 gentis
951 2629 1214 2676 loquacitatem
1238 2632 1275 2664 et
1300 2632 1343 2664 ut
1367 2629 1422 2664 ita
1446 2629 1566 2664 dicam
1585 2633 1704 2664 artem

215 2677 446 2711 venatoriam
475 2677 725 2723 minutiasque
752 2678 990 2714 consectandi
1022 2677 1188 2714 studium
1222 2689 1331 2713 nemo
1363 2678 1526 2724 ignorat,
1551 2679 1613 2723 qui
1641 2677 1702 2713 ho-

214 2724 357 2759 minum
384 2737 504 2760 mores
535 2737 756 2772 cognoscere
786 2726 929 2771 studet;
966 2738 1028 2762 eos
1058 2738 1159 2771 vero,
1186 2726 1250 2772 qui
1275 2729 1366 2762 tunc
1390 2725 1558 2772 aderant,
1586 2726 1703 2761 multo

214 2773 422 2807 accuratius
448 2775 680 2819 experientia
705 2774 795 2810 haec
822 2754 961 2811 docuit.
1015 2776 1084 2810 etsi
1110 2775 1209 2810 enim
1233 2785 1384 2820 vespere
1409 2774 1558 2810 demum
1588 2775 1702 2820 impe-

213 2823 329 2856 rator.
356 2824 551 2866 postquam
579 2826 702 2858 totum
726 2823 826 2858 diem
852 2824 1062 2879 impransus
1087 2823 1236 2868 assedit,
1253 2834 1272 2858 e
1290 2823 1381 2859 solio
1400 2823 1566 2858 surrexit
1581 2823 1627 2858 ad
1647 2834 1702 2858 re-

214 2868 317 2914 gium
344 2870 516 2905 conclave
554 2871 689 2912 iturus,
714 2874 837 2906 tamen
864 2883 912 2906 ne
936 2872 989 2907 sic
1014 2871 1164 2918 quidem
1191 2871 1382 2907 Gallorum
1408 2871 1589 2907 molestiis
1613 2871 1734 2927 Ιίὶκε-τ
