1734 3120
211 172 293 212 296
719 175 885 209 ANNAE
914 174 1181 209 COMNENAE

211 291 356 345 ἕλικας
378 292 450 335 καὶ
481 288 657 346 καμπὰς
677 289 943 346 παραμείβει
968 306 1017 333 τε
1047 287 1126 347 τὴν
1153 283 1386 346 Ἀδριανοῦ
1420 290 1598 333 πολλῶν
1629 290 1701 332 καὶ

211 354 356 404 ἄλλων
403 360 446 412 ἐς
489 356 621 403 ταῦτδ
667 359 885 414 ποταμῶν
926 355 1344 414 συνεμβεβληκότων
1380 359 1453 402 καὶ
1491 358 1596 412 περὶ
1624 354 1702 415 την

212 423 360 473 Αἶνον
404 425 535 472 πόλιν
574 427 803 471 ἐκδίδωσιν
847 424 911 478 εἷς
952 424 1037 484 τὴν
1075 423 1318 471 θάλασσαν.
1383 427 1612 470 Φίλιππον
1655 424 1702 468 δὲ

213 493 319 541 ὅταν
351 493 479 549 εἴπω,
505 490 556 539 οὗ
585 492 663 539 τὸν
686 491 927 538 Μακεδόνα
954 494 1078 551 λέγω,
1102 491 1179 538 τὸν
1207 496 1286 539 τοῦ
1316 490 1548 551 Ἀμύντου,
1596 509 1703 536 νεω-

172 564 319 621 Βτέρα
351 565 429 622 γὰρ
463 563 488 622 ἦ
511 561 643 616 πόλις
671 566 751 607 τοῦ
776 563 1007 607 Φιλίππου
1038 564 1212 616 τούτου,
1243 558 1357 608 οἷλλὰ
1385 560 1463 606 τὸν
1488 560 1734 618 Ῥωμαῖονῡ

63 641 107 677 V.
132 641 202 676 356
217 633 458 685 Φίλιππον,
492 627 541 684 ὃς
571 629 830 687 «ὗπερωμιάς
858 631 1030 689 γέγονεν
1060 627 1170 688 ἆνὴρ
1193 632 1266 676 καὶ
1295 629 1373 690 τὴν
1403 630 1524 687 ἶσχύν
1550 631 1622 674 καὶ
1651 627 1702 673 τό

214 703 342 757 σῶμα
371 695 688 752 ἀνυπόστατος.
746 699 976 754 πολίχνιον
1020 700 1068 744 δὲ
1113 691 1164 757 ἦν
1206 697 1261 743 τὰ
1310 702 1468 755 πρῶτα
1510 699 1582 742 καὶ
1613 696 1703 754 πρὸ

218 768 448 812 Φιλίππου
483 767 697 824 Κρηνίδες
730 762 1067 823 ὀνομαζόμενον,
1112 767 1216 824 παρ’
1249 767 1376 811 ἐνίων
1416 767 1464 811 δὲ
1500 769 1703 823 Τριμοῦς.

214 832 305 881 ἀλλ’
337 833 364 879 δ’
394 853 442 880 τε
473 837 676 893 μέγιστος
706 836 872 889 ἐκεῖνος
896 837 1125 889 Φίλιππος
1155 835 1219 889 εἷς
1245 836 1439 893 μέγεθος
1468 836 1544 895 τὴν
1572 832 1705 879 πόλιν

216 901 370 961 ἐξάρας
398 903 470 947 καὶ
499 901 832 960 περικυκλώσας
860 901 1021 962 ταύτην
1049 905 1213 959 τείχεσι
1241 902 1511 962 περιβόητον
1540 906 1631 948 τῶν
1659 903 1734 946 ἐν]

219 969 369 1035 Θρᾴκῃ
399 972 619 1030 πεποίηκε
647 970 827 1016 πόλεων
854 969 1022 1018 ἱππικά
1043 990 1091 1017 τε
1118 971 1500 1031 καταστησάμενος
1521 973 1565 1017 ἐν
1595 967 1705 1036 αὐτῇ

215 1041 396 1098 μέγιστα
423 1041 495 1084 καὶ
525 1035 618 1085 ἄλλ’
648 1035 759 1085 ἄττα
796 1038 1188 1097 κατασκευάσματα
1226 1039 1459 1098 θαύματος
1497 1036 1612 1096 «igme,
1646 1037 1707 1083 (ὃν

191 1106 310 1166 4ἴχνη
341 1108 580 1165 κατέλαβον
610 1109 683 1153 καὶ
723 1105 831 1167 αὕτη
873 1107 986 1166 μετὰ
1025 1111 1104 1154 τοῦ
1142 1105 1469 1167 αὗτοκράτορος
1507 1110 1706 1166 ἐπιδεδη-

216 1180 378 1235 μηκυῖα
405 1174 483 1234 τὴν
515 1174 646 1221 πόλιν
681 1175 790 1221 κατὰ
819 1178 969 1235 χρείαν
999 1176 1108 1223 τινά.
1171 1176 1197 1236 ἦ
1239 1178 1287 1222 δὲ·
1325 1175 1458 1230 πόλις
1484 1174 1709 1236 τρίλοφός

178 1245 335 1292 Οὲστιν
386 1242 571 1289 ἑκάστου
621 1243 765 1305 λόφου
815 1246 1195 1303 περιζιιιννυίιιένοι1
1246 1247 1379 1302 τείχει
1409 1243 1588 1304 μεγάλῳ
1636 1246 1734 1289 καὶ]

216 1311 400 1372 ὑψηλῷ·
433 1309 551 1358 ὅπου
584 1314 632 1358 δὲ
653 1313 767 1372 πρὸς
792 1313 1006 1368 πεδιάδας
1036 1312 1289 1360 ὕποκύπτει
1318 1316 1391 1359 καὶ
1421 1312 1707 1372 ὁμαλότητας,

217 1379 388 1441 τάφρος
416 1376 556 1442 αὐτὴν
602 1382 808 1439 περιθέει
855 1383 960 1441 παρ’
1006 1378 1140 1442 Εἷῖρῳ
1186 1384 1373 1442 κειμένη.
1446 1383 1518 1427 καὶ
1549 1375 1611 1442 ἦν,
1647 1380 1710 1435 ὠς

220 1450 350 1516 ἔοικε,
381 1452 494 1495 ποτὲ
524 1449 656 1506 πόλις
690 1450 714 1511 ἦ
745 1450 877 1507 πόλις
905 1451 1014 1511 αὕτη
1051 1452 1216 1512 μεγάλη
1245 1470 1293 1497 τε
1328 1453 1402 1497 καὶ
1441 1449 1564 1510 καλή.
1632 1445 1710 1509 ἀφ’

220 1517 271 1563 οὗ
302 1520 349 1563 δὲ
386 1523 550 1578 Ταῦροι
580 1522 652 1565 καὶ
682 1518 855 1566 Σκύθαι
885 1522 963 1581 τὴν
992 1520 1124 1566 πόλιν
1152 1522 1196 1566 ἒν
1226 1526 1323 1574 τοῖς
1359 1516 1577 1566 ἀνέκαθεν
1606 1516 1709 1576 χρό-

207 1605 313 1640 νοις
330 1583 727 1652 ᾗνδραποδίσαντο,
753 1587 817 1643 εἷς
846 1588 949 1635 τόδε
968 1591 1047 1634 τοῦ
1070 1588 1291 1649 σχήματος
1310 1587 1335 1647 ἦ
1359 1580 1492 1642 πόλις
1512 1587 1734 1644 nentiorib?

221 1655 265 1703 ἑν
310 1653 345 1713 ᾧ
391 1653 521 1713 ἡμεῖς
554 1655 869 1717 κατειληφότες
913 1653 1051 1716 αὐτήν
1097 1658 1172 1703 ἐπὶ
1215 1661 1305 1702 τῶν
1349 1660 1428 1701 τοῦ
1475 1657 1582 1713 ἐμοῦ
1627 1673 1714 1699 πα-

219 1721 323 1780 τρὸς
353 1721 592 1782 σκήπτρων
623 1724 701 1784 τὴν
731 1724 864 1771 πόλιν
884 1723 1183 1784 μεγαλόπολιν
1215 1723 1275 1779 ὡς
1306 1719 1446 1778 ὅντως
1476 1721 1713 1782 ἑτεκμηρά-

218 1798 352 1850 μεθα.
411 1791 633 1850 ἑδυστύχει
664 1794 712 1839 δὲ
740 1793 851 1852 μετὰ
880 1798 971 1839 τῶν
1008 1789 1156 1840 ἄλλων
1193 1796 1265 1839 καὶ
1293 1789 1470 1850 ἀσεβῶν
1500 1792 1713 1851 ἐπιδημίᾳ

354 1897 386 1932 2.
418 1899 475 1937 39«
502 1897 553 1945 (ἐς
566 1899 605 1934 in
619 1912 688 1935 ras.
704 1912 751 1936 m.
766 1899 802 1947 2)
815 1900 854 1936 G.
916 1897 1045 1935 tauto*
1064 1899 1101 1936 C.
1188 1901 1242 1935 10.
1269 1900 1319 1934 τῶ
1338 1898 1395 1942 0¹,
1419 1898 1494 1934 τῶν
1509 1897 1570 1933 0².
1656 1896 1712 1932 11.

354 1943 450 1993 αὐτῷ
462 1947 503 1989 P,
534 1949 692 1984 correxi.
852 1950 907 1985 12.
933 1944 1090 1983 micina
1106 1948 1143 1993 C,
1169 1944 1259 1983 ἄλλα
1272 1948 1310 1984 P.
1474 1946 1526 1981 15.
1553 1940 1710 1980 ἑκάστου

355 1995 505 2042 scripsi:
533 1997 674 2032 ἐκείνου
701 1995 768 2033 GP.
877 2000 1202 2046 περιζωννυμένου
1231 1996 1269 2039 C,
1297 1991 1575 2043 περιζωννὺμου
1600 1994 1639 2029 Ρ.

221 2101 325 2135 ortus
351 2101 436 2144 post
460 2099 597 2135 multos
630 2100 748 2136 flexus
772 2101 854 2137 obit
880 2101 1063 2137 Hadriani
1089 2102 1220 2137 urbem
1246 2113 1288 2137 ae
1322 2100 1452 2135 multis
1477 2098 1560 2134 aliis
1585 2097 1710 2134 fluviis

221 2151 351 2183 auctus
379 2147 425 2183 ad
451 2148 595 2184 Aenum
620 2149 802 2195 oppidum
817 2150 855 2186 in
880 2162 985 2185 mare
1009 2149 1146 2185 influit.
1186 2149 1402 2195 Philippum
1417 2158 1711 2184 commemorans

221 2208 295 2232 non
321 2195 405 2231 dico
432 2196 669 2233 Macedonem
703 2199 888 2245 Amyntae
914 2198 1044 2239 filium,
1070 2199 1158 2245 quia
1196 2199 1288 2233 urbs
1326 2197 1391 2232 illa
1432 2196 1549 2231 multo
1590 2207 1633 2230 eo
1659 2207 1715 2229 re-

222 2245 366 2280 centior
392 2247 459 2289 est,
484 2245 548 2280 sed
573 2245 781 2282 Romanum
807 2247 1036 2294 Philippum,
1061 2247 1225 2293 ingentis
1252 2245 1423 2292 corporis
1449 2245 1584 2288 virum,
1611 2244 1716 2279 euius

221 2293 349 2328 robori
374 2293 467 2328 nihil
494 2295 619 2339 potnit
644 2296 828 2331 resistere.
876 2296 931 2331 ibi
956 2299 1043 2331 ante
1069 2307 1154 2331 eum
1181 2294 1363 2341 oppidum
1393 2293 1477 2335 fuit,
1507 2291 1607 2339 quod
1634 2291 1715 2327 Cre-

223 2341 325 2376 uides
350 2342 545 2386 vocabant,
571 2343 723 2388 quidam
749 2344 860 2379 etiam
886 2344 1152 2380 Trimontium.
1205 2343 1306 2390 quod
1330 2342 1515 2378 maximus
1541 2340 1603 2376 ille
1629 2339 1714 2375 Phi-

224 2389 347 2434 lippus
385 2391 537 2425 structis
563 2392 704 2427 circum
740 2393 934 2428 moenibus
984 2393 1023 2428 in
1057 2405 1138 2428 eam
1176 2391 1476 2438 magnitudinem
1503 2389 1637 2433 evexit,
1676 2391 1717 2424 ut

222 2438 428 2473 clarissima
472 2438 651 2475 Thraciae
692 2441 823 2477 civitas
862 2445 976 2477 esset:
1017 2442 1137 2477 circos
1167 2452 1315 2487 quoque
1355 2439 1538 2474 maximos
1571 2437 1718 2482 aliaque

224 2487 318 2522 mira
354 2486 522 2523 aedificia
554 2488 593 2522 in
619 2500 661 2524 ea
698 2489 880 2531 condidit,
921 2502 1080 2536 quorum
1121 2491 1199 2535 ipse
1237 2489 1316 2524 vidi
1354 2487 1525 2533 vestigia,
1567 2485 1717 2532 quando

224 2535 347 2569 nescio
373 2547 446 2580 qua
482 2548 591 2571 causa
617 2537 670 2572 ibi
696 2549 778 2573 eum
806 2538 1032 2583 imperatore
1057 2538 1158 2574 affui.
1218 2538 1308 2573 urbs
1340 2538 1379 2572 in
1407 2536 1530 2571 tribus
1553 2534 1710 2570 collibus

225 2583 306 2624 sita,
331 2594 488 2627 quorum
516 2586 768 2631 unusquisque
794 2598 929 2633 magno
968 2590 1006 2622 et
1032 2587 1108 2623 alto
1145 2598 1253 2622 muro
1290 2585 1476 2632 cingitur;
1513 2595 1586 2629 qua
1625 2594 1713 2618 vero

226 2633 332 2684 parte
358 2631 395 2665 in
421 2632 615 2676 planitiem
639 2638 676 2670 et
701 2646 874 2680 campum
892 2636 1027 2681 vergit,
1052 2647 1169 2681 prope
1194 2635 1360 2670 Hebrum
1386 2633 1485 2668 fossa
1509 2634 1713 2668 coercetur.

227 2678 300 2712 fuit
326 2678 427 2724 olim,
453 2683 495 2715 ut
521 2686 688 2728 apparet,
706 2683 795 2718 urbs
820 2695 957 2730 magna
980 2687 1019 2719 et
1045 2683 1257 2729 splendida3
1284 2694 1329 2718 ex
1359 2693 1432 2728 quo
1458 2683 1582 2716 autem
1598 2679 1713 2714 Tauri

227 2726 456 2781 Scythaeque
483 2740 562 2764 eam
588 2731 779 2776 superiore
796 2734 964 2778 tempore
989 2735 1180 2778 ceperunt,
1194 2732 1290 2767 hanc
1306 2733 1442 2766 nancta
1467 2731 1522 2765 est
1542 2728 1714 2774 speciem,

227 2786 266 2809 ln
292 2786 366 2829 quas
389 2787 455 2810 nos
484 2788 562 2812 eam
602 2780 669 2813 sub
708 2783 814 2825 patre
851 2792 934 2815 meo
974 2781 1203 2826 reperientes
1233 2779 1463 2826 peramplam
1489 2788 1577 2812 sane
1601 2775 1715 2812 fuisse

227 2834 461 2859 conieexmus.
505 2826 568 2861 sed
593 2839 678 2862 eum
703 2827 794 2865 alias
811 2831 892 2865 tum
910 2828 1118 2867 infidelium
1136 2828 1311 2867 confluxu
1337 2826 1467 2864 infelix
1493 2827 1585 2862 erat.
1628 2836 1713 2861 nam
