1806 3132
549 234 605 270 m
631 235 920 269 nmmum
947 237 1109 271 norm
1482 232 1567 276 573

90 349 271 393 Meierus
297 348 371 393 lib.
391 349 433 392 3.
497 349 621 392 Hanc
653 350 818 404 praeter
844 349 1057 393 Andream
1084 350 1112 394 S
1115 351 1312 407 ylvium'
1299 366 1344 395 111
1374 352 1564 398 Chronic.

89 405 295 449 Marcian.
337 405 411 449 lib.
437 405 477 449 4.
520 418 611 460 cap.
639 407 679 448 3.
724 406 767 449 et
808 406 972 461 aliquot
1015 365 1141 450 aliosy
1174 409 1323 464 attigit
1359 409 1565 454 Robertus

90 462 332 514 Monachus,
374 474 423 505 ex
466 462 585 504 cuius
621 461 720 505 Cod.
750 462 839 505 MS.
870 463 1052 517 proferre
1081 464 1148 506 hic
1176 464 1292 507 lubet
1319 465 1561 520 Epistolam,

90 531 174 574 qua
217 517 390 561 Alexius
431 518 666 573 Imperator
709 518 1005 562 Flandrensem
1052 519 1255 563 Comitem
1304 523 1566 577 caeterosque

90 575 214 619 Orbis
243 573 474 618 Christiani
503 574 718 629 Principes
761 575 816 618 ad
844 575 1195 630 suppeditandum
1225 579 1370 620 contra
1393 577 1566 621 Sarace-

89 631 204 674 nicas
249 631 395 686 gentoe
438 631 691 686 promissum
734 631 860 674 toties
903 633 1027 687 urget
1074 633 1288 684 auxilium,
1333 634 1564 677 cuiusmodi

89 687 227 743 plures
254 686 398 730 eodem
426 688 676 743 argumento
708 687 920 742 scripsisse
949 687 1115 731 litteras
1145 689 1199 731 ad
1222 690 1436 732 Urbanum
1454 691 1565 734 Pon-

89 743 247 787 tificem
273 744 456 786 testatur
484 744 770 798 Uspergensis.
830 745 892 786 At
921 756 1018 787 cum
1045 745 1160 787 illius
1191 746 1324 800 stylus
1365 748 1406 789 et
1436 747 1566 801 scrip-

87 800 217 844 tionis
245 800 464 843 character
490 800 616 855 paulo
651 799 851 843 humilior
871 799 1173 844 Graecanicum
1191 802 1364 844 minime
1383 802 1566 846 redoleat

88 857 258 909 fastum,
288 856 379 899 iure
406 856 584 899 fortasse
613 856 855 899 addubitari
884 858 1033 922 potest,
1071 871 1170 900 num
1201 858 1289 900 eius
1317 859 1563 902 senteutiam

88 914 197 957 bona
228 912 311 956 fide
345 912 574 956 reddiderit
606 913 827 965 Robertus,
871 913 960 956 sive
1000 914 1108 956 alius
1151 914 1289 969 quivis
1332 915 1564 969 Interproe:

88 983 186 1013 nam
212 969 379 1013 solenne
410 970 502 1014 erat
530 969 778 1025 Byzantinis
809 947 905 1013 i’stis
934 970 1152 1025 Augustis,
1189 983 1283 1013 cum
1321 971 1375 1013 ad
1402 971 1565 1014 Princi-

87 1039 171 1081 pes,
202 1026 374 1069 Latinos
402 1026 660 1080 praesertim,
690 1026 931 1078 scriberent,
971 1027 1106 1069 verbis
1138 1027 1201 1070 uti
1238 1027 1496 1081 ampullosis,
1527 1032 1565 1070 et

87 1096 194 1137 quae
216 1083 379 1137 fastum
412 1096 488 1138 req
489 1081 608 1135 alem,
640 1081 927 1137 Graecumque
954 1087 1151 1137 saperent
1176 1087 1387 1135 tumorem,
1426 1085 1475 1126 ut
1501 1085 1564 1127 est

87 1153 141 1194 ap
142 1139 198 1182 ud
227 1097 488 1182 Radivicum
506 1139 579 1182 lib.
596 1140 636 1181 3.
666 1139 779 1182 Hist.
800 1139 959 1182 Frider.
990 1153 1079 1194 cap.
1101 1141 1138 1182 6.
1178 1140 1334 1183 Verum
1360 1118 1563 1183 eiusmodi

87 1196 169 1239 fuit
197 1194 453 1239 Graecorum
482 1195 714 1251 ingenium,
757 1199 806 1238 ut
841 1210 935 1239 cum
979 1197 1182 1249 timerent,
1227 1198 1362 1240 nimia
1397 1197 1466 1239 sui
1493 1197 1561 1240 de-

85 1253 258 1296 iectione
294 1251 549 1306 vilescerent,
578 1255 618 1294 et
659 1251 964 1307 franyerentur
991 1254 1040 1295 in
1078 1253 1306 1306 foeminas.-
1345 1267 1438 1295 cum
1467 1267 1562 1296 vero

82 1308 391 1364 praevalerent,
418 1309 544 1364 91·αυί
570 1308 835 1351 subditorum
866 1309 1090 1352 deiectione
1114 1310 1390 1363 superbirent.
1427 1309 1562 1352 Verba

86 1366 185 1409 sunt
213 1365 371 1409 Odonis
398 1365 450 1408 de
477 1365 650 1420 Diogilo
678 1365 751 1408 lib.
774 1366 814 1408 3.
844 1365 955 1420 quod
985 1365 1035 1409 de
1064 1365 1198 1409 Gallis
1227 1366 1327 1421 ipsis
1354 1366 1416 1409 ait
1438 1366 1561 1410 Anna

85 1435 181 1478 pag.
201 1422 300 1465 402.
360 1420 483 1465 Certe
510 1422 647 1474 istius,
676 1422 752 1465 aut
785 1421 935 1465 similis
966 1422 1179 1477 Epistolae
1221 1422 1413 1465 meminit
1453 1422 1561 1465 idem

87 1478 327 1522 Guibertus.

483 1593 844 1662 Aryumentum
879 1592 1161 1661 Epistolae.

84 1703 179 1747 Hoc
211 1703 441 1758 Exemplar
467 1703 690 1758 Epi-stolae
718 1707 868 1758 quarto
897 1717 1011 1746 anno
1035 1707 1134 1746 ante
1157 1702 1389 1758 plor-iesum
1406 1702 1562 1747 Hiero—

140 1760 440 1816 solymitanum
472 1762 561 1804 Iter
586 1776 615 1804 a
646 1760 1111 1814 Constantinopolitano
1139 1759 1399 1813 Imperatore
1429 1761 1561 1803 omni-

141 1818 218 1860 bus
247 1817 586 1861 Occidentalibus
602 1817 808 1861 Ecclesiis
837 1818 1041 1860 directum
1069 1819 1141 1867 est,
1160 1817 1394 1881 praecipue
1421 1820 1561 1859 tamen

139 1873 410 1917 Flandrensi
445 1874 597 1918 Comiti
621 1874 826 1918 Roberto:
855 1876 946 1927 ipse
973 1874 1084 1916 enim
1106 1871 1284 1916 Comes
1266 1886 1354 1915 iam
1376 1873 1561 1916 redierat

140 1945 170 1974 a
197 1930 426 1985 Sepulchro
455 1930 635 1974 Domini
676 1932 722 1974 in
757 1931 902 1974 baculo
929 1934 967 1973 et
1002 1943 1122 1983 p,era
1150 1929 1198 1971 in
1233 1942 1311 1983 quo
1339 1929 1490 1971 itinere
1517 1943 1561 1972 se

141 1988 347 2039 viderunt,
376 1991 416 2031 et
444 1987 617 2041 affabile
647 1992 770 2042 atque
796 1986 1015 2030 amicabile
1002 1944 1282 2050 pcolloquium
1309 1985 1401 2028 ad
1384 1986 1561 2028 invicem

141 2043 389 2088 habuerunt.
443 2044 587 2087 Isdem
615 2058 712 2087 vero
740 2044 991 2098 Imperator,
1019 2046 1067 2085 ut
1093 2043 1183 2096 ipse
1210 2043 1258 2084 in
1284 2042 1438 2084 eisdem
1465 2055 1559 2084 con-

139 2101 332 2155 queritur
359 2100 524 2154 litteris,
567 2102 697 2144 nimis
733 2113 957 2154 oppressus
990 2099 1135 2153 fuerat
1162 2113 1189 2142 a
1215 2098 1469 2152 nefandaq

136 2171 420 2213 paqanorum,
449 2171 626 2212 quorum
644 2158 941 2212 principatum
976 2155 1138 2198 tenebat
1173 2154 1344 2210 Solyma
1344 2112 1469 2197 nnn-39
1484 2154 1558 2197 Ve-

138 2218 325 2266 temnus,
350 2218 477 2268 pater
502 2214 694 2258 Iunioris
724 2214 894 2269 Solyma
896 2213 986 2267 nni,
1016 2225 1134 2266 quem
1160 2212 1296 2254 nostri
1315 2214 1467 2264 postea
1491 2210 1558 2264 (ut

138 2270 246 2313 liber
271 2271 350 2314 iste
372 2271 582 2325 meminit)
627 2271 817 2314 bellicoso
797 2228 1051 2321 conflictu
1094 2268 1344 2320 devicerunt,
1389 2280 1558 2321 eumque

132 2327 281 2382 fuqere
312 2328 611 2381 compulerunt.
660 2326 779 2371 Unde
804 2340 890 2369 non
911 2339 1072 2379 parum
1100 2325 1288 2379 miretur,
1316 2337 1391 2366 cur
1421 2323 1557 2366 dictus

135 2383 373 2438 Imperator
408 2388 496 2428 tam
524 2398 774 2428 venenosum
805 2383 994 2426 animum
1022 2385 1169 2424 contra
1195 2384 1361 2423 nostros
1393 2392 1555 2433 semper

136 2440 342 2494 habuerit,
370 2445 411 2485 et
433 2442 608 2486 reddere
635 2441 750 2484 mala
769 2453 856 2494 pro
891 2439 1010 2482 bonis
1037 2451 1124 2481 non
1138 2436 1444 2490 formidaverit.

500 2567 744 2636 Epistola
780 2565 979 2617 ALEXII
1015 2562 1147 2630 Imp.

215 2665 415 2710 Domo
433 2671 472 2710 et
491 2665 689 2709 Glorioso
710 2663 884 2707 Com'rr
903 2663 1290 2704 FLANDRENSIVM
1310 2659 1555 2706 ΒοΒΕΒΤο,

81 2726 121 2766 et
155 2722 348 2766 omnibus
375 2724 504 2766 totius
529 2721 670 2777 Reyni
698 2719 974 2773 Principibus
1001 2717 1272 2762 Christianae
1289 2715 1415 2758 Fidei
1440 2729 1556 2758 ama-

81 2779 255 2832 toribus,
283 2783 372 2823 tam
403 2779 564 2832 Laicis,
601 2792 726 2832 quam
761 2776 951 2827 Clerici-3,
988 2775 1273 2817 IMPERATOR
1311 2771 1555 2815 CONSTAN-

81 2845 478 2882 TINOPOLITANVS
515 2835 706 2880 Salutem
752 2837 791 2876 et
832 2845 978 2887 paoem
1005 2831 1053 2874 in
1082 2830 1221 2874 eodem
1246 2828 1430 2873 Domino
1458 2827 1555 2871 Iesu
