1794 3132
270 222 354 264 454
793 231 972 265 cAnom
1002 230 1242 264 DUOANGII

270 346 440 389 Basilio.
470 346 580 401 apud
613 345 748 390 Carol.
781 347 992 389 Labbeum
1029 339 1187 398 βράχαι
1231 344 1511 399 appellantur,
1556 357 1667 396 voce,
1714 345 1762 387 ut

270 403 688 455 videtur‚‘traducta.
752 398 1014 457 Βραχιόλιον
1057 401 1200 444 eadem
1239 401 1409 444 notione
1445 403 1619 456 usurpat
1650 402 1762 444 Hero

269 460 313 502 in
344 459 675 515 Παρεκβολαῖςε
718 454 1051 514 Ἐπιμελεῖσθαι
1085 456 1152 500 dei
1181 458 1260 498 τοῦ
1291 457 1559 511 βραχιολίου,
1591 453 1672 516 κᾷν
1699 453 1774 509 εἷς.

268 512 416 571 βάθος
448 515 524 559 ἐπὶ
553 512 668 559 πολὺ
700 515 948 559 ἐκτείνεται.
979 517 1019 558 et
1041 514 1543 559 Chron.Alexandrinum
1566 515 1647 557 An.
1662 525 1762 559 XVI.

270 573 470 625 Heraclii,
518 573 591 615 καὶ
630 574 736 627 περὶ
782 570 972 627 ἑσπέραν
1018 569 1206 627 ἔστησαν
1252 563 1376 625 ὀλίγα
1409 567 1646 627 μαγγανικὰ
1692 570 1764 613 καὶ

269 627 472 683 χελώνας,
505 624 598 672 ἀπὸ
629 629 897 685 βραχιολίου,
931 628 1003 671 καὶ
1031 626 1116 679 ἕως
1144 627 1412 682 βραχιολίοῑ·.
1464 629 1623 671 Paulus
1643 628 1762 671 Diac.

270 688 342 731 lib.
368 688 432 730 19.
463 687 575 730 Hist.
608 687 726 730 Misc.
756 687 1006 730 Brachialis
1031 685 1200 728 Aureae
1226 684 1384 728 Portae
1414 686 1616 728 meminit.
1678 685 1763 728 Ne-

272 757 351 800 que
381 744 497 787 aliud
529 744 695 787 videtur
725 744 972 788 Sbaraliurn
1013 742 1125 797 apud
1156 741 1364 785 Sanutum
1405 742 1476 785 lib.
1496 744 1535 785 3.
1569 743 1675 797 part.
1700 743 1763 785 12.

273 814 361 856 cap.
384 802 450 844 2l.
482 801 602 844 Fecit
633 815 792 856 quoque
828 801 978 854 plnres
1005 800 1150 854 mines,
1195 799 1282 841 sive
1321 799 1549 851 cuniculos,
1593 813 1766 853 respon-

272 859 414 902 dentes
445 859 503 901 ad
519 857 695 900 Turrim
724 857 1015 909 Maledictam,
1048 859 1085 899 et
1115 855 1173 898 ad
1202 855 1460 907 Sbaralium,
1491 857 1577 899 sive
1602 855 1765 899 Barbe-

270 929 424 958 canum
454 915 587 970 Reyis
616 914 827 969 Hayonis.
888 913 1009 957 Certe
1039 913 1204 955 constat
1244 912 1351 955 nihil
1392 912 1508 956 aliud
1545 926 1631 955 esse
1657 913 1765 956 Bra-

272 972 417 1024 chiale‚
449 985 575 1027 quam
608 971 717 1026 quod
750 971 883 1014 nostri
903 970 1192 1020 Barbecanas‚
1217 970 1258 1012 et
1277 968 1578 1013 Antemuralia
1598 970 1763 1021 vocant,

272 1028 423 1084 quibus
452 1029 501 1071 ut
534 1028 763 1083 plurimum
794 1028 949 1070 Portae
974 1026 1232 1082 Oppidorum
1263 1029 1304 1069 et
1327 1025 1571 1070 Castrorum
1600 1039 1766 1070 earum-

272 1098 351 1141 que
381 1085 515 1128 exitus
550 1085 858 1128 muniebantur.
914 1084 1156 1128 Willelmus
1191 1083 1244 1126 ab
1276 1082 1516 1138 Oldenborg
1552 1083 1597 1125 in
1625 1083 1764 1125 itiner.

272 1143 320 1185 Τ.
354 1142 395 1186 S.
426 1142 476 1184 de
507 1142 689 1196 Tripoli:
723 1156 900 1197 quorum
920 1145 1077 1196 portas
1107 1144 1146 1183 et
1173 1140 1375 1183 introitus
1402 1140 1605 1194 speciales
1635 1153 1766 1195 quon-

271 1200 371 1242 dam
409 1200 606 1242 sinuosae
638 1198 911 1242 Barbicanae
949 1198 1156 1242 intricant
1197 1201 1236 1240 et
1275 1197 1508 1240 observant.
1568 1197 1685 1240 Idem
1716 1196 1766 1239 de

272 1257 405 1312 Tyro:
451 1256 498 1298 in
533 1256 682 1310 quibus
725 1255 896 1309 (muris)
942 1255 1172 1309 dispositae
1212 1257 1251 1297 et
1279 1255 1564 1308 transpositae
1591 1257 1691 1297 sunt
1719 1264 1764 1297 V.

269 1313 440 1368 Portae,
472 1327 577 1367 qaae
603 1313 825 1356 introitum
856 1313 1039 1356 civitatis
1069 1311 1174 1355 adeo
1203 1311 1411 1355 intricant
1453 1315 1490 1354 et
1530 1311 1765 1361 observant,

269 1374 318 1413 at
346 1370 418 1424 qni
447 1383 518 1413 eas
546 1371 772 1422 introeunt,
817 1370 864 1412 in
910 1370 1031 1413 domo
1062 1367 1252 1412 Daedali
1296 1382 1441 1411 errare
1486 1371 1526 1411 et
1570 1368 1767 1411 laborare

271 1427 510 1470 videantur.
559 1427 618 1469 At
648 1438 720 1468 cur
750 1426 956 1469 eiusmodi
981 1425 1298 1481 propugnacula
1330 1425 1579 1477 brachialia,
1614 1424 1766 1467 nostris

207 1511 227 1524 ,ν
271 1484 411 1527 braies
440 1483 649 1535 dicantur,
682 1483 869 1526 noudum
899 1496 992 1527 sum
1021 1482 1254 1532 assecutus;
1301 1482 1379 1525 nisi
1428 1482 1534 1525 forte
1577 1481 1687 1537 quod
1718 1482 1767 1523 ut

270 1553 364 1596 pars
395 1540 569 1583 humani
601 1540 785 1595 corporis
817 1540 990 1583 inferior
1021 1538 1181 1582 braccis
1217 1539 1409 1590 vestitur,
1439 1539 1501 1582 ita
1526 1551 1767 1594 propugna-

270 1597 472 1649 culorum,
516 1610 625 1652 quae
671 1597 840 1640 urbium
885 1597 1016 1652 portis
1063 1597 1343 1651 opponuntur,
1388 1596 1475 1638 ima
1519 1596 1765 1639 braccarum

269 1654 445 1709 speciem
480 1653 703 1696 altioribus
749 1654 878 1696 muris
923 1653 1174 1709 praeferant.
1250 1652 1432 1695 Proinde
1470 1652 1643 1696 Braeea
1688 1652 1767 1695 hac

270 1711 439 1754 notione
469 1710 581 1753 idem
615 1711 694 1753 erit
734 1710 845 1766 quod
882 1725 1029 1754 murus
1067 1709 1393 1765 antepectoralis
1422 1709 1467 1752 in
1497 1709 1654 1753 Charta
1684 1710 1764 1752 An.

267 1777 537 1811 MOLXXXIV.
598 1768 650 1810 In
681 1768 783 1822 Reg.
815 1768 988 1811 Feodor.
1021 1766 1296 1821 Burgundiae
1324 1777 1355 1810 Ι.
1387 1767 1495 1821 part.
1527 1766 1598 1809 fol.
1622 1768 1689 1809 93.
1722 1766 1766 1808 in

270 1824 445 1868 Camera
480 1823 672 1879 Comput.
704 1824 839 1867 Paris.
870 1825 930 1867 sic
956 1836 1103 1879 nempe
1147 1823 1298 1875 dictus,
1346 1823 1456 1879 quod
1502 1823 1616 1866 infra
1655 1823 1765 1865 muri

259 1885 426 1936 pectus,
455 1894 528 1924 seu
558 1882 719 1936 partem
751 1881 934 1946 mediam
965 1881 1178 1924 extructus
1208 1880 1276 1932 sit,
1299 1881 1340 1923 et
1362 1881 1609 1923 braccarum
1631 1880 1767 1923 instar

268 1950 511 2038 {3532ae
514 1938 866 2047 u0¹50523¹0¹z¹3f¹2255222¹
878 1938 1070 2039 (111ῗὲῗέἷᾶ
1097 1937 1767 2048 {122232232325455'2352253522'}

269 2052 438 2096 lanceae
468 2052 621 2106 absque
649 2052 840 2096 batalliis
869 2056 907 2095 et
941 2065 1061 2095 muro
1101 2051 1415 2105 antepectorali.
1486 2051 1614 2094 Extat
1654 2051 1765 2094 idem

270 2109 468 2164 Diploma
498 2110 626 2152 etiam
661 2110 705 2151 in
738 2109 1022 2164 Burgundicis
1045 2109 1094 2152 V.
1119 2107 1162 2152 0.
1185 2108 1327 2162 Steph.
1350 2108 1525 2151 Perardi
1553 2121 1650 2163 pag.
1669 2109 1764 2150 259.

229 2177 255 2212 c
410 2166 509 2207 Τῶν
539 2165 800 2222 Βλαχερνῶν
832 2162 994 2223 πύλην]
1041 2166 1176 2208 Muris
1215 2165 1533 2208 Blachernianis
1576 2165 1766 2208 adiacuit

270 2223 413 2274 Porta,
446 2236 553 2278 quae
584 2224 637 2266 ab
667 2223 734 2275 iis,
769 2223 844 2267 aut
873 2223 1011 2266 vicino
1042 2221 1223 2274 Palatio,
1255 2222 1322 2264 vel
1354 2222 1540 2277 Templo,
1563 2222 1766 2266 Blacher-

270 2292 421 2322 narum
462 2292 613 2323 nomen
663 2279 825 2323 habuit.
901 2279 1002 2322 Eius
1045 2278 1203 2322 mentio
1247 2278 1296 2321 fit
1340 2279 1450 2334 apud
1481 2279 1765 2334 Nicephorum

271 2335 353 2379 GP.
387 2337 428 2379 et
459 2335 691 2379 Oedrenum
731 2337 772 2379 in
806 2336 1003 2380 Heraclio
1041 2337 1082 2379 et
1109 2336 1402 2388 Monomacho,
1435 2336 1617 2379 Paulum
1648 2336 1765 2378 Diae.

269 2392 341 2436 lib.
364 2394 430 2436 23.
462 2394 505 2435 in
538 2393 671 2447 Epist.
702 2393 898 2448 Hugonis
931 2392 1044 2436 Com.
1078 2393 1118 2437 S.
1149 2393 1274 2436 Pauli
1305 2393 1354 2435 de
1384 2393 1520 2447 prima
1543 2393 1668 2436 Urbis
1698 2405 1766 2435 ex-

271 2450 446 2504 pugnat.
476 2451 516 2492 et
546 2450 591 2492 in
627 2449 765 2493 Gestis
797 2450 1013 2493 Innocent.
1046 2451 1124 2493 III.
1154 2449 1239 2493 ΡΡ.
1273 2462 1369 2504 pag.
1394 2451 1485 2492 106.

405 2503 672 2557 Βασιλικούς
704 2501 1079 2564 ἱπποστάθμους]
1124 2506 1280 2550 Scribit
1312 2506 1494 2549 Codinus
1525 2506 1569 2548 in
1601 2505 1762 2561 Origin.

272 2561 353 2606 CP.
386 2563 581 2606 Porticus
612 2564 756 2607 ambas
787 2564 831 2606 in
853 2564 1058 2619 Sigmatis
1088 2563 1269 2619 figuram
1301 2564 1511 2606 extructas
1545 2563 1644 2605 olim
1677 2564 1764 2605 sta-

270 2619 368 2662 bula
398 2619 538 2672 fuisse,
581 2633 732 2675 easque
767 2620 946 2673 Gortem,
987 2634 1059 2663 seu
1091 2621 1275 2671 Atrium,
1307 2620 1543 2663 ambivisse.
1609 2619 1765 2662 Stabu-

268 2675 355 2717 lum
388 2676 599 2730 quoddam
629 2669 892 2731 τρυλλωτὸν,
926 2690 998 2720 seu
1019 2678 1372 2729 concameratum,
1395 2676 1612 2719 Michaelis
1630 2676 1764 2718 Theo-

267 2731 371 2785 phili
411 2731 489 2774 filii
533 2746 647 2787 opus,
686 2735 870 2776 recenset
917 2735 1055 2777 Autor
1104 2734 1203 2775 Τῶν
1234 2734 1444 2787 Πατριιῦν
1476 2732 1557 2776 GP.
1608 2733 1650 2775 et
1681 2733 1762 2775 Leo

268 2786 580 2832 Grammaticus
630 2790 675 2832 in
726 2791 931 2834 Michacle
983 2804 1036 2845 pa
1070 2824 1079 2834 .
1118 2791 1215 2833 463.
1276 2790 1466 2845 Denique
1514 2789 1764 2844 Imperialis

267 2843 435 2888 Stabuli
482 2846 672 2889 meminit
704 2847 840 2891 Autor
882 2848 932 2891 de
978 2847 1041 2890 exi
1060 2848 1100 2891 io
1134 2847 1174 2892 S.
1207 2846 1384 2891 Martini
1416 2846 1497 2890 ΡΡ.
1544 2847 1586 2890 et
1632 2845 1760 2891 Guill.
