1768 3152
521 272 786 310 ALEXIADIS
817 275 910 308 LIB.
942 274 988 307 X.
1023 270 1059 307 3.
1481 269 1533 308 13

33 394 184 452 μέχρις
220 388 356 451 αύτῆς
391 389 620 448 θαλάττης
659 386 908 444 διώξαντες.
999 392 1133 433 τοῦτο
1175 387 1199 434 ὁ
1249 386 1533 449 αὔτοκράτωρ

35 459 318 519 θεασάμενος
347 460 421 504 καὶ
452 456 570 515 πρὸς
596 460 791 503 τοσαῦτα
821 455 981 516 πλήθη
1020 455 1080 515 μὴ
1123 457 1390 514 ἕξαρκούσας
1422 459 1535 515 ἔχων

34 528 240 588 δυνάμεις
267 526 378 590 μήτε
407 528 770 587 ἀντικαταστῆναι
805 523 1045 583 δυνάμενος
1085 527 1283 572 ἐκέλευσε
1322 531 1402 572 τοῦ
1443 531 1536 573 λοι-

33 602 124 644 ποῦ
155 593 482 656 συνησπικότας
511 592 709 647 ἅπαντας
747 595 963 639 ἵστασθαι
1007 595 1078 638 καὶ
1113 596 1278 653 μηδένα
1318 598 1537 653 προθέειν

0 672 112 726 ῦτῆς
141 663 444 724 παρατάξεως.
477 661 519 709 οἳ
551 665 600 708 δὲ
633 660 837 720 Κόμανοι
866 661 1238 722 παραταξάμενοι,
1259 666 1438 709 ἵσταντο
1465 668 1537 711 καὶ

32 733 162 782 αὐτοὶ
181 731 498 793 προμετώπιοι
526 738 604 794 τῆς
620 730 865 791 Ῥωμαϊκῆς
894 730 1130 792 φάλαγγος,
1150 732 1210 792 μὴ
1231 732 1537 789 προσβάλλον-

34 823 107 859 τες
137 806 186 850 δὲ
216 802 339 861 ὅμως
369 802 480 860 μηδὲ
508 797 650 846 αὕτοί.
694 803 827 845 τοῦτο
860 801 909 846 δὲ·
940 802 1133 846 ἐτελεῖτο
1167 801 1243 846 ἐπὶ
1272 803 1415 859 τρισὶν
1434 802 1537 862 ἡμέ-

35 893 133 931 ραις
162 874 210 919 ἐκ
239 872 416 930 πρωΐας
444 872 596 928 μέχρις
625 868 830 928 ἑσπέρας,
858 873 937 929 τῆς
975 888 1025 915 τε
1064 873 1144 914 τοῦ
1183 869 1331 916 τόπου
1361 872 1536 925 θέσεως
1549 875 1590 909 V·
1619 875 1688 909 218

35 939 332 1001 ἅπειργούσης
367 939 556 994 τούτους
607 941 846 993 ἐθέλοντας
889 937 1114 996 μάχεσθαι
1155 941 1227 984 καὶ
1264 943 1344 984 τοῦ
1372 941 1575 999 μηδέναΟ

0 1015 115 1072 οτῆς
139 1009 384 1069 Ῥωμαϊκῆς
428 1007 651 1069 φάλαγγος
695 1008 1007 1065 προεκτρέχειν
1050 1009 1142 1052 κατ’
1188 1005 1347 1054 αὗτιῦν.
1406 1009 1458 1054 τὸ
1490 1010 1539 1054 δὲ

37 1077 226 1138 κάστρον
254 1077 281 1138 ἡ
310 1074 542 1137 Ἀγχίαλος
579 1074 786 1134 τοιαύτης
816 1075 942 1132 ἔτυχε
975 1077 1162 1130 θέσεως.
1225 1075 1434 1132 δεξιόθεν
1462 1077 1542 1134 μὲν

36 1146 115 1209 τὴν
145 1145 380 1206 Ποντηρὰν
409 1142 499 1201 εἶχε
531 1144 778 1200 θάλασσαν,
811 1145 861 1200 ἐξ
897 1140 1137 1202 εὐωνύμων
1169 1146 1217 1190 δὲ
1246 1145 1406 1202 τραχύν
1445 1163 1542 1190 τινα

38 1214 184 1261 τόπον
213 1217 285 1260 καὶ
313 1213 533 1271 δύσβατον
563 1216 634 1259 καὶ
666 1211 934 1271 ὗπάμπελον
964 1215 1037 1258 καὶ
1066 1218 1163 1267 τοῖς
1194 1212 1413 1267 ἱππόταις
1446 1208 1541 1259 εἷο-

38 1287 117 1330 δον
144 1284 223 1330 τὸν
250 1282 419 1342 δρόμον
449 1282 510 1342 μὴ
541 1284 805 1340 παρέχοντα.
855 1283 899 1326 τί
927 1280 979 1327 τὸ
1013 1283 1090 1327 ἐπὶ
1119 1280 1322 1336 τούτοις,·
1355 1281 1434 1342 τὴν
1461 1285 1540 1327 τοῦ

2 1354 257 1411 ὄβασιλέως
287 1350 563 1409 θεασάμενοι
594 1352 826 1409 καρτερίαν
858 1350 899 1396 οἱ
931 1349 1149 1408 βάρβαροι
1191 1354 1264 1396 καὶ
1303 1350 1359 1396 τὰ
1385 1355 1543 1407 βεβου-

39 1423 225 1479 λευμένα
255 1416 562 1480 ἀπηλπικότες
593 1421 663 1480 ἐφ’
697 1418 849 1478 ἑτέραν
877 1415 1080 1476 ἀτραπὸν
1109 1418 1192 1479 τήν
1222 1419 1339 1478 πρὸς
1366 1417 1543 1478 Ἀδρια-

41 1489 256 1536 νούπολιν
283 1487 548 1547 ἐτράποντο,
578 1490 890 1545 ἑξαπατιῦντος
925 1484 1087 1542 aizoi-g
1115 1493 1199 1534 τοῦ
1240 1487 1543 1547 φετδωνύμου

41 1562 114 1605 καὶ
154 1560 358 1618 λέγοντος
398 1556 459 1612 ὥς
514 1556 731 1617 (ιὸπηνίκα
760 1575 815 1615 με·
845 1556 929 1616 τήν
958 1554 1331 1615 Ἀδριανούπολιν
1359 1560 1542 1602 καταλα-

39 1626 178 1684 βόντα
215 1625 240 1672 ὁ
271 1627 508 1686 Βρυέννι-ος
537 1625 797 1686 Νικηφόρος
831 1622 1026 1682 ἀκούσει,
1068 1621 1246 1682 ἀνοίξας
1282 1624 1361 1679 τὰς
1403 1624 1589 1679 πύλαςΒ

0 1694 154 1754 ’,ομετοὶ
187 1695 474 1754 περιχαρείας
496 1693 758 1751 ὑποδέξεται
789 1693 989 1754 χρήματά
1021 1712 1068 1739 τε
1108 1696 1291 1752 παρέξει
1330 1695 1403 1739 καὶ
1437 1713 1546 1739 παν-

39 1767 165 1818 τοίας
194 1762 530 1824 φιλοφροσύνης
558 1762 773 1820 ἆξιώσειε.
825 1761 905 1808 κᾶν
933 1762 1012 1822 γὰρ
1040 1762 1101 1822 μή
1135 1764 1183 1808 ὲκ
1211 1761 1405 1823 φύσεως,
1438 1758 1548 1807 ἄλλά

39 1850 86 1892 γε
124 1833 174 1877 ἐκ
203 1833 519 1890 προαιρέσεως
557 1831 637 1893 τὴν
679 1830 796 1888 πρὸς
832 1830 911 1877 τὸν
950 1830 1059 1888 ἐμὸν
1098 1832 1270 1887 πατέρα
1304 1825 1546 1890 ἀδελφικῖν

178 1923 209 1956 1.
248 1915 432 1963 θαλάττης
471 1920 515 1962 F,
565 1916 760 1964 θαλάσσης
803 1919 842 1954 Ρ.
1092 1921 1125 1954 3.
1167 1916 1474 1962 ιἰντικαταστῆσαι
1501 1917 1545 1953 G·

176 1970 210 2004 6.
238 1965 505 2015 προμετώπιον
532 1967 605 2004 CG.
850 1969 884 2003 9.
910 1963 1072 2013 τούτους]
1102 1963 1185 2007 τούς
1211 1980 1248 2003 τε
1276 1967 1319 2013 G,
1345 1963 1428 2005 τούς
1451 1966 1482 2001 τ’
1508 1966 1546 2001 C·

180 2020 236 2055 14.
261 2019 326 2053 τοῦ
351 2017 425 2062 CG,
461 2018 523 2060 τῆς
560 2017 600 2053 P.
777 2018 830 2052 15.
858 2012 1089 2064 θεασάμενοι
1116 2016 1224 2062 FCG,
1251 2012 1493 2063 θεασάμενον
1506 2015 1547 2049 Ρ.

180 2067 236 2102 18.
290 2062 545 2111 καταλαβόντα
600 2063 620 2100 ὁ
675 2067 853 2111 Βρυένιος
897 2062 1118 2123 Νικηφόρος
1166 2065 1209 2110 F,
1262 2063 1292 2101 ,ὁ
1329 2061 1549 2120 Νικηφόρος

177 2117 380 2162 Βρυέννιος
420 2111 675 2159 καταλαβόντα
713 2114 753 2148 Ρ.
975 2115 1032 2149 19.
1068 2110 1215 2150 ακούσει
1247 2114 1291 2158 F,
1329 2111 1468 2161 ἇκουσῃ
1507 2112 1547 2147 Ρ.

178 2166 236 2199 20.
264 2167 501 2211 περιχαρείας
523 2162 631 2208 FCG,
659 2166 877 2210 περιχαρίας
900 2162 940 2199 P.
1107 2165 1165 2198 21.
1192 2159 1338 2203 ἀξιώσει
1362 2162 1443 2210 pte?

42 2264 144 2297 sunt.
218 2262 259 2297 id
302 2264 497 2310 Augustus
541 2262 789 2308 conspicatus,
832 2273 918 2296 cum
963 2260 1140 2296 adversus
1187 2261 1333 2295 tantam
1375 2257 1547 2292 mulssitu·

43 2310 170 2346 dinem
207 2322 343 2356 parum
383 2312 576 2357 copiarum
615 2310 775 2346 haberet
811 2321 880 2345 nec
919 2309 1095 2345 resistere
1134 2311 1270 2354 posset,
1303 2307 1378 2342 iam
1419 2316 1547 2341 omnes

43 2360 83 2395 in
139 2359 219 2395 acie
268 2360 471 2396 consistere
534 2371 602 2395 nec
661 2370 887 2405 quemquam
948 2358 1051 2393 ultra.
1113 2357 1264 2393 ordines
1322 2365 1545 2402 procurrere

44 2408 164 2444 iussit.
217 2407 371 2444 Comani
399 2420 502 2452 vero,
528 2409 594 2454 qui
620 2408 700 2443 acie
716 2409 904 2444 instructa
928 2418 975 2442 ex
993 2406 1149 2442 adverso
1176 2405 1338 2441 Romani
1362 2403 1548 2439 exercitus

44 2457 207 2502 stabant,
234 2469 279 2493 ne
309 2458 383 2504 ipsi
408 2457 561 2503 quidem
591 2460 679 2493 sunt
705 2457 883 2504 aggressi.
948 2461 1060 2502 atque
1099 2456 1152 2490 sio
1188 2466 1257 2500 per
1293 2456 1370 2488 tres
1410 2452 1489 2487 dies
1527 2463 1549 2485 a

45 2517 153 2541 mane
177 2517 295 2552 usque
321 2506 368 2542 ad
393 2517 585 2552 vesperam
613 2508 844 2550 manserunt,
871 2516 956 2540 cum
990 2508 1029 2540 et
1060 2504 1215 2539 barbari
1246 2503 1319 2538 loci
1352 2504 1489 2536 natura
1527 2511 1549 2533 a.

44 2554 189 2600 proelio
209 2555 521 2592 absterrerentur
546 2558 584 2589 et
607 2566 717 2590 nemo
744 2566 764 2589 e
789 2554 958 2589 Romana
976 2552 1163 2599 phalange
1188 2551 1364 2587 adversus
1382 2561 1444 2585 eos
1462 2559 1547 2594 pro-

45 2606 227 2639 curreret.
274 2615 342 2638 arx
368 2606 494 2638 autem
522 2603 696 2638 Anchiali
732 2602 916 2638 eiusmodi
943 2602 1015 2638 sita
1043 2604 1116 2636 est:
1149 2600 1263 2635 habet
1289 2599 1423 2634 dextra.
1445 2608 1549 2632 mare

0 2664 2 2666 ’
44 2650 255 2696 Ponticum,
270 2652 422 2687 sinistra
438 2652 558 2687 solum
571 2663 745 2697 asperum
760 2655 798 2687 et
812 2652 957 2686 invium
972 2662 1015 2686 ac
1027 2650 1170 2685 vitibus
1185 2648 1373 2684 consitum
1389 2646 1548 2691 ideoque

47 2700 170 2735 minus
185 2700 401 2747 equitabile.
429 2700 522 2746 quid
535 2700 645 2736 tum?
669 2700 881 2736 constantia
905 2699 1145 2745 imperatoris
1166 2698 1362 2743 perspecta
1378 2695 1549 2740 despera·

46 2751 161 2795 toque
187 2760 368 2791 successu,
406 2749 560 2784 barbari
584 2752 732 2784 mutato
760 2749 899 2784 itinere
922 2746 1197 2792 Adrianopolin
1228 2747 1365 2791 petunt
1402 2743 1549 2788 decepti

45 2809 69 2832 a
94 2797 361 2844 pseudonymo,
397 2798 463 2844 qui
488 2798 674 2834 iactabat:
707 2797 763 2832 “si
789 2797 1065 2842 Adrianopolin
1097 2807 1157 2830 me
1192 2794 1386 2829 advenisse
1411 2792 1549 2837 Bryen-

7 2855 9 2857 ’
46 2846 131 2880 nius
155 2845 391 2892 Nicephorus
415 2846 614 2890 audiverit,
643 2846 785 2891 apertis
811 2846 933 2891 portis
959 2857 1018 2880 me
1048 2855 1192 2879 summa.
1216 2842 1363 2878 laetitia
1388 2841 1550 2885 excipiet

47 2905 90 2930 ac
114 2895 284 2940 pecuniis
306 2894 502 2930 adiuvabit
541 2894 718 2940 omnique
756 2894 1039 2933 benevolentiae
1076 2903 1213 2939 genere
1250 2890 1421 2937 augebit3
1461 2889 1550 2923 licet

0 2963 14 2989 2.
48 2943 147 2978 enim
175 2955 250 2979 non
276 2955 425 2990 genere,
442 2943 636 2980 voluntate
662 2946 789 2979 tamen
814 2954 900 2979 cum
916 2946 1025 2988 patre
1050 2953 1132 2976 meo
1159 2940 1366 2976 fraternam
1391 2936 1550 2973 necessi-
