1812 3184
283 233 336 279 68
431 284 436 288 .
557 245 722 279 ANNAE
752 244 899 278 coMN.
930 238 1197 277 ALEX1AD1‘S
1229 241 1322 277 Lm.
1354 246 1400 278 x.
1438 239 1503 278 11.

278 364 436 406 τοῦτον
466 355 745 413 ἀποστείλας,
777 358 845 417 ἐφ’
879 348 916 417 ᾧ
944 357 1275 403 ὑποποιεῖσθαι
1307 355 1413 411 τοὺς
1436 356 1561 412 ἐντὸς
1591 360 1778 414 Νικαίας

279 428 530 487 βαρβάρους
561 427 632 474 διὰ
662 427 888 472 παντοίων
916 425 1203 482 ὑποσχέσεων
1231 427 1304 471 καὶ
1333 421 1563 481 ἀπαθείας
1590 429 1774 483 τελείας,

282 499 328 543 ἐν
356 498 480 555 μέρει
509 499 558 542 δὲ
583 498 656 542 καὶ
685 492 1005 552 ἀπειλούμενος
1038 493 1150 541 τόσα
1179 496 1250 540 καὶ
1281 494 1394 541 τόσα
1429 497 1675 542 πείσεσθαι
1704 498 1778 542 καὶ

243 564 585 623 Οπαρανάλωμα
614 564 770 624 ξίφους
799 564 1013 622 γενέσθαι,
1047 562 1086 609 εἰ
1115 562 1240 620 παροέ
1281 567 1372 608 τῶν
1402 565 1585 609 Κελτῶν
1618 563 1773 625 ἆλῴεν,

281 636 353 679 καὶ
383 632 522 680 πάλαι
553 632 631 678 τὸν
651 634 954 691 Βουτοτμίτην
987 630 1215 690 γινώσκων
1245 628 1539 678 εὐνούστατον
1570 635 1641 680 καὶ
1671 636 1812 692 περὶ5

279 702 334 747 τὰ
363 707 545 748 τοιαῦτα
572 701 847 764 δραστήριον.
878 705 1014 747 ταῦτα
1033 702 1113 759 μὲν
1135 693 1211 747 οὖν
1240 701 1290 757 ἐξ
1306 697 1442 762 ἀρχῆς
1461 705 1621 748 τοῦτον
1637 720 1778 762 παρη-

279 769 550 830 κολουθήκει
580 769 657 816 τὸν
685 768 867 827 τρόπον.

413 912 447 947 3.
473 905 740 966 ἀπειλούμενος
765 910 845 953 FG,
869 904 1155 957 ἀπειλιοῦμενος
1180 909 1221 945 P.
1417 911 1450 946 5.
1473 914 1711 959 Βουτομίτην
1736 911 1777 956 Ρ,

412 970 568 994 correxl.

279 1097 501 1132 causamque
525 1098 593 1122 eur
619 1098 661 1122 ea
685 1085 819 1122 fierent
844 1089 966 1121 norat.
1030 1085 1131 1123 hunc
1157 1086 1278 1133 igitur
1318 1087 1422 1124 misit
1458 1087 1506 1123 ad
1542 1087 1777 1125 deliniendos

278 1135 434 1170 Nicaeae
459 1135 638 1170 barbaros
673 1146 757 1170 eum
784 1134 993 1180 pollicendo
1026 1136 1128 1171 inter
1161 1135 1234 1171 alia
1260 1136 1380 1172 multa
1417 1139 1540 1173 tutam
1571 1138 1776 1184 impunita·

278 1187 365 1224 tem,
389 1186 471 1218 tum
497 1183 727 1230 exponendo,
753 1186 811 1219 tot
837 1187 1018 1229 tantaque
1042 1184 1141 1219 mala
1163 1196 1225 1220 eos
1251 1186 1444 1222 subituros
1468 1197 1545 1223 esse
1575 1198 1777 1234 omnesque

277 1231 506 1268 trucidatum
532 1232 591 1277 iri,
615 1233 646 1268 si
670 1232 800 1267 urbem
828 1232 925 1268 Galli
951 1236 1138 1278 caperent.
1203 1234 1279 1269 iam
1304 1234 1451 1280 pridem
1475 1236 1577 1271 enim
1606 1236 1776 1271 Butumi÷

278 1283 342 1316 ten
370 1281 441 1316 sibi
469 1279 688 1316 fidissimum
715 1284 752 1316 et
779 1282 819 1317 in
855 1281 966 1316 rebus
997 1281 1136 1317 talibus
1169 1283 1343 1329 gerendis
1378 1283 1541 1320 maxime
1579 1288 1776 1320 strenuum

278 1340 355 1364 esse
381 1329 623 1365 intellexerat.
675 1330 765 1366 haec
792 1330 912 1376 igitur
937 1331 991 1365 ita
1016 1330 1063 1366 ab
1088 1331 1199 1367 initio
1226 1335 1495 1369 successerunt.

720 1483 733 1499 Χ
