1734 3120
521 216 786 256 ALEXIADIS
815 217 909 256 ΗΒ.
938 220 1018 257 XV.
1046 214 1086 256 7.
1467 217 1549 260 349

65 335 414 391 ἔπιξενουμένων
436 334 663 392 Ἰβηρίδων
681 336 887 390 μοναχῶν
906 334 1154 393 ἐπεποίητο
1175 335 1321 394 θύραν
1340 339 1387 383 ἐκ
1407 337 1593 397 θύραςΒ

63 399 343 459 α’μειβουσῶν
370 400 422 446 τὰ
457 399 692 459 πρότερον,
734 402 847 445 &cciv
883 401 947 455 εἷς
976 403 1057 460 τήν
1087 407 1422 451 Κωνσταντίνου
1453 408 1552 452 ἑπι-

64 468 332 529 δημήσαιεν’
373 465 484 515 ἀλλὰ
511 471 583 514 καὶ
611 467 791 522 ταύταις
829 469 856 528 ἡ
900 472 1138 528 κηδεμονία
1176 469 1344 530 τούμοῦ
1380 475 1551 533 πατρὸς

62 534 324 596 ἀνεδείματο
352 534 695 598 φροντιστήριον
722 538 929 595 μέγιστον
980 537 1059 592 τάς
1086 557 1134 584 τε
1168 540 1337 602 τροφὰς
1375 546 1447 588 καὶ
1474 543 1554 597 τὰς

27 611 49 645 5
64 605 381 666 προσηκούσας
409 606 606 664 ἐσθῆτας
632 607 1096 664 ὄιοικονομησαμένου.
1154 606 1178 652 ὃ
1212 610 1292 665 μὲν
1321 603 1399 655 οὖν
1428 608 1552 656 Ἀλέ-

63 677 247 732 ξανδρος
274 675 443 727 ἐκεῖνος
479 671 505 718 ὁ
537 671 763 718 Μακεδών
792 669 980 728 αὗχείτω
1021 676 1102 731 μὲν
1139 677 1214 721 ἐπὶ
1256 681 1309 738 τῇ
1336 680 1429 722 κατ’
1458 677 1552 723 ‘AI'-

62 760 231 800 γυπτον
256 738 580 801 Ἀλεξανδρείᾳ,
615 742 692 786 ἐπὶ
722 743 776 803 τῇ
807 740 918 786 κατὰ
950 741 1136 803 Μήδους
1166 744 1443 806 Βουκεφάλῃ,
1475 748 1552 792 ἐπὶ

61 813 116 871 τῇ
153 811 249 855 κατ’
285 809 548 855 Αἰθιοπίαν
579 810 852 870 Λυσιμαχίᾳ.
914 808 939 855 ὁ
970 812 1018 856 δὲ
1050 808 1335 871 αὐτοκράτωρ
1356 810 1554 870 Ἀλέξιος

65 874 143 922 οὐκ
172 875 228 923 liv
257 877 422 924 οὑτωσὶ
452 879 529 923 ἐπὶ
560 882 659 931 ταῖς
688 874 1022 936 ἅνεγερθείσαις
1047 881 1152 937 παρ’
1197 876 1333 926 αὐτοῦ
1367 880 1553 928 πόλεσιν

6 958 51 992 10
64 947 356 1006 ε’ναβρύνοιτο,
403 942 457 1000 ἃς
499 950 725 1002 πανταχοῦ
769 944 899 1003 ἴσμεν
942 943 1376 1007 α’νοικοδομηθείσας
1416 947 1550 1009 αι’-τῷ,

63 1012 172 1059 ὅσον
205 1015 282 1060 ἐπὶ
309 1013 444 1074 ταύτῃ
476 1018 531 1076 τῇ
560 1012 692 1059 πόλει
713 1015 990 1072 μεγαλαυχεῖ.
1054 1014 1163 1060 ἀλλὰ
1201 1020 1337 1061 ταῦτα
1379 1020 1460 1074 μὲν
1500 1017 1556 1062 τὰ

62 1084 219 1142 τεμένη
248 1084 323 1128 καὶ
350 1081 447 1140 ἱερὰ
479 1080 799 1143 φροντιστήρια
829 1082 1012 1128 εἰσιόντι
1033 1101 1106 1129 σοι
1135 1083 1244 1129 κατὰ
1263 1083 1394 1131 λαιᾰν
1411 1081 1591 1130 ἅπαν-Ο

62 1151 237 1212 τήσειε·
276 1152 387 1198 κατὰ
424 1154 473 1198 δὲ
511 1152 591 1214 τὴν
629 1151 781 1209 δεξιὰν
806 1156 887 1197 τοῦ
913 1153 1104 1211 μεγάλου
1132 1154 1342 1210 τεμένους
1370 1157 1553 1199 παιδευ-

61 1220 215 1283 τήριον
242 1222 397 1281 ἕστηκε
429 1224 520 1266 τῶν
547 1223 864 1280 γραμματικῶν
886 1222 1048 1286 Ῑταισὶν
1075 1217 1291 1282 ὅρφανοῖς
1320 1223 1368 1268 ἐκ
1388 1240 1554 1267 παντο-

5 1299 50 1334 15
64 1292 216 1335 δαποῦ
240 1291 391 1348 γένους
419 1290 777 1348 συνειλεγμένοις,
800 1289 846 1334 ἐν
867 1287 903 1348 ῴ
925 1288 1165 1350 παιδευτὴς
1183 1308 1251 1344 τις
1267 1289 1551 1350 προκάθηται

62 1359 136 1402 καὶ
178 1360 338 1412 παῖδες
386 1360 493 1415 περὶ
535 1354 672 1403 αὗτόν
721 1356 910 1411 ἑστᾶσιν,
956 1356 999 1402 οὶ
1044 1360 1125 1415 μὲν
1166 1360 1272 1416 περὶ
1317 1357 1554 1420 ἐρωτήσεις

63 1427 329 1485 ἐπτοημένοι
366 1424 678 1485 γραμματικοῖς,
722 1424 763 1471 οἳ
806 1427 856 1471 δὲ
895 1428 1157 1486 ξυγγραφεῖς
1188 1431 1279 1471 τῶν
1307 1429 1553 1486 λεγομένων

62 1497 243 1550 σχεδῶν.
299 1496 373 1540 καὶ
397 1494 518 1540 ἔστιν
546 1494 659 1540 ἰδεῖν
683 1495 756 1538 καὶ
776 1499 979 1539 Λατῖνον
1010 1495 1205 1540 ἐνταῦθα
1233 1494 1553 1553 παιδοτριβού-

61 1581 196 1621 μενον
223 1565 297 1608 καὶ
314 1566 495 1623 Σκύθην
513 1563 790 1623 ἑλληνίζοντα
817 1565 889 1608 καὶ
905 1564 1122 1620 Ῥωμαῖον
1152 1562 1207 1608 τὰ
1232 1567 1321 1608 τῶν
1337 1562 1552 1624 Ἑλλήνων

3 1629 377 1690 2οσυγγράμματα
408 1630 822 1690 μεταχειριζόμενον
851 1633 925 1676 καὶ
950 1631 1029 1676 τὸν
1059 1627 1344 1690 ἀγράμματον
1365 1631 1551 1691 (Έλληνα

63 1696 219 1757 ὀρθῶς
262 1699 552 1759 ἑλληνίζοντα.
627 1702 819 1745 τοιαῦτα
854 1701 928 1745 καὶ
965 1702 1071 1758 περὶ
1110 1699 1190 1759 τὴν
1234 1701 1409 1761 λογικὴν
1445 1702 1551 1745 παί-

62 1770 211 1814 δευσιν
238 1766 296 1814 τὰ
332 1771 413 1814 τοῦ
450 1764 654 1825 Ἀλεξίου
692 1767 1028 1826 σπουδάσματα.
1094 1772 1180 1814 τοῦ
1219 1771 1268 1814 δὲ
1305 1770 1487 1826 σχέόους
1522 1766 1547 1813 r‘

61 1837 188 1896 τέχνη
214 1834 388 1896 εὕρημα
416 1841 507 1882 τῶν
536 1838 764 1895 νεωτέρων
794 1838 888 1882 ἐστὶ
917 1839 991 1882 καὶ
1020 1841 1098 1897 τῆς
1128 1838 1198 1897 ἐφ’
1230 1836 1358 1896 ἡμῶν
1383 1840 1596 1895 γενεᾶς.1)

200 1994 233 2028 1.
253 1989 460 2039 Ἰβηρίδων]
489 1995 550 2038 ἰβη
572 1995 613 2030 in
638 2006 711 2031 ras.
742 2006 791 2031 m.
818 1994 840 2029 2
866 1994 905 2030 C.
1064 1994 1097 2029 3.
1122 1990 1265 2032 ταύταις
1288 1993 1330 2039 Ρ,
1356 1989 1486 2032 ταύτας
1510 1991 1548 2028 C.

196 2041 230 2076 8.
255 2038 450 2086 Λίθιόπην
475 2041 544 2088 CP,
567 2043 726 2080 correxi.
871 2044 904 2078 9.
936 2038 1002 2078 οὒκ
1025 2038 1072 2077 ἂν
1095 2042 1235 2078 addidi.
1333 2039 1458 2076 οὑτοσὶ
1478 2040 1548 2086 ΟΡ,

196 2090 353 2126 correxi.
436 2091 492 2127 19.
518 2088 690 2138 Σκύθην]
708 2104 754 2136 ην
778 2104 825 2127 m.
839 2093 861 2126 2
875 2103 922 2127 ex
935 2103 1032 2128 corr.
1044 2090 1084 2127 C.
1160 2091 1218 2127 20.
1245 2087 1495 2138 συγράμματα
1508 2089 1548 2125 C.

63 2250 108 2275 ex
132 2238 258 2276 Iberia
281 2241 322 2276 in
338 2239 577 2284 Constantini
601 2243 733 2279 urbem
757 2242 951 2289 profectae
969 2245 1079 2278 antea
1103 2241 1271 2277 ostiatim
1296 2240 1430 2286 stipem
1446 2239 1547 2276 colli·

62 2288 220 2334 gebant3
246 2289 383 2335 quibus
408 2291 612 2327 maximum
638 2291 907 2327 monasterium
932 2294 1090 2336 paterna
1107 2289 1362 2325 munificentia
1378 2289 1547 2324 extruxit

62 2348 232 2383 quaeque
254 2337 304 2373 ad
318 2339 461 2374 victum
487 2340 739 2386 vestitumque
764 2340 1046 2376 convenientem
1072 2350 1165 2384 opus
1188 2341 1297 2373 erant
1324 2337 1548 2383 praestabat.

63 2396 107 2420 ac
119 2385 235 2421 iactet
244 2385 459 2423 Alexander
476 2388 542 2423 ille
554 2388 709 2425 Macedo
723 2387 1001 2431 Alexandriam,
1019 2387 1182 2433 Aegypti
1196 2386 1339 2430 urbem,
1360 2385 1549 2431 Bucepha-

62 2433 135 2468 lem
153 2433 309 2480 Mediae,
332 2435 608 2480 Lysimachiam
628 2437 867 2482 Aethiopiae;
893 2435 957 2471 sed
975 2435 1128 2470 Alexius
1147 2436 1351 2480 imperator
1376 2434 1549 2469 omnibus

63 2481 139 2518 illis
162 2483 331 2529 urbibus,
352 2496 446 2531 quas
470 2486 517 2521 ab
534 2497 578 2521 eo
593 2486 734 2532 ubique
750 2485 921 2521 conditas
936 2484 1084 2528 scimus,
1107 2483 1171 2518 vix
1190 2486 1336 2518 tantum
1352 2482 1550 2528 glorietur,

63 2534 246 2576 quantum
282 2531 363 2568 hac.
427 2533 493 2569 illa
530 2534 650 2580 igitur
683 2533 824 2579 templa
862 2543 1038 2578 sacraque
1071 2532 1298 2566 monasteria
1321 2530 1550 2577 ingredienti

68 2579 117 2614 ad
139 2579 283 2615 laevam
308 2586 507 2627 apparent3
539 2583 675 2618 dextra
699 2586 824 2618 autem
848 2581 959 2616 ludus
982 2580 1200 2624 litterarius,
1226 2579 1292 2614 ubi
1317 2578 1478 2625 orphani
1505 2590 1551 2614 ex

64 2628 167 2663 omni
190 2639 327 2674 genere
349 2629 498 2666 collecti
520 2631 768 2675 erudiunt-ur3
794 2630 855 2666 cui
873 2629 1052 2675 magister
1068 2630 1228 2674 praeest,
1252 2628 1433 2673 puerique
1449 2627 1550 2663 circa

64 2687 148 2711 eum
183 2676 248 2712 alii
277 2677 318 2712 in
348 2680 586 2723 quaestiones
616 2679 880 2725 grammaticas
912 2677 1156 2719 incumbunt,
1197 2676 1263 2711 alii
1294 2687 1386 2721 quaa
1417 2675 1550 2711 dicunt

3 2746 10 2761 2
64 2723 216 2760 schedas
254 2727 507 2763 conscribunt.
577 2728 754 2773 videsque
785 2727 842 2762 ibi
865 2725 1043 2760 Latinum
1075 2724 1277 2760 discentem
1313 2728 1352 2760 et
1375 2723 1549 2770 Seytham

12 2775 21 2813 ᾗ
62 2784 218 2819 graecae
233 2773 386 2820 linguae
401 2775 611 2812 studentem
629 2776 913 2819 Romanumque
930 2773 1156 2808 Graecorum
1171 2773 1312 2818 scripta
1322 2775 1548 2808 tractantem

20 2834 21 2838 ¹
63 2824 104 2856 et
134 2821 377 2858 illitteratum
401 2823 583 2860 Graecum
608 2836 739 2871 graece
776 2826 878 2859 recte
900 2821 1128 2868 loquentem.
1183 2820 1304 2856 simile
1326 2820 1402 2856 fuit
1425 2820 1548 2856 Alexii

63 2869 228 2906 studium
256 2873 358 2908 cirea
386 2872 546 2919 logicam
571 2873 860 2909 institutionem.
900 2874 941 2907 at
964 2869 1182 2906 schedarum
1196 2881 1258 2905 ars
1273 2880 1369 2905 nova
1383 2872 1548 2904 nostrae·
