1768 3152
240 227 294 274 34
720 256 722 258 -
754 241 920 275 ANNAE
951 233 1217 274 ooMNENAE

243 357 424 403 θόντων
454 359 724 417 κινηθέντος,
758 357 896 401 ὁποῖα
926 358 1050 417 φιλεῖ
1070 357 1115 401 ἐν
1143 359 1240 409 τοῖς
1269 353 1492 409 τοιούτοις
1521 355 1738 413 γίνεσθαι,

204 430 324 472 Orco&
361 425 541 488 φθόνου
567 427 645 470 τον
673 425 824 483 θυμὸν
867 421 1190 485 ἅναφλέγοντος
1234 428 1323 470 τῶν
1364 420 1739 484 ἀπολειφθέντων

243 492 487 541 κάντεῦθεν
515 494 760 553 ἁψιμαχίας
790 491 961 555 ἀμφοῖν
995 494 1227 552 γενομένης
1285 491 1326 538 οἳ
1357 494 1587 552 τολμητίαι
1622 499 1739 549 Νορ-

240 563 372 622 μάνοι
403 560 731 622 ἆποκριθέντες
761 557 896 617 αὖθις
930 562 1007 622 τὴν
1039 564 1306 620 Ξερίγορδον
1338 561 1662 618 καταλαβόντες
1692 562 1740 617 ἐξ

241 632 408 693 ἐφόδου
446 635 669 689 κατέσχον.
730 630 895 690 μαθών
938 633 985 676 δὲ
1027 630 1078 676 τὸ
1120 629 1298 689 γεγονὸς
1341 629 1364 674 ὃ
1411 629 1601 676 σουλτάν
1645 634 1768 675 κατ’ἔ

239 698 385 747 αὐτῶν
415 700 526 760 μετὰ
571 697 839 758 ἀποχρώσης
884 698 1111 757 δυνάμεως
1155 700 1376 757 ἑκπέιιιπει
1412 697 1491 743 τὸν
1524 695 1740 758 Ἐλχάνην.

240 768 264 814 ὅ
296 771 344 815 δὲ
373 768 630 827 καταλαβών
660 768 778 827 αἱρεῖ
807 769 887 825 μὲν
919 766 998 829 τὴν
1028 768 1307 825 Ξερίγορδον,
1341 770 1431 814 τιῐν
1475 769 1523 812 δὲ
1555 765 1734 825 Νορμά-

241 857 328 883 νων
357 837 466 892 τούς
496 839 576 896 μὲν
622 841 764 898 ξιφῶν
794 835 1098 893 παρανάλωμα
1139 834 1395 895 ἐποιήσατο,
1446 833 1550 890 τοὺς
1579 835 1627 880 δὲ
1663 836 1736 880 καὶ

242 909 428 966 ζωγρίαν
462 900 539 966 ἦγε
569 904 812 966 μελετήσας
841 903 932 962 ἅμα
976 905 1048 949 καὶ
1091 903 1201 949 κατὰ
1231 908 1322 948 τῶν
1355 905 1738 964 συναπολειφθέν-

240 995 331 1021 των
360 980 423 1036 τῷ
447 977 793 1033 Κουκουπέτρῳ.
854 975 925 1018 καὶ
957 971 1114 1029 λόχους
1142 975 1222 1030 μὲν
1261 974 1305 1018 ἒν
1336 973 1584 1031 ἐπικαίροις
1615 986 1768 1019 κατα-1

241 1044 409 1104 στήσας
438 1043 611 1102 τόποις,
643 1042 705 1097 (ὃς
735 1041 787 1087 ἷνῖν
818 1043 862 1087 ἐν
887 1046 949 1101 τῷ
980 1041 1091 1086 κατὰ
1120 1046 1197 1102 τῆς
1218 1043 1404 1095 Νικαίας
1433 1037 1614 1086 οἷπιέναι
1645 1040 1744 1085 του-

243 1132 340 1168 τοις
370 1111 647 1172 οἷπροόπτως
682 1113 984 1169 ἐμπίπτοντες
1018 1108 1296 1169 α’ναιριῦνται,
1331 1108 1557 1169 γινώσκων
1592 1111 1640 1155 δὲ
1674 1110 1746 1154 καὶ

200 1184 296 1231 Dte}
326 1188 416 1229 τῶν
453 1185 632 1228 Κελτῶν
662 1179 1014 1239 ἕρασιχρήματον
1059 1178 1138 1225 δύο
1179 1179 1300 1234 τινας
1335 1180 1628 1238 δραστηρίους
1665 1178 1747 1238 τήν

244 1251 418 1312 γνώμην
464 1247 875 1309 μεταπεμψάμενος
926 1249 1170 1294 ἐνετείλατο
1233 1244 1458 1294 ἐπελθεῖν
1520 1247 1639 1306 πρὸς
1694 1246 1745 1293 τὸ

244 1320 495 1380 στράτευμα
521 1323 601 1364 4τοῦ
636 1319 986 1375 Κουκουπέτρου
1025 1317 1430 1377 διακηρυκεύοντας,
1471 1315 1532 1372 ιῦς
1563 1315 1603 1362 οἶ
1635 1324 1768 1376 Non-1

243 1389 376 1448 μάνοι
436 1386 728 1444 κατασχόντες
790 1385 869 1445 τὴν
919 1388 1103 1431 Νίκαιαν
1162 1385 1333 1443 δασμὸν
1390 1390 1480 1431 τῶν
1544 1387 1589 1431 ἐν
1637 1383 1747 1446 αὐτῇ

246 1462 492 1505 ποιοῦνται.
554 1455 661 1516 αὕτη
692 1454 716 1517 ἡ
745 1454 869 1515 φήμη
899 1453 1004 1508 τούς
1033 1458 1096 1514 τῷ
1129 1455 1290 1514 Πέτρῳ
1319 1455 1530 1509 συνόντας
1561 1457 1747 1499 καταλα-

89 1544 131 1581 V.
160 1545 229 1579 227
246 1531 396 1584 βοῦσα
426 1529 580 1579 δεινῶς
610 1522 887 1583 συνετάραξε.
947 1523 1119 1581 δασμόν
1149 1521 1228 1582 γὰρ
1274 1525 1346 1568 καὶ
1391 1521 1594 1582 χρήματα
1644 1519 1745 1581 ἄκη-

245 1595 404 1648 κοότες
450 1597 719 1653 παραχρῆμα
760 1596 842 1651 τῆς
870 1592 994 1649 παρὰ
1037 1591 1115 1653 τὴν
1148 1592 1333 1637 Νίκαιαν
1373 1589 1596 1652 φερούσης
1637 1589 1746 1636 ὁδοῦ

245 1661 526 1716 ἀσυντάκτως
556 1660 729 1721 ἥψαντο
779 1659 1102 1718 ἐπιλαθόμενοι
1142 1659 1335 1718 μονονού
1376 1661 1448 1705 καὶ
1486 1672 1768 1718 στρατιωτι-1

245 1735 323 1791 κῆς
354 1731 586 1789 ἐμπειρίας
615 1731 688 1774 καὶ
707 1733 786 1789 τῆς
803 1735 901 1783 τοῖς
919 1727 1038 1787 πρὸς
1064 1727 1204 1788 μάχην
1229 1726 1446 1775 ἀπιοῦσιν
1475 1750 1500 1774 κ-
1532 1724 1746 1784 εὐταξίας.

249 1799 343 1846 ἔστι
373 1801 454 1857 μὲν
482 1798 561 1858 γόρ
592 1801 663 1843 καὶ
694 1794 838 1852 ἄλλως
870 1796 922 1843 τὸ
947 1801 1038 1842 τῶν
1064 1799 1276 1843 Λατίνων
1313 1799 1436 1856 γένος
1466 1800 1745 1858 φιλοχρημα-

94 1886 135 1922 P,
163 1888 231 1922 237
246 1867 456 1922 τώτατον,
488 1866 644 1925 ὥσπερ
678 1861 861 1912 ἄνωθεν
906 1864 1088 1925 εἴρηται,
1129 1865 1241 1911 ἐπὰν
1277 1868 1326 1912 δὲ
1353 1868 1427 1911 καὶ
1462 1865 1580 1923 πρὸς
1617 1883 1748 1910 κατα-

247 1936 415 1996 δρομὴν
444 1934 590 1993 χώρας
621 1932 897 1994 οἷπονεύσειε,
943 1937 1016 1981 καὶ
1043 1934 1158 1996 λόγῳ
1202 1935 1263 1999 μὴ
1290 1935 1519 1995 χρώμενον
1547 1932 1745 1992 ἆχαλινα-

383 2053 416 2088 9.
445 2053 654 2099 ζωγρίανἙ,
681 2055 859 2099 ζωγρεῖαν
872 2052 910 2088 P.
1000 2053 1056 2089 11.
1083 2054 1125 2089 ἐν
1148 2053 1290 2089 addidi.
1375 2054 1430 2088 12.
1457 2050 1690 2099 ἀναιροῦνται
1704 2050 1746 2086 F.

386 2104 441 2139 16.
467 2098 628 2138 ἐνόντων
652 2102 693 2138 ἐν
707 2102 748 2137 F.
895 2103 948 2137 17.
976 2099 1071 2149 μετὰ
1097 2102 1159 2137 τοῦ
1184 2105 1332 2148 Πέτρου
1357 2102 1398 2138 F.
1558 2101 1614 2136 20.
1642 2111 1747 2147 στρα-

382 2150 506 2185 τιῶται
531 2150 574 2186 G.
712 2151 769 2186 21.
795 2151 968 2186 lacunam
994 2151 1151 2198 signavi.
1299 2150 1356 2186 22.
1383 2153 1493 2197 γένος
1515 2161 1588 2186 om.
1617 2148 1687 2184 CG.

249 2258 380 2291 exorta
393 2255 667 2301 disceptatione
683 2259 721 2292 et
735 2257 818 2292 rixa
847 2257 990 2293 feroces
1009 2257 1219 2292 Normanni
1236 2268 1365 2291 rursus
1380 2254 1557 2291 secedunt
1572 2254 1750 2300 Xerigor-

251 2304 415 2350 dumque
440 2304 548 2340 facile
567 2305 733 2350 capiunt.
769 2318 843 2352 quo
863 2306 1032 2341 sultanus
1051 2305 1181 2341 audito
1201 2305 1322 2340 mittit
1338 2304 1377 2339 in
1406 2315 1467 2339 eos
1492 2315 1578 2338 cum
1604 2302 1750 2338 idoneis

251 2353 369 2398 copiis
396 2353 610 2399 Elchanem,
651 2354 716 2400 qui
757 2358 906 2400 recepta
933 2354 1144 2401 Xerigordo
1170 2354 1472 2389 Normannorum
1500 2352 1592 2387 alios
1621 2351 1748 2398 gladio

251 2401 398 2446 cecidit,
438 2402 529 2437 alios
554 2403 594 2437 in
620 2403 879 2448 captivitatem
906 2404 1074 2441 abduxit.
1113 2403 1225 2438 simul
1262 2403 1301 2437 in
1340 2413 1402 2437 eos
1427 2401 1491 2447 qui
1517 2412 1602 2436 cum
1633 2400 1749 2435 Cucu-

252 2453 360 2496 petro
388 2455 646 2486 remanserant
673 2452 827 2487 consilia
851 2452 1020 2487 moliens.
1070 2464 1157 2487 nam
1183 2456 1221 2487 et
1246 2451 1390 2487 idoneis
1418 2450 1509 2486 locis
1542 2450 1670 2495 posuit
1694 2449 1749 2483 in·

251 2499 374 2541 sidias,
408 2499 448 2534 in
475 2511 566 2545 quas
592 2501 657 2545 qui
682 2499 857 2536 Nicaeam
882 2504 1055 2546 peterent
1092 2500 1298 2547 improviso
1330 2499 1538 2535 incidentes
1569 2496 1752 2533 interfice-

251 2551 394 2592 rentur,
421 2551 459 2583 et
478 2548 668 2583 Celtarum
694 2549 854 2584 avaritia
880 2554 1075 2595 perspecta
1100 2549 1195 2585 duos
1210 2549 1379 2585 homines
1396 2551 1569 2583 strenuos
1586 2547 1626 2582 in
1647 2545 1751 2581 Petri

252 2599 376 2631 castra
400 2597 586 2641 submisit,
626 2598 691 2643 qui
716 2597 894 2633 Nicaeam
919 2598 1157 2634 Nox-mannos
1181 2598 1323 2644 cepisse
1348 2597 1548 2642 omniaque
1573 2606 1668 2640 quae
1695 2595 1750 2630 in—

255 2647 376 2679 essent
406 2645 506 2680 inter
541 2657 579 2680 se
613 2645 782 2682 dividere
815 2648 1046 2682 nuntiarent.
1096 2649 1215 2683 movit
1253 2658 1296 2682 ea
1335 2645 1435 2681 fama
1476 2643 1752 2679 incredibiliter

253 2692 357 2728 Petri
383 2693 536 2738 milites3
561 2706 647 2729 nam
673 2695 833 2741 praedae
859 2707 1047 2741 opumque
1075 2696 1265 2731 mentione
1292 2694 1391 2730 facta
1417 2694 1545 2729 statim
1575 2693 1654 2728 sine
1671 2691 1748 2727 ullo

255 2741 386 2776 ordine
411 2741 587 2777 Nicaeam
612 2755 740 2779 versus
781 2748 899 2779 ruunt
933 2745 1055 2779 omnis
1089 2746 1249 2790 peritiae
1274 2743 1450 2779 militaris
1481 2745 1518 2777 et
1543 2742 1582 2776 in
1608 2740 1752 2787 proelia

255 2790 424 2825 euntium
451 2790 670 2836 disciplinae
695 2804 812 2838 paene
851 2794 1085 2828 inmemores.
1138 2793 1362 2828 Latinorum
1393 2791 1491 2827 enim
1527 2790 1632 2825 natio
1665 2800 1751 2825 cum

255 2839 377 2874 omnis
401 2838 508 2885 lucri,
534 2845 578 2874 ut
604 2852 718 2886 supra
742 2840 886 2876 dictum
910 2845 977 2887 est,
1003 2841 1218 2877 avidissima
1246 2842 1306 2887 sit,
1345 2843 1427 2876 tum
1452 2840 1578 2881 etiam,
1610 2839 1677 2874 ubi
1703 2837 1751 2873 ad

256 2886 486 2923 invadendas
510 2888 683 2934 regiones
713 2900 750 2924 se
773 2891 971 2936 convertit,
997 2890 1102 2927 nulla
1125 2891 1273 2926 ratione
1298 2889 1482 2926 refrenari
1507 2890 1643 2935 potest.
1682 2887 1750 2922 ita-
