1780 3138
262 227 340 266 150
761 229 926 263 ANNAE
955 227 1222 262 COMNENAE

1205 315 1221 333 Ο

260 349 443 403 χαλκοῦς
472 362 539 398 τις
567 339 743 399 ἀνδριὰς
769 343 923 388 ἵστατο
955 342 1026 386 καὶ
1058 339 1173 399 πρὸς
1207 339 1423 395 ἀνατολὰς
1456 337 1748 401 ἆπέστραπτο

263 415 341 461 ἐπὶ
370 416 606 473 πορφυροῖ)
641 411 787 465 κίονος
816 408 1066 468 περιόπτου
1096 414 1328 468 σκῆπτρον
1356 411 1437 468 μὲν
1465 412 1660 468 κατέχων
1696 416 1749 473 τῇ

261 486 394 542 δεξιᾷ,
440 485 493 543 τῇ
520 482 568 526 δὲ
598 482 701 542 λαιᾷ
729 483 923 544 σφαῖραν
965 474 1058 523 cim}
1099 480 1262 534 χαλκοῦ
1294 485 1750 527 κατασκευασθεῖσαν.

113 562 150 598 P.
179 563 247 597 357
262 551 431 608 ἐλέγετο
461 551 497 594 δ’
530 541 606 593 οὖν
636 544 746 593 εἶναι
778 545 909 600 οὗτος
940 548 1231 600 Ἀπόλλωνος
1270 542 1470 603 ἀνδριάς·
1508 543 1750 609 Ἀνθήλιον

261 621 320 673 δέ,
354 615 488 675 οἶμαι,
521 615 563 662 οἳ
600 620 677 676 τῆς
707 617 1042 661 Κωνσταντίνου
1083 613 1315 674 οἰκήτορες
1349 612 1485 662 αὐτὸν
1526 615 1780 676 προσηγό-5

262 706 400 744 ρευον.
460 683 509 731 ὃν
539 685 563 731 ὁ
595 686 727 743 μέγας
760 685 804 730 ἐν
841 686 1069 741 βασιλεῦσι
1102 689 1442 739 Κωνσταντῖνος
1480 686 1649 740 ἐκεῖνος
1678 689 1751 731 καὶ

260 761 337 815 τῆς
368 753 544 808 πόλεως
572 757 644 799 καὶ
675 752 820 810 πατὴρ
851 754 924 798 καὶ
953 750 1174 812 δεσπότης
1203 753 1268 807 εἷς
1296 751 1348 798 τὸ
1379 752 1539 799 ἑαυτοῦ
1557 756 1750 815 μετέθη-

262 842 335 869 κεν
379 819 516 880 ’ὄνομα
560 823 894 868 Κωνσταντίνου
949 817 1280 879 αὐτοκράτορος
1321 817 1561 880 ἀνδριάντα
1612 821 1751 869 αὐτὸν

262 890 534 950 προσειπών.
587 891 862 951 ἐπεκράτησε
893 891 941 936 δὲ
974 890 999 951 ἡ
1028 887 1225 952 ἀρχῆθεν
1254 896 1445 938 τεθεῖσα
1473 895 1751 952 προσηγορία

261 964 324 1020 τῷ
369 957 587 1017 ἀνδριάντι
627 962 699 1004 καὶ
742 954 840 1018 ἤτοι
870 956 1072 1019 Ἀνήλιος
1103 958 1132 1018 ἢ
1170 956 1414 1021 Ἀνθήλιος
1442 960 1534 1007 ὑπὸ
1567 960 1780 1007 πάντων]

112 1042 157 1079 V.
182 1042 250 1076 283
264 1030 445 1087 ἐλέγετο.
514 1032 676 1074 τοῦτον
718 1026 795 1074 τὸν
837 1024 1069 1086 ἀνδριάντα
1115 1030 1164 1085 ἐξ
1204 1029 1430 1089 αἰφνιδίου
1482 1028 1752 1085 πνεύσαντες

263 1093 415 1155 ἷίνεμοι
445 1095 711 1142 πλατύτατοι
739 1098 859 1154 λίβες
887 1098 1063 1143 ἐκεῖθέν
1092 1116 1139 1142 τε
1178 1091 1297 1144 ὦσαν
1325 1100 1400 1144 καὶ
1433 1098 1497 1153 εἷς
1525 1103 1603 1158 γῆν
1634 1098 1752 1159 ἔρρι-

221 1173 357 1223 Βψαν
385 1166 490 1222 περὶ
517 1163 595 1211 τὸν
623 1169 789 1223 ταῦρον
816 1170 896 1210 τοῦ
932 1165 1058 1225 ἡλίου
1088 1164 1190 1211 τότε
1223 1164 1470 1221 ὁδεύοντος.
1524 1166 1640 1225 ὅπερ
1671 1164 1752 1214 οὐκ

262 1230 433 1292 ἀγαθὸς
462 1233 619 1286 οἰωνὸς
647 1238 744 1287 τοῖς
773 1235 975 1280 πλείοσιν
1007 1234 1133 1291 ἔδοξε
1175 1237 1248 1281 καὶ
1281 1237 1462 1293 μᾶλλον,
1497 1234 1663 1282 ὁπόσοι
1691 1236 1751 1297 μὴ

263 1304 405 1356 καλῶς
433 1300 548 1359 πρὸς
575 1301 653 1347 τὸν
680 1299 984 1361 αὐτοκράτορα
1010 1300 1150 1360 εἶχον’
1195 1303 1533 1364 ’ὗπεψιθύριζον
1564 1304 1644 1364 γὰρ
1674 1306 1780 1352 τὸν]

261 1374 340 1415 τοῦ
369 1372 583 1427 βασιλέως
611 1369 807 1416 θάνατον
836 1370 887 1416 τὸ
918 1371 1089 1429 συμβὰν
1119 1372 1404 1432 προμηνύειν.
1464 1373 1488 1419 ὃ
1521 1377 1570 1420 δὲ
1603 1378 1754 1436 (ίζωῆς

263 1441 333 1484 καὶ
362 1437 558 1484 θανάτου
586 1439 660 1484 ἕνα
689 1438 837 1497 κύριον
866 1442 1116 1498 ἐπίσταμαι,
1130 1443 1151 1460 ”
1196 1441 1317 1500 ἔλεγε
1359 1442 1591 1498 ι(πτώσεις
1620 1446 1669 1489 δὲ
1691 1444 1754 1490 εἶ-

262 1506 415 1553 δώλων
445 1506 639 1553 θάνατον
668 1507 845 1568 ἐπάγειν
889 1506 1085 1564 οὖδόλως
1114 1509 1341 1557 πιστεύειν
1387 1512 1488 1569 ἔχω.
1564 1511 1754 1572 ὁπηνίκα

263 1576 340 1635 γὰρ
388 1577 565 1630 Φειδίας
618 1596 695 1632 τις,
752 1579 860 1638 φέρε
903 1579 1059 1634 εἰπεῖν,
1103 1574 1130 1638 ἤ
1173 1598 1240 1634 τις
1277 1584 1367 1625 τῶν
1412 1579 1639 1638 λιθοξόων
1687 1583 1754 1627 λί-

262 1651 350 1690 θον
401 1640 622 1701 α’ποξέσας
661 1644 845 1692 εἴδωλον
887 1643 1204 1707 οἷπεργάσοιτο,
1264 1645 1501 1711 ἀναστήσει
1555 1651 1636 1707 μὲν
1679 1652 1780 1698 καὶὲ

263 1711 450 1770 νεκρούς,
488 1712 675 1771 παράξει
704 1716 752 1760 δὲ
794 1717 867 1761 καὶ
905 1716 1110 1775 ἔμψυχα,·
1153 1719 1228 1763 καὶ
1274 1718 1313 1764 εἰ
1353 1721 1505 1774 ταῦτα,
1555 1722 1620 1779 τῷ
1664 1722 1755 1764 τῶν

262 1778 469 1826 ἁπάντων
494 1783 741 1843 δημιουργῷ
768 1785 812 1829 τί
838 1784 1269 1848 καταλειφθήσεταις
1306 1784 1544 1833 α’ποκτενῶ
1578 1786 1658 1847 γὰρ
1681 1789 1755 1833 καὶ

395 1928 428 1962 9.
458 1922 647 1973 ἐπεκράτει
674 1928 711 1965 Ο.
844 1932 898 1966 12.
925 1926 1150 1979 πλατύτερον
1174 1932 1212 1968 C.
1337 1934 1395 1969 20.
1422 1929 1675 1980 ἆπεργάσοιτο
1704 1935 1747 1981 F,

393 1971 656 2022 ἀπειργάσατο
680 1977 719 2013 Ρ.
873 1981 929 2015 21.
956 1980 1267 2028 interrogationis
1293 1983 1442 2029 signum
1469 1982 1589 2029 posui.

262 2127 373 2150 aenea
397 2118 520 2151 statua
544 2116 583 2152 in
612 2118 795 2155 orientem
809 2131 998 2164 conversa,
1025 2134 1120 2168 quae
1146 2124 1341 2159 columnae
1365 2124 1653 2170 porphyreticae
1680 2125 1756 2161 late

262 2164 481 2208 conspicuae
514 2166 690 2211 imposita
727 2172 915 2213 sceptrum
950 2171 1074 2206 tenuit
1111 2171 1257 2215 dextra,
1285 2172 1392 2209 laeva
1417 2172 1570 2219 globum
1597 2185 1641 2208 ex
1668 2186 1753 2210 aere

263 2211 413 2247 factum.
455 2213 644 2249 ferebatur
662 2227 740 2251 esse
765 2217 858 2252 illud
875 2217 1062 2264 Apollinis
1080 2220 1334 2266 simulacrum,
1351 2221 1586 2266 Anthelium‚
1605 2221 1752 2268 opinor,

267 2272 287 2294 a
314 2259 736 2308 Constantinopolitanis
761 2268 946 2310 vocatum,
973 2268 1073 2313 quod
1101 2268 1369 2306 Constantinus
1397 2282 1557 2317 magnus
1591 2270 1653 2306 ille
1687 2271 1755 2307 im-

268 2311 430 2353 perator,
459 2310 560 2345 urbis
586 2314 690 2356 pater
714 2325 756 2348 ac
781 2314 965 2360 dominus,
991 2317 1029 2352 in
1056 2329 1162 2352 suum
1188 2318 1307 2364 ipsius
1330 2330 1466 2355 nomen
1495 2319 1693 2355 transtulit
1718 2321 1757 2354 et

271 2356 501 2393 Constantini
528 2358 767 2405 imperatoris
805 2366 967 2399 statuam
1009 2365 1221 2411 appellavit.
1283 2369 1322 2402 at
1359 2367 1452 2403 vicit
1489 2379 1624 2403 nomen
1660 2367 1756 2404 illud

272 2407 415 2440 statuae
439 2407 647 2453 antiquitus
674 2409 901 2457 impositum,
928 2413 982 2448 ita
1008 2417 1049 2449 ut
1077 2415 1123 2450 ab
1149 2415 1323 2451 omnibus
1351 2416 1505 2452 Anelius
1529 2416 1589 2452 vel
1614 2415 1756 2453 Anthe-

266 2452 337 2487 lius
362 2458 566 2491 vocaretur.
620 2469 734 2503 quam
772 2462 931 2496 statuam
959 2464 1082 2498 exorti
1109 2463 1234 2500 subito
1265 2464 1471 2501 saevissimi
1496 2465 1617 2501 Africi
1642 2465 1756 2508 venti,

271 2500 345 2536 sole
371 2505 449 2537 tum
476 2503 513 2539 in
546 2504 668 2541 Tauro
707 2508 841 2552 posito,
878 2509 1116 2547 deturbatam
1155 2512 1259 2548 humi
1298 2516 1596 2559 prostraverunt.
1657 2513 1756 2559 qnod

273 2561 345 2584 non
371 2550 533 2587 faustum
560 2553 746 2600 plerisque
779 2558 979 2603 augurium
1007 2560 1126 2596 visum
1153 2564 1225 2606 est3
1259 2564 1297 2597 et
1319 2564 1507 2608 quotquot
1539 2562 1662 2598 minus
1691 2563 1757 2598 im·

267 2599 432 2642 peratori
469 2599 654 2647 favebant,
697 2604 787 2640 adeo
825 2607 1195 2654 subsusurraverunt,
1229 2610 1467 2656 imperatoris
1500 2615 1660 2647 mortem
1683 2612 1756 2647 isto

270 2649 404 2682 eventu
431 2651 697 2692 praenuntiari.
755 2657 794 2689 at
816 2654 877 2690 ille
910 2656 1129 2702 “equidem”
1169 2658 1294 2704 inquit
1323 2659 1462 2695 “unum
1483 2660 1583 2695 vitae
1609 2660 1755 2695 mortis-

267 2705 338 2740 que
363 2694 553 2732 dominum
579 2711 760 2747 agnoseo3
802 2706 845 2738 ut
870 2715 956 2740 vero
983 2717 1087 2741 casus
1127 2707 1410 2743 simulacrorum
1448 2720 1575 2744 necem
1615 2707 1756 2744 inferre

263 2741 422 2785 credam,
447 2757 647 2792 numquam
677 2760 745 2795 ego
772 2750 948 2787 adducar.
998 2754 1146 2800 quando
1174 2756 1273 2791 enim
1289 2755 1442 2792 Phidias
1468 2757 1622 2803 quidam
1647 2756 1755 2793 verbi

263 2801 375 2826 causa
423 2793 479 2828 vel
525 2794 618 2830 alius
665 2798 747 2842 quis
797 2799 997 2846 artificum,
1043 2804 1351 2851 quotiescumque
1396 2808 1559 2842 statuam
1599 2817 1620 2840 e
1662 2817 1750 2841 saxo

265 2839 408 2885 scalpro
434 2841 594 2888 conficit,
619 2845 675 2881 vel
700 2847 882 2884 excitabit
917 2852 1085 2886 mortuos
1123 2853 1181 2888 vel
1221 2853 1326 2889 vivos
1366 2854 1536 2890 creabit?
1583 2853 1683 2900 quod
1723 2853 1754 2889 si

272 2890 378 2931 esset,
419 2889 510 2935 quid
546 2891 619 2927 iam
656 2893 843 2932 conditori
880 2898 1046 2934 omnium
1085 2904 1180 2937 esset
1217 2901 1384 2948 reliqui?
1428 2903 1490 2939 hic
1515 2903 1640 2940 enim:
1677 2914 1780 2950 egos
