1806 3132
495 249 550 286 IN
584 248 871 286 ALEXIADEM
900 250 1061 286 NOTAE
1435 241 1518 287 659

41 366 117 420 est,
148 365 199 410 de
226 377 308 421 quo
339 363 562 408 Baldricus
607 363 681 407 lib.
703 365 740 407 1.
781 365 822 408 et
851 364 1001 408 Petrus
1028 364 1146 408 Diae.
1173 364 1246 407 lib.
1266 365 1305 407 4.
1330 364 1518 409 Chronic.

42 423 182 468 Oasin.
228 435 318 478 cap.
341 422 407 464 11.
482 420 672 476 Denique
714 420 803 464 filia
847 421 1007 464 elocata
1045 434 1070 464 a
1098 421 1315 476 Wiscardo
1356 422 1517 476 patruo,

46 479 268 524 Dominico
297 477 430 521 nobili
457 477 618 520 Veneto
647 477 691 519 in
720 477 948 520 mercedem
979 477 1133 532 proditi
1154 477 1385 533 Dyrrachii.
1415 478 1520 520 Vide

45 535 194 580 Malat.
219 535 290 579 lib.
314 535 468 589 l..cap.
489 534 554 576 15.
572 534 640 576 24.
662 534 729 576 31.
749 535 817 576 32.
841 534 913 576 1111.
935 535 974 576 3.
1006 546 1093 588 cap.
1116 535 1182 576 28.
1212 533 1380 576 Ricardi
1409 533 1519 576 filius
1589 564 1595 571 .

42 592 125 636 fuit
154 590 360 657 Rogerius
391 589 644 633 Antiochiae
671 591 764 644 post
795 589 1054 633 Tancredum
1084 590 1293 644 Princeps.
1363 589 1442 632 Sed
1471 589 1521 632 de

42 648 244 692 Gulielmi
273 647 449 691 Comitis
477 646 747 701 Principatus
777 646 954 701 posteris
1002 646 1166 702 agimus
1193 646 1324 688 fusius
1366 645 1410 687 in
1439 645 1520 688 Fa-

42 704 171 748 miliis
198 702 508 748 Normannicis.

182 768 247 814 Τά
275 765 546 826 πεμπόμενα
574 766 738 827 βιβλία]
784 769 965 824 Βιβλίον
1001 782 1074 824 pro
1106 771 1410 825 γραμματεῖον,
1451 778 1562 813 30111)

47 828 231 874 Tabellis
257 827 451 883 usurpari
471 827 679 870 annotant
698 826 994 876 Grammatici3
1023 826 1186 878 Suidas,
1213 825 1394 880 βιβλίον,
1426 824 1521 868 ἐπι-

43 881 191 929 στολ’.
262 885 332 929 Sic
377 883 632 927 Themistius
657 882 774 926 Orat.
812 884 877 926 14.
923 882 1155 937 Epistolam
1193 882 1428 926 Constantii
1469 882 1522 925 ad

45 902 247 987 SenaZum
290 939 465 996 βιβλίον
494 939 631 984 vocat.
708 939 815 982 Vide
841 939 1088 983 Cinnamum
1117 939 1189 982 lib.
1208 939 1245 981 5.
1277 939 1330 982 N.
1353 940 1417 981 10.
1447 939 1522 981 sub

44 1000 180 1043 finem.
253 998 337 1041 Hic
385 1009 482 1040 vero
525 995 776 1040 Schedulam
818 996 1041 1051 significat,
1090 1008 1215 1050 quam
1255 995 1351 1038 inde
1380 995 1523 1038 billum

44 1052 1320 1164 1111811158ῗυὶῗὲἕῗῖεῗῗέἓῇἒιωἰὲἒῗῗόηῖῗῗὲᾲἲῗίοᾞὲἓὲ
1351 1052 1523 1150 mitrii..

46 1168 311 1213 excusatoria
366 1167 478 1222 apud
514 1166 572 1209 H.
602 1166 653 1209 de
680 1165 904 1221 Kuiyhtou
933 1166 985 1208 A.
1006 1175 1218 1208 MCOLXII.
1290 1165 1401 1207 Hinc
1428 1163 1523 1207 Bil-

46 1226 129 1270 leta
158 1226 203 1268 in
222 1224 415 1267 Monast..
434 1223 601 1279 Anglic.
633 1222 751 1265 Tom.
771 1225 807 1264 1.
839 1235 935 1277 pag.
956 1222 1052 1264 654.
1079 1221 1231 1264 nostris
1246 1220 1389 1263 Billet.
1406 1220 1522 1275 Spel-

45 1295 224 1326 mannus
251 1294 277 1324 a
309 1280 513 1324 Saxonico
544 1278 661 1322 Billa
690 1279 870 1332 deducit,
902 1278 1125 1322 Somnerus
1155 1276 1406 1320 eir-Libellus
1433 1289 1522 1319 cor-

47 1340 220 1394 ruptum
248 1337 393 1393 putat:
425 1349 501 1392 ego
532 1349 579 1379 ex
607 1334 790 1390 βιβλίον.
1453 1331 1460 1334 ’
1565 1374 1567 1376 ,

183 1399 538 1460 Κονοσταύλους]
586 1403 767 1447 Comites
812 1402 978 1447 Stabuli
1021 1402 1147 1456 vulgo
1178 1401 1328 1444 Franci
1372 1400 1745 1454 vocantPageeac

45 1475 259 1518 supremos
287 1462 542 1505 exercituum
569 1460 715 1503 Duces.
755 1459 981 1502 Marbodus
1011 1459 1231 1509 Diaconus,
1260 1456 1520 1512 postmodum

49 1520 275 1575 Episcopus
303 1517 572 1572 Redonensis,
599 1517 644 1559 in
673 1517 764 1559 vita
790 1515 831 1559 S.
847 1515 999 1558 Licinii
1029 1515 1219 1570 Episcopi
1248 1513 1524 1568 Andegaveu-

47 1577 133 1619 sis:
163 1575 345 1619 Factum
386 1578 447 1618 est
491 1578 538 1617 ut
582 1588 610 1617 a
638 1573 753 1629 Reye
784 1571 1078 1627 flayz'tautibus
1125 1571 1284 1614 cunctis
1315 1570 1524 1612 Tribunus

47 1632 231 1676 militum
254 1635 481 1683 crearetur,
516 1631 589 1686 qui
613 1643 725 1673 nuuc
745 1643 858 1672 more
885 1632 1025 1672 nostro
1057 1626 1198 1671 Comes
1225 1626 1390 1671 Stabuli
1417 1638 1523 1668 mm-

47 1693 240 1744 σημαίαν.
314 1687 422 1731 Vide
465 1687 752 1730 Duchesnium
788 1686 832 1727 in
861 1685 972 1728 Hist.
1021 1683 1165 1727 Gentis
1194 1682 1523 1726 Monmorencia-

49 1758 134 1789 cae.
193 1746 254 1789 At
284 1740 607 1787 Κονοσταὺλων
637 1742 840 1787 vocabulo
868 1741 1006 1784 innuit
1034 1741 1111 1783 hoc
1152 1740 1242 1782 1000
1272 1741 1395 1781 Anna
1439 1750 1520 1779 non

46 1802 178 1845 totius
207 1801 409 1845 exercitus
441 1801 690 1852 Praefectos,
722 1800 786 1842 uti
823 1798 944 1841 hodie
970 1810 1047 1840 vox
1076 1796 1158 1839 ista
1187 1796 1422 1849 usurpatur,
1452 1792 1521 1835 sed

50 1858 343 1910 Centuriones,
389 1857 432 1900 01
479 1870 582 1912 quos
623 1856 784 1899 Tactici
834 1849 1140 1908 Τουρμάρχας,
1190 1848 1519 1906 Δρουγγαρίους,

53 1910 275 1972 Κόμητας,
311 1909 589 1968 Κεντάρχους
621 1913 747 1968 vulgo
769 1911 1022 1965 nuncupant,
1054 1909 1219 1952 notione
1253 1907 1362 1962 apud
1379 1905 1522 1949 Gallos

49 1972 171 2016 istius
201 1971 294 2016 aevi
320 1971 475 2026 passim
503 1970 680 2025 recept-a.
733 1969 973 2012 Willelmus
1005 1966 1160 2009 Guiart
1189 1966 1239 2007 A.
1260 1972 1450 2007 Mocclv.

314 2027 376 2071 Et
403 2027 587 2071 chascuu
614 2027 700 2070 suit
727 2039 804 2069 sou
835 2023 1116 2068 Gonnestable.

53 2096 166 2139 Hinc
195 2095 454 2140 Oouestablie
482 2108 557 2150 pro
587 2095 766 2147 cohorte,
793 2105 865 2136 seu
893 2093 1032 2134 turma
1053 2088 1238 2141 militari,
1270 2087 1378 2142 apud
1408 2098 1523 2128 eum-

57 2153 152 2196 dem
181 2165 263 2196 non
294 2152 432 2196 semel.
465 2154 517 2195 A.
538 2161 682 2196 MCCV.

318 2219 408 2265 Des
436 2220 581 2264 Reaus
609 2223 651 2263 ot
680 2219 777 2273 cinq
807 2214 1097 2262 Gouestablies.

52 2279 168 2323 Idem
199 2281 250 2322 A.
269 2286 496 2321 Mccxch

321 2333 421 2377 Tuit
448 2347 492 2377 30
517 2335 717 2389 queureut
743 2329 986 2385 apareillier

318 2390 412 2434 Par
441 2391 624 2434 diverses
655 2386 944 2437 Conestablies‚

318 2447 375 2491 Ia·
403 2451 533 2503 grant
562 2445 766 2501 Seiyneur
795 2447 832 2486 et
861 2442 951 2484 leur
979 2439 1162 2483 mesnies.

52 2515 304 2559 Froissartes
339 2517 378 2559 2.
399 2515 482 2558 vol.
526 2527 614 2568 cap.
640 2514 706 2556 67.
746 2511 806 2554 Et
849 2510 908 2552 les
949 2507 1112 2551 sachees
1146 2504 1197 2547 de
1224 2502 1338 2566 Paiu
1378 2500 1522 2554 furerat

21 2614 23 2616 .
53 2572 264 2626 departies
284 2586 374 2627 par
405 2570 697 2615 Couestablies.
771 2568 824 2609 Et
854 2578 940 2619 cap.
966 2564 1058 2606 142.
1094 2561 1158 2604 Ils
1185 2558 1390 2602 s'estozent
1431 2560 1522 2620 tous

7 2639 9 2641 ·
44 2629 191 2683 partis
229 2643 315 2683 par
358 2627 648 2673 Gouestablies.
719 2624 823 2667 Vide
853 2621 1101 2664 Litletonem
1141 2617 1249 2660 Sect.
1270 2614 1364 2679 379.
1394 2613 1441 2677 et·
1461 2612 1521 2655 1b1

0 2724 3 2725 γ
55 2685 215 2729 Gokum
258 2686 301 2729 et
346 2684 604 2728 Monstrelet.
654 2679 688 2724 1.
712 2680 790 2723 vol.
830 2691 918 2732 cap.
950 2677 1043 2718 195.
1105 2673 1201 2737 Nec·
1226 2671 1312 2736 alla
1356 2669 1521 2711 notione

54 2741 190 2784 Duces
216 2741 487 2794 Francorum,
533 2740 605 2795 qui
633 2739 677 2780 in
706 2736 902 2779 Palatina
931 2730 1118 2775 custodia
1147 2726 1400 2792 mlhtabant,
1431 2726 1522 2765 Ko-

57 2793 320 2849 νοσταύλους
346 2798 553 2842 vocabant
573 2792 809 2851 Byzantini,
840 2791 888 2833 ut
918 2788 990 2844 qui
1019 2787 1137 2831 erant
1157 2784 1371 2848 Capltanel
1391 2781 1523 2846 Isi-an-

55 2854 168 2899 cicae
205 2855 399 2909 cohortis,
447 2852 606 2897 Palatii
648 2851 689 2894 et
731 2846 1033 2903 Imperatorum
1080 2841 1291 2886 custod1ae
1321 2837 1523 2887 addictae,
