1734 3120
351 3 465 17 “J-

497 208 763 243 ALEXIADIS
791 209 886 244 LIB.
915 210 1020 245 XIII.
1057 206 1118 246 12.
1444 208 1523 248 231

38 325 199 380 χρείαν.
266 325 341 370 καὶ
393 327 556 378 οἵτινες
593 323 647 369 ἂν
684 326 758 371 καὶ
792 321 884 371 εἶεν
930 327 1157 382 δτσμενιῦς
1198 327 1373 384 ἔχοντες
1415 330 1531 388 πρὸς

39 391 91 438 τὸ
137 391 349 450 ὑμέτερον
388 392 562 451 κράτος,
609 393 650 439 εἰ
695 392 757 454 μή
800 411 891 439 που
936 399 1034 448 τοῖς
1067 390 1307 450 ἀθανάτοις
1334 395 1531 456 ἀγγέλοις

38 459 244 518 ι’σάζοιντ’
274 459 328 506 ἂν
357 463 431 506 καί
456 461 668 516 εἷσιτοῖς
697 460 928 522 ἡμετέροις
956 460 1138 519 δόρασιν
1165 458 1358 522 ἄτρωτοι
1379 464 1406 525 ἢ
1424 462 1529 512 ἄδα-

37 529 221 587 μάντινά
271 548 369 576 τινα
413 532 686 589 περίκεινται
731 528 928 588 σώματα,
980 531 1090 576 κατὰ
1134 530 1305 577 τούτων
1348 532 1530 580 πάντων

0 597 450 659 ὁὺπεραγωνισαίμην
477 603 556 658 τῆς
580 600 807 656 βασιλείας
832 599 968 657 ὗμῶν.
1015 602 1088 646 καὶ
1118 600 1258 658 εἰμὲν
1283 603 1414 660 ὗγιῶς
1440 603 1527 660 ἔχω

36 669 116 712 τοῦ
147 665 354 724 σώματος
385 669 457 713 καὶ
487 666 785 726 ἐλειθεριάζω
820 669 1020 725 πολὲμοι
1039 687 1107 713 τιι
1109 687 1159 723 ος
1185 674 1456 728 βαρβαρικοῦ
1480 691 1528 718 τε

37 737 108 780 καὶ
144 739 402 819 Ταυρκικοῦ,
445 733 580 791 αὖτὸς
607 735 692 795 ἐγώ
721 741 786 796 τῶ
816 738 908 797 ἐμῷ
950 735 1123 795 σώματι
1152 733 1422 797 αγωνιοῦμαι
1452 739 1531 786 τὸν

36 803 147 861 ίπὲρ
188 802 313 861 ὑμῶν
343 802 544 862 πόλεμον
571 803 685 862 μετὰ
727 809 807 851 τοῦ
852 807 1151 863 ξινεπομένου
1188 806 1527 865 στρατεύματος.
1542 815 1581 851 Ρ.
1608 817 1679 853 408

35 871 76 917 εἶ
108 873 157 917 δὲ
187 870 216 916 τ’
248 870 367 932 νόσῳ
394 875 554 934 βαρείᾳ
593 876 827 930 πεὸοῦμαι,
869 870 947 919 οἷα
989 874 1135 919 πολλὰ
1164 874 1220 920 τὰ
1246 871 1526 934 ἀνθρώπινα,

0 939 64 999 οῆ
91 939 290 998 πόλεμος
318 943 598 999 ἐπικείμενος
623 941 741 1000 πρὸς
769 940 927 988 ἑαυτὸν
955 942 1070 988 ἕλκει
1099 961 1169 1000 με,
1200 942 1304 990 τότε
1339 944 1391 1005 δι)
1423 944 1527 991 τότε

37 1009 337 1068 ὑπισχνοῦμαι
365 1009 439 1056 διὰ
466 1015 558 1056 τῶν
586 1012 693 1068 περὶ
723 1011 800 1069 ἐμὲ
828 1012 1038 1069 γενναίων
1058 1008 1320 1069 ἀνθρώπων
1344 1032 1432 1070 μου
1449 1012 1528 1059 τίν

35 1076 221 1136 δυνατὴν
250 1079 590 1135 ἐξαποστέλλειν
620 1077 841 1138 βοήθειαν
871 1077 933 1133 ὦς
953 1079 1330 1137 ἐπανασωζόντων
1349 1082 1528 1127 ἐκείνων

33 1165 86 1191 το
108 1143 215 1203 ἐμον
237 1146 460 1205 ἔλλειμμα.
503 1146 529 1209 ἡ
548 1146 628 1206 γὰρ
656 1146 776 1228 ορθὴ
805 1149 970 1202 πίστις,
1000 1144 1056 1207 ἣν
1084 1146 1282 1207 σήμερον
1309 1148 1429 1207 πρὸς
1447 1149 1527 1212 τὴν

32 1213 306 1271 βασιλείαν(
280 1219 406 1272 υμῶν
427 1217 601 1274 δίδωμι,
623 1219 757 1262 τοῦτο
779 1215 874 1262 ἔστι
896 1214 948 1262 τὸ
971 1214 997 1278 ’ἢ
987 1214 1071 1262 δι’
1092 1217 1283 1274 ἐμαυτοῦ
1303 1215 1332 1276 ἢ
1350 1219 1407 1263 δι’
1434 1217 1526 1264 ετέ-

0 1301 136 1340 5ρων,
152 1282 362 1342 καθάπερ
383 1302 565 1344 ειρηται,
585 1281 975 1344 ανακρωτηρίαστα
999 1287 1224 1344 διατιρεῖν
1243 1304 1285 1330 τι
1316 1289 1399 1345 τῆς
1416 1305 1465 1332 σι
1463 1294 1581 1345 μ-Ἷ.
1608 1296 1677 1330 323

33 1353 215 1411 φωνίας.
269 1351 417 1412 ὀρθήν
442 1371 490 1399 τε
526 1355 678 1401 πίστιν
710 1352 949 1414 φυλάττειν
985 1352 1193 1412 διόμνυμι
1221 1357 1295 1400 καὶ
1323 1353 1567 1402 καθόλουΒ

34 1421 106 1465 καὶ
132 1419 243 1465 κατὰ
271 1422 408 1478 μέρος
436 1423 548 1479 ὑπὲρ
575 1426 655 1468 τοῦ
694 1422 907 1480 ιῖμετέρου
935 1420 1124 1480 κράτους
1159 1424 1233 1468 καὶ
1259 1427 1338 1482 τῆς
1369 1424 1526 1481 ὑμετέ-

33 1507 114 1546 ρας
143 1491 268 1550 ζωῆς,
301 1492 484 1550 ταυτησὶ
510 1493 622 1549 λέγω
653 1495 735 1550 τῆς
765 1490 885 1536 κάτω
916 1509 964 1537 τε
994 1492 1068 1536 καὶ
1093 1492 1253 1551 γηΐνης.
1301 1490 1414 1550 ὑπὲρ
1444 1491 1525 1551 γὰρ

34 1561 115 1616 τῆς
143 1556 355 1618 τοιαύτης
383 1559 505 1616 ὑμῶν
541 1562 655 1618 ζωῆς
684 1562 893 1619 σιδηροῦς
927 1578 995 1613 τις
1026 1555 1205 1618 ἀνδριὰς
1243 1562 1317 1606 καὶ
1352 1559 1528 1621 σφυρή-

0 1627 166 1680 ulmos·
193 1629 399 1687 γενοίμην
428 1633 526 1683 τοῖς
555 1627 728 1682 ὅπλοις.
782 1625 894 1673 ἀλλὰ
922 1630 1052 1686 μέχρι
1080 1630 1153 1673 καὶ
1181 1632 1261 1690 τῆς
1290 1633 1421 1688 τιμῆς
1449 1632 1528 1684 τῗς

33 1692 245 1752 ὑμετέρας
270 1697 344 1741 καὶ
370 1697 498 1753 μέχρι
525 1699 766 1752 βασιλικῶν
794 1695 919 1754 ὑμῶν
948 1699 1096 1754 μελῶν
1125 1697 1303 1742 ἐκτείνω
1343 1695 1421 1742 τὸν
1451 1695 1527 1755 ὅρ-

31 1781 122 1818 κον,
153 1761 202 1809 εἴ
223 1782 292 1818 τις
319 1759 473 1818 αὐτοῖς
502 1763 835 1822 ἐπιβουλεύεται
862 1764 1055 1818 κάκωσις
1082 1767 1206 1823 παρά
1228 1783 1361 1810 τινων
1379 1761 1527 1824 ἀλιτη-

170 1886 201 1920 1.
227 1887 359 1924 οἵτινες
379 1884 530 1931 scripsi:
558 1889 596 1920 εἴ
613 1898 707 1925 τινες
730 1886 771 1921 Ρ.
895 1888 926 1921 3.
955 1883 1128 1928 ἰσάζοινθ
1154 1886 1307 1932 scripsi:
1331 1883 1525 1928 ἰστάζοιντ’

166 1933 211 1974 F,
238 1929 440 1974 ἰσιάζοιντο
464 1933 504 1969 Ρ.
642 1935 674 1969 7.
702 1938 765 1969 καὶ
788 1931 855 1970 τὸν
877 1934 918 1980 P,
943 1937 1005 1968 καὶ
1031 1946 1104 1970 οιιι.
1135 1934 1179 1970 F.
1338 1936 1392 1970 14.
1419 1933 1526 1982 ὑμῶν

168 1981 306 2029 δίδωμι
333 1982 376 2027 F,
401 1982 539 2029 δίδωμι
563 1994 637 2018 om.
662 1982 702 2020 P.
865 1985 918 2019 15.
948 1983 1135 2029 διατηρεῖν
1158 1982 1201 2027 F,
1225 1986 1348 2029 τηρεῖν
1372 1983 1411 2018 P.

31 2096 194 2139 satione,
218 2099 334 2142 prout
359 2109 420 2132 res
446 2097 584 2144 exiget,
609 2097 804 2142 obsequar.
853 2100 1049 2143 praetereo
1073 2109 1200 2133 omnes
1214 2124 1224 2143 ,
1252 2098 1285 2133 si
1309 2098 1376 2144 qui
1399 2101 1523 2143 erunt,

31 2146 214 2190 potestati
239 2149 387 2182 vestrae
410 2145 585 2190 infensos,
610 2146 683 2181 nisi
707 2145 807 2181 forte
831 2146 973 2192 angelis
991 2146 1267 2182 immortalibus
1285 2146 1426 2181 similes
1441 2158 1524 2183 nos-

31 2194 102 2229 tris
126 2193 242 2229 hastis
266 2194 456 2230 vulnerari
482 2198 673 2240 nequeunt
698 2198 737 2229 et
761 2194 956 2230 indomitis
980 2195 1204 2240 corporibus
1229 2195 1320 2230 tecti
1337 2198 1437 2235 sunt,
1452 2207 1521 2240 pro

31 2246 155 2277 vestro
179 2242 338 2288 imperio
363 2242 570 2279 debellabo.
622 2255 664 2279 ae
688 2242 779 2278 dum
805 2254 875 2289 ego
901 2246 940 2278 et
962 2255 1122 2289 corpore
1145 2243 1288 2279 valeam
1310 2246 1350 2278 et
1372 2255 1395 2278 a
1424 2242 1523 2279 bello

31 2302 264 2336 quocumque
299 2291 499 2329 barbarico
538 2295 578 2327 et
602 2291 761 2327 Tur-eico
791 2291 888 2327 liber
926 2292 1008 2337 sim,
1046 2292 1127 2337 ipse
1150 2303 1218 2338 per
1253 2303 1313 2326 me
1349 2303 1524 2337 praesens

29 2351 115 2375 eum
140 2339 260 2385 copiis
283 2341 375 2375 meis
399 2345 523 2376 vestra
546 2352 659 2376 causa
681 2340 770 2375 belli
793 2340 995 2376 discrimen
1020 2340 1166 2376 subibo.
1217 2340 1274 2375 sin
1301 2351 1371 2382 me,
1398 2340 1525 2385 qualia

33 2387 151 2423 multa
197 2387 401 2424 humanam
451 2389 568 2424 vitam
606 2388 803 2432 infestant,
842 2389 968 2435 gravis
1006 2388 1159 2424 morbus
1203 2387 1421 2434 impedierit
1458 2392 1523 2423 sut

30 2435 171 2471 bellum
194 2436 393 2472 imminens
417 2436 466 2472 ad
491 2449 529 2472 se
554 2437 727 2482 traxerit,
753 2440 844 2472 tuuc
866 2436 1045 2482 polliceor
1069 2437 1292 2472 emissurum
1332 2448 1394 2471 me
1431 2437 1522 2472 vali·

30 2483 227 2520 dissimum
248 2491 431 2531 quantum
457 2488 590 2531 potero
614 2486 781 2521 virorum
808 2485 977 2530 fortium,
1013 2486 1079 2532 qui
1102 2485 1197 2520 mihi
1231 2483 1392 2520 subiecti
1433 2485 1522 2526 sint,

30 2532 227 2578 auxilium,
251 2538 296 2569 ut
318 2533 527 2569 deficientis
556 2535 630 2569 mei
655 2534 779 2569 locum
806 2533 1015 2579 suppleant..
1065 2538 1123 2569 est
1154 2533 1254 2569 enim
1291 2532 1382 2568 haec
1419 2536 1524 2570 reeta

31 2580 134 2627 fides,
158 2593 272 2627 quam
296 2582 408 2618 hodie
433 2585 579 2618 vest-rae
606 2582 794 2618 maiestati
819 2582 989 2625 exhibeo,
1012 2581 1054 2617 id
1068 2585 1125 2617 est
1148 2584 1258 2627 pacta
1281 2584 1349 2617 aut
1371 2593 1439 2627 per
1463 2593 1523 2617 me

31 2632 98 2665 aut
121 2641 190 2675 per
213 2629 318 2675 alios,
343 2633 388 2666 ut
411 2631 487 2666 iam
510 2630 655 2667 dictum
679 2633 747 2671 est,
763 2631 996 2666 sanctissime
1014 2641 1074 2665 me
1090 2634 1347 2665 servaturum:
1367 2632 1522 2666 rectam-

30 2689 104 2724 que
127 2676 238 2713 fidem
264 2690 324 2714 me
348 2679 619 2724 praestiturum
644 2679 728 2714 iuro
752 2682 792 2714 et
815 2678 1041 2725 generaliter
1066 2682 1105 2714 et
1130 2678 1324 2724 speciatim
1347 2690 1418 2723 pro
1445 2690 1523 2714 ves-

30 2730 92 2762 tro
117 2726 276 2771 imperio
308 2739 454 2773 proque
476 2727 555 2763 vita
580 2732 715 2769 vestra,
756 2727 840 2769 hac,
876 2727 1041 2773 inquam,
1077 2726 1179 2762 infra
1216 2726 1328 2762 solem
1366 2727 1446 2762 vita
1483 2730 1523 2762 et

30 2774 215 2810 terrestri.
251 2786 323 2821 pro
339 2775 409 2812 hac
426 2776 546 2821 igitur
569 2778 694 2812 vestra
716 2776 795 2811 vita
807 2779 999 2821 tamquam
1025 2775 1146 2811 ferrea
1157 2778 1197 2810 et
1212 2774 1345 2811 malleo
1362 2786 1522 2830 procusa

30 2825 156 2858 statua
181 2823 223 2858 in
245 2824 360 2859 armis
381 2824 501 2860 stabo.
549 2828 663 2871 atque
686 2836 805 2870 usque
828 2824 876 2859 ad
905 2823 1132 2870 dignitatem
1155 2826 1319 2860 vestram
1344 2826 1384 2859 et
1414 2824 1520 2870 regia

31 2873 157 2908 vestra
180 2871 350 2909 membra
372 2872 633 2910 iusiurandum
659 2872 831 2919 extendo,
859 2873 892 2909 si
915 2873 981 2920 qui
1003 2872 1129 2910 hostes
1166 2871 1439 2910 sceleratissimi
1475 2883 1519 2908 ea
