1734 3120
226 192 308 239 242
731 199 896 238 ANNAE
924 198 1190 239 OOMNENAE

224 316 492 377 φισβὴτησίν
518 333 615 362 τινα
643 318 946 362 διαπίπτουσι.
995 320 1067 362 καὶ
1088 313 1248 376 ὄμνυμι
1278 322 1351 365 καὶ
1377 322 1510 366 τοῦτο
1539 321 1610 367 καὶ
1630 317 1711 380 τὴν

223 387 483 445 συμφωνίαν
527 383 686 443 ταύτην
740 387 1017 441 κατεμπεδῶ,
1075 387 1135 439 ὠς
1177 382 1496 446 ἀνυπερθέτως
1541 407 1589 434 τε
1639 391 1710 434 καὶ

223 450 537 514 ἀναμφιβόλως
565 453 616 498 τὸ
645 451 1032 510 προσταττόμενον
1051 453 1283 511 πράξουσι.
1335 456 1454 515 πλήν
1484 459 1556 502 καὶ
1576 462 1710 503 τοῦτο

222 524 514 582 προσκείσθω
539 526 637 575 ταῖς
666 523 953 581 συμφωνίαις,
993 520 1056 576 ὥς
1088 522 1243 584 ἐπειδὴ
1275 522 1391 582 ὑπὲρ
1422 529 1511 570 τῶν
1540 522 1711 586 ἀφῃρη-

74 601 112 637 Ρ.
139 602 209 637 414
222 592 365 648 μένων
395 589 517 647 παρὰ
562 593 642 635 τοῦ
688 590 875 648 κράτους
916 589 1038 647 ’ὑμῶν
1083 592 1130 635 ἐκ
1169 595 1248 651 τῆς
1276 588 1548 653 Ἀντιοχικῆς
1577 597 1734 655 ἀρχῆςξ

221 660 293 704 καὶ
335 663 419 705 τοῦ
452 657 668 704 ὄουκάτου
712 663 791 719 τῆς
828 657 1005 712 πόλεως
1048 657 1131 717 ἐγώ
1175 678 1223 705 τε
1263 660 1590 721 κατελιπάρησα
1633 662 1711 708 τὸν

221 725 431 786 ὑμέτερον
460 726 629 785 θρόνον
659 725 941 787 ποιήσασθαι
965 724 1261 787 ἅντισήκωσιν
1289 731 1362 774 καὶ
1383 728 1426 775 οἱ
1456 734 1709 789 περεγρῖνοι

219 793 692 853 προσκατελιπάρησαν
721 793 799 854 τὴν
839 793 1052 852 ὑμετέραν
1086 798 1325 852 βασιλείαν,
1369 800 1442 843 καὶ
1478 800 1707 844 κατένευσε

217 862 270 908 τὸ
299 861 458 922 κράτος
487 861 609 920 ὑμῶν
649 858 943 921 ἅντισηκῶσαί
985 881 1062 920 μοι
1100 865 1278 921 θέματα
1315 867 1388 910 καὶ
1416 863 1562 923 χώρας
1589 864 1709 919 τινας

216 933 289 976 καὶ
320 930 475 985 πόλεις
515 929 626 975 κατὰ
659 930 737 991 τὴν
766 926 980 990 α’νατολήν
1010 934 1296 990 διακειμένας.
1338 935 1408 979 δεῖ
1437 935 1510 979 καὶ
1538 933 1734 979 τούτων]

217 1002 429 1045 ἐνταυθοῖ
456 1003 751 1059 μνημονεῦσαι
781 1003 873 1044 κατ’
905 995 1057 1058 ὄνομα,
1087 1003 1160 1046 ἵνα
1189 1000 1298 1061 μήτε
1319 1001 1345 1062 ἡ
1364 1005 1565 1060 βασιλεία
1586 1002 1709 1060 ὑμῶν

215 1066 487 1128 ἅμφιβάλλοι
527 1066 637 1113 κατά
677 1087 719 1113 τι
749 1070 821 1113 καὶ
863 1069 948 1127 ἐγώ
981 1069 1068 1125 ἔχω
1113 1072 1220 1128 περὶ
1252 1062 1314 1115 ὧν
1360 1069 1412 1115 ἷέν
1444 1073 1707 1131 ἐπιζητοιήν.

217 1130 328 1196 ἦσαν
355 1136 403 1182 δὲ
431 1140 588 1181 ταῦτα·
628 1134 679 1181 τό
710 1154 757 1181 τε
801 1138 923 1194 θέμα
953 1141 1031 1198 τῆς
1062 1136 1344 1193 Κασιώτιόος
1373 1139 1519 1198 πάσης
1547 1138 1704 1198 χώρας,

215 1197 266 1265 ἧς
289 1203 564 1264 μητρόπολίς
610 1205 727 1250 ἐστιν
758 1207 783 1266 ἡ
818 1207 993 1264 Βέροια,
1026 1202 1052 1251 ὃ
1077 1206 1187 1251 κατὰ
1229 1206 1308 1267 τὴν
1338 1212 1429 1253 τῶν
1471 1208 1708 1267 βαρβάρων

171 1271 366 1333 Βφωνὴν
399 1270 555 1317 Χάλεπ·
591 1274 770 1330 λέγεται,
814 1272 865 1318 το
910 1275 1031 1331 θέμα
1065 1278 1144 1334 τῆς
1173 1273 1400 1333 Λαπάρας
1428 1277 1501 1320 καὶ
1530 1276 1585 1320 τὰ
1615 1275 1734 1321 ὑπὸ]

211 1339 371 1400 ταύτην
400 1339 545 1385 πάντα
573 1342 789 1396 πολίχνια,
814 1344 929 1386 τοῦτ’
960 1342 1055 1388 ἔστι
1070 1341 1125 1387 τὰ
1140 1342 1338 1399 Πλαστά,
1357 1342 1408 1388 τὸ
1425 1347 1510 1389 τοῦ
1524 1345 1704 1389 Χωνίου

211 1407 412 1467 κάστρον,
444 1409 498 1453 τὰ
525 1408 753 1467 Ῥωμαΐνα,
787 1408 839 1454 τὸ
861 1408 1051 1467 κάστρον
1069 1406 1326 1469 Ἁραμισός,
1361 1411 1412 1457 τὸ
1433 1416 1512 1458 τοῦ
1532 1408 1706 1472 Ἀμηρᾶ

210 1478 449 1533 πολίχνιον,
485 1476 537 1522 τὸ
579 1476 768 1535 κάστρον
804 1482 883 1523 τοῦ
923 1477 1165 1536 Σαρβὰνου,
1204 1479 1256 1525 τι)
1303 1483 1388 1526 τοῦ
1428 1481 1706 1538 Τελχαμψιὸν

213 1544 448 1605 φρούριον·
479 1545 558 1591 σὺν
589 1541 659 1600 οἷς
689 1548 761 1591 καὶ
794 1545 850 1592 τὰ
876 1548 977 1605 τρία
1001 1549 1140 1603 Τίλια,
1170 1547 1221 1594 τό
1244 1567 1292 1594 τε
1313 1551 1613 1606 Σθλαβοτίλιν
1632 1552 1704 1595 καὶ

209 1607 343 1659 τᾶλλα
370 1612 462 1669 δύο,
495 1613 546 1660 τὸ
578 1613 794 1674 φρούριον
823 1614 875 1661 τό
907 1617 1068 1675 Σγένιν,
1097 1616 1149 1663 τὸ
1187 1615 1378 1675 κάστρον
1405 1617 1459 1663 τὸ
1492 1620 1734 1676 Καλτζιέ-2

211 1698 297 1740 ριν·
339 1684 412 1727 καὶ
441 1681 494 1742 δὴ
525 1684 597 1728 καὶ
626 1685 752 1728 ταυτὶ
781 1682 836 1729 τα
870 1685 1087 1740 πολίχνια,
1120 1684 1172 1730 τό
1199 1704 1247 1731 τε
1281 1687 1599 1745 Κομμερμοέρι
1630 1688 1702 1731 καί

209 1750 261 1794 τὸ
293 1748 579 1808 Καθισμάτιν
608 1750 844 1810 λεγόμενον
869 1753 942 1798 καὶ
980 1751 1032 1798 τὸ
1068 1751 1310 1813 Σαρσάπην
1340 1755 1413 1799 καὶ
1442 1755 1494 1799 τὸ
1531 1756 1704 1812 Νέκραν

341 1849 375 1884 4.
403 1852 642 1894 προσκείσθω
670 1849 710 1894 F,
737 1855 985 1897 προσκεῖσθαι
1012 1851 1053 1888 Ρ.
1201 1858 1235 1889 6.
1261 1850 1459 1900 δουκάτου]
1486 1849 1637 1899 κράτους
1663 1854 1701 1891 C.

344 1899 398 1933 12.
424 1894 653 1945 ἄμφιβιὶλλοι.
681 1898 723 1944 F,
750 1897 959 1946 ἀμφιβάλοι
984 1900 1028 1936 Ρ.
1154 1903 1209 1938 19.
1236 1903 1477 1947 σθλαβοτίλιν
1501 1902 1543 1942 F,
1568 1904 1700 1938 Λθλα-

340 1949 477 1990 βοτίλιν
500 1946 539 1981 Ρ.
651 1947 709 1983 21.
737 1951 836 1983 ταυτὶ
862 1948 903 1993 F,
931 1950 1070 1985 ταυτῶν
1089 1948 1129 1985 Ρ.
1243 1951 1302 1985 22.
1326 1949 1367 1986 τὸ
1392 1951 1543 1997 scripsi:
1569 1949 1635 1995 τὴν
1661 1952 1699 1988 Ρ.

205 2038 404 2074 cessionem
429 2042 495 2076 aut
519 2041 559 2076 in
584 2041 709 2087 iurgia
750 2042 925 2079 incidere.
975 2044 1050 2079 iam
1092 2056 1181 2081 vero
1219 2044 1314 2081 illud
1349 2055 1496 2091 quoque
1531 2045 1615 2081 iuro
1658 2048 1698 2082 et

205 2099 315 2133 quam
340 2087 534 2124 firmisima
562 2090 808 2135 promissione
833 2093 970 2138 sancio,
995 2096 1215 2128 curaturum
1247 2105 1317 2138 me,
1341 2096 1385 2129 ut
1410 2095 1488 2130 sine
1513 2105 1620 2130 mora
1656 2106 1699 2130 ac

205 2136 283 2171 sine
309 2135 440 2173 fraude
465 2137 649 2183 imperata
674 2138 824 2176 faciant.
876 2144 1042 2176 ceterum
1067 2145 1106 2178 et
1140 2142 1210 2178 hoc
1247 2142 1486 2188 pactionibus
1527 2142 1698 2178 additum

203 2187 306 2220 esto:
332 2196 424 2232 cum·
442 2197 512 2231 pro
541 2187 698 2222 urbibus
735 2188 808 2223 illis
846 2200 914 2234 per
938 2193 1165 2235 potestatem
1204 2194 1367 2227 vestram
1391 2191 1439 2227 ab
1463 2191 1697 2227 Antiocheno

203 2233 363 2278 imperio
386 2236 425 2269 et
449 2234 552 2269 urbis
575 2234 713 2271 ducatu
739 2237 921 2282 separatis
946 2239 1101 2285 supplex
1125 2251 1194 2285 ego
1219 2242 1385 2285 peterem
1401 2251 1423 2275 a
1441 2239 1533 2275 solio
1559 2243 1697 2284 vestro,

203 2285 246 2315 ut
269 2281 363 2317 mihi
387 2284 725 2328 compensationem
750 2285 1041 2331 gratificaretur,
1066 2287 1272 2334 iisdemque
1298 2288 1472 2333 precibus
1503 2289 1695 2335 peregrini

203 2340 349 2375 quoque
374 2331 606 2367 maiestatem
632 2336 794 2368 vestram
820 2334 1042 2381 fatigarent,
1081 2335 1139 2372 his
1172 2336 1404 2373 satisfaciens
1427 2339 1592 2382 potestas
1618 2348 1695 2372 ves-

202 2381 263 2412 tra
287 2380 600 2423 compensationis
625 2392 735 2416 causa
759 2381 927 2418 themata
955 2395 997 2420 ac
1022 2387 1142 2420 terras
1168 2385 1346 2430 quasdam
1364 2385 1548 2430 urbesque
1568 2384 1694 2420 Orien·

202 2428 277 2460 tem
302 2438 428 2462 versus
455 2428 545 2463 sitas
569 2429 662 2464 mihi
687 2429 808 2474 dedit,
835 2443 928 2476 quae
954 2432 1016 2468 hic
1040 2433 1263 2468 nominatim
1290 2436 1378 2469 sunt
1402 2445 1692 2469 commemoran-

202 2473 280 2515 dae,
316 2477 359 2510 ut
381 2487 450 2511 nec
479 2476 650 2513 maiestas
688 2482 812 2514 vestra
851 2481 891 2518 in
930 2481 1056 2527 aliqua
1096 2493 1136 2517 re
1178 2482 1354 2517 dubitare
1397 2482 1516 2528 possit
1556 2486 1595 2517 et
1625 2493 1694 2528 ego

202 2521 368 2564 habeam,
395 2535 469 2569 quo
494 2526 606 2560 nitar.
657 2530 745 2562 sunt
767 2528 886 2573 igitur
912 2528 1020 2565 haec:
1045 2529 1172 2565 thema
1195 2530 1394 2566 Casiotidis
1420 2531 1584 2576 regionis
1613 2532 1692 2565 uni·

201 2581 338 2615 versae,
363 2573 467 2607 cuius
492 2575 710 2619 metropolis
735 2580 791 2611 est
816 2576 967 2622 Beroea,
993 2590 1087 2624 quae
1113 2579 1358 2614 barbarorum
1397 2578 1526 2625 lingua
1553 2578 1692 2624 Chalep

201 2617 360 2664 dicitur3
386 2620 512 2656 thema
537 2621 706 2667 Laparae
731 2626 769 2658 et
809 2637 905 2671 quae
947 2626 981 2661 ei
1020 2627 1188 2663 subiecta
1213 2630 1300 2663 sunt
1334 2627 1515 2673 oppidula
1555 2627 1691 2670 omnia,

201 2666 342 2702 scilicet
366 2667 502 2710 Plasta,
528 2670 660 2705 Chonii
685 2674 860 2715 castrum,
888 2673 1082 2719 Romaina,
1109 2676 1302 2711 Aramisus
1327 2680 1502 2719 castrum,
1532 2675 1691 2721 oppidu-

201 2713 278 2749 lum
293 2716 461 2759 Amerae,
486 2722 650 2754 castrum
677 2719 844 2764 Sarbaxfi,
872 2721 1142 2769 Telchampson
1169 2736 1235 2760 arx
1264 2727 1302 2759 et
1326 2735 1401 2759 una
1427 2736 1511 2760 eum
1535 2724 1594 2759 his
1617 2725 1692 2759 tria

201 2761 308 2807 Tilia,
333 2763 573 2801 Sthlabotilin
602 2771 640 2802 et
665 2769 809 2814 reliqua
831 2769 917 2814 duo,
943 2783 1013 2807 arx
1038 2772 1188 2818 Sgenin,
1219 2772 1419 2808 Caltzierin
1444 2775 1609 2809 castrum
1636 2775 1691 2807 at·

200 2822 273 2856 que
300 2812 478 2857 oppidula
516 2814 617 2859 haec,
656 2816 946 2854 Commermoeri
972 2823 1010 2855 et
1050 2821 1151 2866 quod
1191 2821 1438 2856 Cathismatin
1476 2821 1616 2856 dicitur
1652 2823 1691 2856 et

199 2857 379 2906 Sarsapen
408 2864 446 2895 et
470 2861 613 2897 Necran
656 2865 845 2902 urbecula.
910 2867 1001 2903 haec
1038 2869 1076 2903 in
1119 2870 1288 2905 citeriori
1313 2869 1420 2916 Syria
1444 2869 1566 2916 posita-
1591 2871 1689 2905 sunt.
1708 2874 1734 2901 ff

1714 3042 1734 3120 {fl‘Qz}
1722 2991 1734 3035 τε.
1724 2960 1728 2966 »
