1768 3152
553 265 819 304 AmeS
850 270 942 303 Lm.
974 271 1020 303 x.
1050 267 1086 304 5.
1511 263 1560 306 31

0 389 9 440 1·
68 386 195 431 αὐτοὶ
225 386 299 430 καὶ
327 385 406 444 τὴν
433 381 680 440 Ἀσταρώθ
711 387 1014 440 προσκυνοῦσι
1044 385 1115 428 καὶ
1149 385 1351 440 σέβονται
1383 387 1456 430 καὶ
1486 389 1568 431 τοῦ

68 449 235 511 ἶίστρου
263 452 346 499 τόν
380 452 526 498 τύπον
558 454 664 510 περὶ
698 453 908 506 πλείονος
936 453 1137 497 τίθενται
1176 454 1250 498 καὶ
1287 453 1366 513 τὴν
1404 459 1569 516 χρυσῆν

68 526 174 581 παρ’
207 523 393 576 ἐκείνοις
412 520 586 579 Χοβάρ.
631 520 656 567 ὁ
686 522 836 579 μέντοι
865 526 992 575 σῖτος
1023 520 1087 575 εἷς
1116 520 1197 566 τὸν
1218 523 1570 580 Χριστιανισμόν

67 597 166 645 τοῖς
193 592 483 648 συμβολικοῖς
512 589 690 644 τούτοις
728 587 1047 646 ἐξελαμβάνετο
1087 588 1160 634 διὰ
1196 588 1248 635 τὸ
1281 588 1494 650 νηφάλιον
1520 609 1567 636 τε

0 669 2 672 ’
34 659 142 705 5καὶ
170 657 529 719 τροφιμώτατον.
589 657 708 704 οὕτω
738 659 820 715 μὲν
850 651 928 702 οὖν
959 655 1000 702 οἳ
1033 656 1213 715 μάντεις
1243 658 1325 712 τὰς
1343 656 1572 717 ἀμπέλους
1584 665 1622 700 Ρ.
1650 666 1722 701 285

0 733 2 740 “
69 731 141 774 καὶ
170 727 251 775 τὸν
278 728 425 786 πυρόν
453 729 720 785 ἐξεδέξαντο.
778 726 892 772 ἀλλὰ
923 726 978 772 τὰ
1005 728 1087 784 μὲν
1117 729 1342 785 περῖτῶν
1370 728 1572 786 μάντεων

0 828 5 834 ‹
70 796 214 851 οὕτως
243 798 378 854 ἐχέτω
396 812 407 822 ·
445 796 501 842 τὰ
530 799 579 843 δὲ
608 797 720 842 κατὰ
746 796 827 856 τὴν
858 797 1029 858 ἔφοδον
1066 802 1157 843 τῶν
1185 798 1424 856 βαρβάρων
1454 798 1571 844 οῧτω

69 865 461 926 παρηκολουθήκει
487 868 562 911 καὶ
586 865 737 912 καινόν
765 885 807 912 τι
828 872 1061 912 κατανοεῖν
1079 872 1177 922 τοῖς
1205 886 1252 925 γε
1273 872 1377 913 νοῦν
1398 868 1575 924 ἔχουσιν

1 953 7 961 ·“
70 935 183 995 ἐνῆν.
241 938 321 995 τῆς
349 933 430 993 γὰρ
462 938 554 979 τῶν
572 933 804 980 τοσούτων
825 934 1043 990 ἐλεύσεως
1073 932 1154 992 οὔχ
1185 935 1298 994 ὁμοῦ
1327 933 1436 982 οὐδὲ
1465 936 1575 981 κατὰ

13 1000 230 1049 1οταὖτόν
256 1003 484 1063 γινομένης
514 1005 603 1056 (καὶ
638 1007 741 1058 πῶς
768 1004 848 1062 γὰρ
874 1008 1070 1050 τοσαῦτα
1093 1003 1253 1066 πλήθη
1274 1007 1322 1050 ἐκ
1343 1004 1575 1066 διαφόρων

70 1070 228 1116 τόπων
257 1069 562 1132 ἐξορμήσαντα
596 1071 766 1129 ὅμαδον
794 1073 872 1117 τὸν
898 1077 977 1134 τῆς
995 1076 1328 1132 Λογγιβαρδίας
1358 1074 1577 1131 πορθμόν

70 1138 366 1200 διανήξασθαι
396 1141 496 1200 ἐνῆν
510 1145 539 1198 ‚·)
585 1139 627 1186 οἱ
657 1142 739 1199 μὲν
780 1145 971 1200 πρῶτοι,
1012 1139 1054 1187 οἱ
1099 1143 1149 1187 δὲ
1187 1140 1401 1199 δεύτεροι,
1445 1141 1487 1187 οἱ
1526 1145 1574 1188 δὲ

70 1209 244 1254 τούτων
284 1204 484 1256 ὄπισθεν
524 1205 598 1255 καὶ
641 1213 843 1270 καθεξῆς
885 1209 927 1255 οἳ
971 1209 1165 1265 ἅπαντες
1209 1210 1289 1256 τὸν
1334 1208 1575 1256 ἀπόπλουν

72 1277 191 1323 οὕτω
222 1276 489 1336 ποιοί-μενοι
518 1279 593 1324 διὰ
622 1283 701 1340 τῆς
730 1275 919 1340 ἦπείρου
948 1278 1196 1340 διήρχοντο.
1251 1286 1494 1339 προηγεῖτο
1526 1281 1575 1325 δὲ

0 1346 260 1394 ἑ15ἑνάστου
289 1346 621 1406 στρατεύματος
650 1347 829 1393 τούτων
868 1345 995 1407 ἇκρίς
1025 1347 1271 1409 ἀμύθητος,
1298 1349 1361 1403 ὠς
1390 1349 1617 1411 ἔφαμεκΒ

72 1415 267 1471 ἅπαντες
294 1420 400 1475 γοῦν
442 1415 568 1474 ἅπαξ
604 1419 676 1462 καὶ
716 1420 785 1472 δὶς
812 1422 947 1463 τοῦτο
978 1417 1254 1477 θεασάμενοι
1285 1417 1575 1476 προδρόμους

72 1483 234 1538 ταύτας
262 1488 354 1530 τῶν
382 1489 614 1543 Φραγγικιῖ
619 1504 643 1529 ν
669 1485 905 1544 ταγμάτων
932 1488 1184 1546 ἐγνώρισαν.
1233 1486 1297 1541 ὥς
1325 1489 1374 1532 δὲ
1403 1485 1576 1545 σπορά-

75 1554 155 1611 δην
181 1553 297 1607 τινὲς
324 1551 404 1598 τὸν
445 1557 524 1614 τῆς
552 1557 886 1612 Λογγιβαρδίας
913 1558 1136 1614 διεπέρων
1172 1552 1254 1616 ἤδη
1290 1554 1520 1614 πορθμὸν,
1550 1554 1575 1600 ὁ

74 1618 362 1679 αὐτοκράτωρ
381 1621 797 1680 μετακαλεσάμενος
822 1643 944 1680 τινας
962 1630 1054 1671 τῶν
1070 1624 1328 1683 Ῥωμαϊκῶν
1347 1623 1579 1683 δυνάμεων

2 1700 63 1742 ‚20
73 1685 294 1750 ἆρχηγούς
319 1690 542 1747 ἐκπέμπει
588 1693 774 1745 τούτους
811 1693 929 1751 πρὸς
969 1693 1026 1739 τά
1068 1695 1180 1754 μέρη
1211 1695 1461 1752 Δυρραχίου
1505 1695 1577 1738 καὶ

73 1756 295 1815 Αὐλῶνος
311 1761 614 1821 ἐντειλάμενος
629 1766 841 1821 δέχεσθαι
857 1764 939 1821 μὲν
954 1768 1194 1823 προσηνῶς
1208 1762 1318 1817 τούς
1332 1765 1578 1818 διαπερῶν-

73 1842 152 1883 τας
197 1828 464 1889 πανηγύρεις
491 1849 541 1876 τε
571 1834 781 1890 δαψιλεῖς
823 1833 872 1889 ἐξ
912 1831 1102 1878 ἁπασῶν
1144 1836 1235 1877 τῶν
1277 1835 1436 1889 χωρῶν
1464 1829 1575 1875 κατὰ

211 1970 244 2005 2.
270 1967 391 2007 τόπον
405 1971 447 2008 G.
503 1976 699 2008 πείθονται
715 1973 758 2008 G.
857 1974 891 2008 4.
917 1971 985 2008 τὸν
1000 1972 1038 2008 C.
1138 1974 1171 2009 8.
1196 1975 1258 2008 καὶ
1284 1984 1356 2008 om.
1370 1972 1414 2008 G.
1472 1983 1516 2017 γε
1534 1971 1578 2015 F,

208 2030 246 2054 τε
273 2018 313 2055 Ρ.
486 2022 542 2056 10.
566 2025 768 2070 γινομένης
790 2022 864 2064 FC,
896 2025 1104 2069 γενομένης
1126 2021 1166 2057 Ρ.
1348 2021 1403 2056 11.
1430 2024 1580 2066 Aoyyo-

208 2067 365 2114 βαρδίας
374 2068 417 2106 P.
442 2070 601 2105 correxi.
690 2066 961 2117 ἐξορμήσαντες
987 2070 1030 2106 G.
1128 2068 1295 2118 ὁμαδὸν]
1319 2070 1360 2105 in
1384 2081 1459 2115 mg.
1485 2081 1532 2104 m.
1555 2070 1579 2103 2

210 2112 350 2163 κραυγή
371 2113 535 2164 θόρυβος
556 2117 599 2153 F.
750 2120 807 2155 18.
833 2119 1031 2166 διεπείρων
1054 2118 1095 2154 G.

74 2241 238 2288 effigiem
262 2244 419 2280 maximi
442 2244 590 2281 faciunt
614 2258 841 2292 aureamque
865 2258 971 2282 suam
997 2246 1218 2282 Chobarem.
1268 2247 1309 2281 at
1345 2245 1578 2281 frumentum

74 2291 122 2327 de
157 2291 380 2328 Christianis
427 2295 683 2340 symbolorum
729 2296 845 2342 periti
886 2295 1241 2342 interpretabantur
1279 2294 1328 2330 ob
1367 2298 1580 2340 temperan-

74 2341 171 2375 tiam
203 2343 243 2376 et
276 2341 474 2378 nutriendi
515 2346 602 2379 vim.
682 2345 738 2379 ita
785 2345 906 2390 igitur
954 2345 1083 2380 vineas
1131 2343 1440 2389 frumentumque
1474 2346 1578 2377 vates

75 2393 311 2434 acceperunt.
375 2394 490 2437 atque
529 2392 622 2428 haec
660 2392 708 2428 de
749 2394 901 2428 vatibus
940 2393 997 2428 ita
1034 2405 1074 2428 se
1099 2393 1284 2428 habeant:
1328 2392 1578 2427 barbarorum

75 2441 201 2473 autem
225 2437 273 2474 de
297 2438 462 2476 adventu
487 2440 580 2477 haec
606 2441 825 2477 adnotanda
849 2445 949 2479 sunt.
1009 2453 1098 2477 sane
1129 2443 1218 2477 novi
1248 2441 1392 2487 aliquid
1416 2440 1579 2486 pruden-

76 2487 193 2521 tiores
216 2487 435 2534 intellegere
463 2490 537 2525 sibi
562 2489 799 2526 videbantur.
843 2502 932 2525 nam
950 2502 1035 2526 cnm
1052 2494 1113 2526 tot
1138 2490 1307 2525 homines
1327 2500 1401 2524 non
1420 2501 1495 2524 una
1511 2500 1579 2524 nec

75 2534 206 2570 eadem
228 2536 291 2571 via
314 2542 516 2584 pergerent
553 2539 635 2585 (qui
675 2540 774 2574 enim
799 2540 895 2575 istae
917 2540 1047 2585 copiae
1088 2551 1132 2574 ex
1170 2538 1328 2574 diversis
1364 2537 1456 2573 locis
1493 2549 1579 2583 pro-

76 2583 196 2619 fectae
222 2583 501 2632 Longibardiae
527 2587 667 2623 fretum
707 2600 781 2623 una
818 2590 1023 2623 transicere
1047 2592 1226 2634 poterant
1235 2587 1266 2631 ‘?)
1310 2586 1423 2622 certis
1462 2586 1578 2621 inter-

76 2632 185 2668 vallis
201 2632 377 2679 deinceps
390 2637 615 2682 transgressi
630 2648 759 2672 omnes
770 2638 1026 2672 continentem
1042 2639 1304 2682 peragrarunt,
1319 2634 1578 2680 praecedente,

76 2684 122 2716 ut
156 2681 250 2726 dixi,
285 2682 444 2728 quodvis
482 2696 616 2731 agmen
650 2684 802 2721 infinita
840 2685 1086 2720 multitudine
1123 2685 1364 2728 locustarum,
1404 2695 1500 2729 quae
1537 2694 1580 2718 re

77 2730 224 2775 saepius
259 2731 457 2767 observata
500 2745 763 2779 praecursores
796 2733 827 2768 F
829 2734 1067 2770 rancieorum
1104 2733 1339 2768 exercituum
1377 2732 1491 2778 vulgo
1516 2743 1578 2767 vo-

76 2778 272 2814 cabantur.
332 2791 418 2816 cum
454 2793 545 2817 vero
585 2783 659 2817 iam
688 2782 840 2828 quidam
866 2783 1004 2828 passim
1031 2781 1310 2828 Longibardiae
1335 2781 1476 2816 fretum
1501 2784 1577 2816 tra-

77 2826 232 2871 icerent,
267 2827 390 2864 mittit
428 2830 636 2876 imperator
677 2831 789 2867 duces
824 2831 1005 2876 quosdam
1042 2830 1202 2865 Romani
1227 2830 1415 2866 exercitus
1439 2829 1576 2875 Dyrra-

77 2875 205 2911 chium
231 2878 271 2911 et
294 2877 480 2913 Aulonem
518 2890 658 2924 versus,
696 2881 763 2926 qui
798 2881 1017 2916 traicientes
1055 2879 1109 2914 ibi
1148 2879 1312 2925 benigne
1358 2879 1576 2923 exciperent

76 2924 199 2970 iisque
221 2924 347 2971 largos
370 2931 601 2964 commeatus
625 2940 672 2964 ex
695 2929 872 2964 omnibus
893 2928 1125 2975 regionibus,
1140 2938 1215 2973 qus.
1240 2927 1341 2963 forte
1366 2927 1441 2962 iter
1453 2929 1575 2973 esset,
