1806 3132
248 212 330 258 548
764 222 942 259 oARom
971 222 1211 259 DUoANen

247 339 340 381 dem
383 352 493 382 anno
536 339 612 382 sub
658 352 840 383 mensem
886 338 1054 382 Octobr.
1100 337 1306 393 Rogerius
1358 336 1470 380 filius
1519 337 1732 380 Ducatum

246 396 428 450 Apuliae
467 396 643 451 adeptus
680 396 781 450 erat,
826 396 875 438 ut,
922 395 1038 450 patet
1077 407 1122 437 ex
1162 394 1291 437 veteri
1330 394 1584 449 Diplomate,
1623 393 1734 449 quod

246 452 466 507 descripsit
495 453 701 509 Ughellus
738 453 783 495 in
814 451 1148 506 Archiepiseopis
1181 450 1470 494 Salernitanis.
1513 450 1574 493 At
1610 450 1733 503 diem,

247 522 328 564 quo
361 509 545 562 excessit,
577 510 698 553 notat
723 508 1027 552 Kalendarium
1050 507 1090 551 S.
1112 507 1310 550 Maurieii
1341 507 1502 563 Andeg.
1524 518 1623 551 XVI.
1646 507 1732 550 KL.

244 565 356 622 Auq.
401 566 462 609 ob.
501 566 713 610 Robertus
753 566 1015 620 fortissimus
1052 564 1157 607 Duoe
1196 563 1422 607 Calabriae
1459 567 1499 607 et
1536 563 1734 618 Apuliae.

245 623 295 665 In
323 623 562 678 sequentem
594 636 690 667 vero
721 623 857 666 reiicit
883 621 1183 676 Neerologium
1205 621 1483 673 Molismense,
1514 621 1624 664 diem
1654 621 1735 663 sei-

244 679 344 778 {im
368 680 431 723 15.
464 680 534 723 ΚΙ.
566 680 748 736 August.
782 679 827 722 in
856 679 968 734 ipsas
998 678 1087 720 ΚΒ.
1119 677 1230 733 Aug.
1255 677 1491 721 Chronicon
1511 677 1735 732 Amalphi-

267 749 408 780 anum.

198 806 232 841 D
386 803 459 861 Τῷ
488 798 570 860 υἱῷ
599 798 761 860 αὐτοῦ]
795 803 1047 846 Guillelmus
1078 802 1204 857 Apul.
1225 803 1298 846 lib.
1321 803 1361 845 5.

383 881 537 927 Castra
566 882 760 938 Roqerus
789 882 881 926 adit
901 883 1047 936 patris
1077 883 1351 937 interitusque
1376 882 1549 936 paterni

378 939 547 982 Notitia
570 939 779 994 populum
810 939 1088 982 communicat
1116 939 1273 982 anxius
1301 952 1463 982 omnem

384 994 694 1051 Consiliumque
714 997 836 1050 petit,
861 996 1127 1050 privandum
1156 1009 1335 1050 namque
1360 996 1532 1050 fatetur,

378 1053 441 1095 Ni
469 1054 615 1096 redeat
636 1067 834 1107 propere,
866 1066 910 1096 se
937 1053 1049 1096 iuris
1074 1053 1230 1096 honore
1250 1054 1441 1106 paterni,

379 1110 619 1153 Haeredem
650 1111 769 1153 cuius
791 1113 921 1164 pater
950 1110 1059 1152 hunc
1085 1110 1307 1164 indixerat
1336 1123 1434 1152 esse.
1461 1160 1464 1163 ,

379 1166 457 1209 Illi
480 1168 737 1220 promittunt
767 1180 907 1210 omnes
937 1180 981 1209 se
1014 1167 1136 1209 corde
1163 1166 1295 1220 fideli,

380 1222 500 1268 Sicut
523 1224 757 1267 servierant
777 1224 913 1278 patri,
948 1224 1106 1266 servire
1132 1226 1327 1277 paratos.

380 1280 531 1336 Sicque
559 1281 778 1324 coadiutor
808 1280 1142 1335 transqressibus
1171 1281 1366 1334 aequoris
1394 1279 1484 1323 illis

389 1337 618 1382 Unanimes
649 1338 850 1393 roqitant,
874 1338 1036 1392 populo
1062 1338 1177 1391 favet
1205 1337 1279 1380 ille
1308 1337 1481 1393 roqanti
1510 1340 1582 1379 etc.

202 1431 234 1467 D
381 1427 408 1464 I
411 1420 544 1476 bc'i‘w]
582 1422 830 1478 Sigelgaita,
862 1422 948 1466 sive
980 1422 1227 1478 Sikelgaita,
1256 1422 1304 1464 ut
1322 1422 1501 1477 ipsamet
1521 1421 1565 1463 in
1587 1420 1734 1475 Diplo-

246 1480 372 1534 mate,
415 1479 525 1535 quod
558 1479 674 1522 extat
710 1479 822 1534 apud
851 1479 1078 1535 Ughellum
1113 1478 1288 1522 Tom.8.
1321 1479 1420 1522 Ital.
1454 1478 1606 1522 Sacrae
1636 1490 1731 1532 pag.

247 1538 341 1580 395.
373 1550 416 1580 se
446 1536 649 1579 nominat.
682 1535 932 1579 Guillelmus
962 1536 1224 1591 Apuliensis:

456 1603 572 1648 Umor
600 1604 651 1647 ab
682 1603 820 1647 Italia
848 1618 936 1647 non
965 1604 1095 1647 multo
1125 1607 1297 1647 venerat
1326 1607 1435 1658 ante,

448 1660 509 1704 Et
538 1661 692 1705 castris
721 1661 883 1711 aderat,
914 1660 1015 1704 dum
1043 1661 1137 1704 nati
1166 1665 1308 1704 castra
1337 1662 1483 1704 revisit

448 1718 554 1761 Dux
583 1718 733 1772 quibus
759 1718 920 1761 exierat
941 1717 1105 1772 populo
1138 1731 1230 1760 cum
1262 1717 1393 1761 classe
1420 1719 1576 1762 relicto.

448 1775 567 1819 Haec
593 1775 665 1817 ubi
694 1774 925 1818 Robertum
955 1775 1147 1830 coqnovit
1170 1774 1428 1829 febricitare,

448 1832 504 1875 In
533 1846 613 1887 quo
641 1835 729 1874 tota
757 1833 826 1874 sui
853 1845 951 1886 spes
980 1835 1083 1884 erat,
1112 1835 1160 1874 ut
1179 1835 1281 1885 pote
1313 1835 1431 1875 tanto

451 1887 649 1944 Coniuqe,
680 1889 871 1932 discissis
893 1888 1001 1941 flens
1030 1888 1223 1943 vestibus,
1255 1888 1500 1932 acceleratis

451 1946 655 1989 Cursibus
685 1946 859 1989 accessit
889 1949 961 1989 etc.

7 2034 232 2081 Pag.163.A
381 2024 594 2081 Μεγίστῳ
610 2020 822 2080 κλύδωνι]
841 2025 963 2068 Hanc
977 2025 1271 2080 tempestatem
1290 2025 1439 2081 attigit
1461 2025 1590 2068 etiam
1613 2024 1735 2068 Guil-

244 2083 395 2127 lelmus
416 2082 670 2137 Apuliensis,
699 2082 747 2124 ut
768 2082 808 2124 et
829 2082 1112 2138 naufragium,
1146 2082 1257 2137 quod
1284 2095 1450 2137 passam
1472 2094 1557 2125 esse
1578 2082 1735 2137 navim,

247 2153 353 2195 quae
383 2140 561 2183 vehebat
590 2139 764 2182 Roberti
794 2151 954 2193 eorpus,
987 2139 1182 2182 observat
1211 2139 1360 2182 Anna:

381 2213 555 2268 Iamque
583 2216 698 2256 rates
724 2212 899 2266 fuerant
931 2226 1049 2256 secus
1077 2211 1254 2267 Appula
1283 2212 1429 2256 littora
1460 2213 1620 2269 ductae,

386 2270 626 2324 Tempestas
652 2270 858 2312 tumidum
885 2271 1022 2324 quatit
1048 2270 1331 2313 intolerabilis
1355 2283 1528 2325 aequor,

381 2327 673 2382 Naufraqium
695 2327 818 2380 passi
846 2326 1116 2381 quamplures
1144 2330 1244 2370 sunt
1270 2327 1330 2370 ibi
1356 2330 1526 2380 nautae,

381 2383 495 2427 Pars
523 2383 737 2427 hominum
766 2397 859 2426 cum
890 2383 1022 2427 classe
1042 2384 1174 2439 perit,
1201 2384 1424 2439 fractaque
1446 2383 1649 2438 procellis

384 2440 476 2494 Qua
498 2440 641 2494 fuerat
670 2454 822 2494 corpus
849 2441 1066 2483 humatum
1094 2440 1244 2493 nobile,
1273 2441 1386 2492 navi,

380 2497 436 2539 In
465 2511 582 2540 mare
611 2497 832 2551 delapsum
861 2511 948 2541 non
979 2498 1132 2552 absque
1162 2497 1304 2541 labore
1329 2497 1509 2541 cadaver

384 2553 656 2608 Extrahitur,
682 2554 820 2607 foetor
847 2568 899 2597 ne
927 2555 1106 2609 prodeat
1134 2554 1234 2597 inde
1263 2554 1447 2597 nocivus.

391 2610 565 2654 Viscera
594 2625 744 2665 corque
769 2610 903 2654 Ducis
929 2611 1176 2654 subhumari
1205 2611 1329 2654 iussit
1358 2609 1581 2666 Hydrunti

383 2666 591 2710 Praedita
620 2668 811 2711 consiliis
838 2682 1001 2722 semper
1022 2668 1305 2722 prudentibus
1335 2681 1455 2722 uoeor,

383 2722 443 2766 Et
473 2724 602 2766 multo
631 2724 839 2779 reliquum
866 2725 1053 2768 condunt
1084 2729 1272 2768 aromate
1300 2738 1463 2778 corpus.

385 2779 499 2823 Hinc
525 2781 743 2834 deportari
781 2782 1037 2825 Venusinam
1061 2782 1162 2836 fecit
1191 2782 1250 2825 ad
1278 2782 1435 2834 urbem,

387 2835 480 2890 Qua
505 2837 681 2891 fuerant
704 2838 893 2892 fratrum
926 2842 1164 2883 constructa
1191 2838 1414 2894 sepulchra
1433 2837 1646 2892 priorum.
