1768 3152
180 211 235 255 30
699 221 866 256 ANNAE
895 220 1164 256 GOMNENAE

178 332 494 394 κατώρθωκεν.
533 332 687 394 ὥσπερ
709 332 793 393 γάρ
815 352 912 379 τινα
932 335 1065 380 θείαν
1085 330 1234 395 ὄμφτν
1255 334 1495 392 ἐνθέμενος
1515 333 1579 389 εἶς
1598 335 1677 388 τὰς

176 402 387 449 ἁπάντων
407 402 555 463 ψυχὰς
584 402 689 457 τούς
720 401 1011 462 ὁπουδήποτε
1043 401 1243 456 Κελτούς
1271 397 1405 449 ἄλλον
1424 398 1675 460 ἀλλαχόθεν

23 483 66 520 V.
93 473 261 520 22501321
295 470 456 526 ὅπλοις
485 474 558 517 καὶ
587 473 752 526 ἵπποις
796 473 869 516 καὶ
915 475 969 532 τῇ
1004 473 1142 533 λοιπῇ
1176 473 1256 517 τοῦ
1299 472 1500 530 πολέμου
1530 488 1675 531 παρα-

177 545 310 603 σκευῇ
355 542 737 599 συναθροίζεσθαι
789 538 1103 599 παρεσκεύαζε.
1169 542 1365 586 κάκεῖνοι
1411 541 1492 599 μὲν
1532 539 1675 595 οὕτως

177 607 297 667 εἶχον
329 611 594 669 προθυμίας
622 627 671 654 τε
702 610 774 654 καὶ
806 608 947 669 ὁρμῆς
976 611 1049 654 καὶ
1070 613 1194 655 πᾶσα
1223 607 1460 671 λεωφόρος
1488 608 1710 664 τούτους5

178 675 288 735 εἶχε·
338 677 550 739 συνεπῄει
588 679 636 723 δὲ
675 682 772 732 τοῖς
815 675 1108 735 στρατιώταις
1148 679 1333 733 ἐκείνοις
1365 680 1558 733 Κελτοῖς
1601 680 1676 724 καὶ

177 747 315 807 ψιλὸν
342 746 456 806 ὑπὲρ
486 745 564 809 τὴν
594 742 746 804 ἄμμον
774 748 846 791 καὶ
864 746 919 791 τὰ
939 742 1085 805 ἄστρα
1106 748 1294 806 πλῆθος
1312 748 1517 808 φοίνικας
1537 749 1676 809 φέρον

177 818 250 862 καὶ
282 816 499 873 σταυροὺς
533 817 603 861 ἐπ’
638 811 784 874 ὤμων,
816 813 970 874 γύναιά
999 834 1047 861 τε
1078 817 1152 860 καὶ
1183 817 1313 861 τέκνα
1338 820 1429 862 τῶν
1459 819 1591 878 σφῶν
1613 818 1678 874 ἐξ·

179 883 434 944 εληλυθότα
462 886 632 944 χωρῶν.
692 886 763 930 καὶ
791 877 844 946 ἦν
875 883 989 942 ὁρᾶν
1014 880 1177 938 αὖτοὺς
1197 883 1409 944 καθάπερ
1440 886 1561 941 τινὰς
1590 904 1676 932 πο-

140 954 345 1012 Οταμούς
379 952 695 1010 ἁπανταχόθεν
743 956 1009 1012 συρρέοντας
1056 956 1128 999 καὶ
1166 953 1238 1000 διὰ
1275 957 1367 1000 τῶν
1410 959 1572 1001 Δακῶν
1617 954 1679 1010 ὥς
1693 971 1738 1006 10

180 1024 348 1069 ἐπίπαν
389 1021 520 1084 [πρὸς
550 1022 643 1083 τὰς]
689 1021 807 1079 πρὸς
850 1021 965 1084 ἡμᾶς
1015 1024 1340 1082 ἐπερχομένους
1385 1027 1677 1086 πανστρατιᾷ.

178 1089 467 1151 προηγήσατο
499 1092 547 1137 δὲ
577 1094 656 1152 τῆς
686 1095 776 1136 τῶν
803 1090 1034 1137 τοσούτων
1054 1094 1174 1137 λαῶν
1195 1090 1410 1147 ἐλεύσεως
1429 1090 1559 1152 α’κρὶς
1588 1097 1679 1139 τῶν

177 1161 259 1218 μὲν
288 1164 444 1218 πυρῶν
474 1156 744 1219 ἀπεχομένη,
777 1159 882 1214 τούς
926 1161 974 1206 δὲ
1019 1156 1288 1218 ἀμπελῶνας
1333 1164 1489 1216 δεινῶς
1523 1180 1679 1209 κατεσ-

179 1230 361 1275 θίουσα.
421 1222 476 1288 ἦν
504 1230 540 1273 δ’
573 1224 658 1286 ἄρα
701 1233 835 1275 τοῦτο
868 1227 1112 1287 σύμβολον,
1152 1227 1214 1284 οἷς
1245 1229 1286 1275 οἳ
1319 1228 1422 1276 τότε
1458 1233 1680 1290 σύμβολο-

179 1295 358 1355 μάντεις
375 1293 748 1355 ἆπεμαντεύοντο,
781 1296 841 1351 (ὗς
861 1296 887 1357 ἡ
910 1297 1077 1358 ἔφοδος
1107 1306 1186 1344 τοῦ
1216 1298 1434 1346 τοσούτου
1459 1302 1679 1346 Κελτικοῦ
1693 1315 1737 1350 15

180 1364 509 1424 στρατεύματος
538 1373 626 1411 τῶν
654 1367 734 1424 μὲν
751 1370 1080 1424 Χριστιανικῶν
1110 1366 1383 1427 πραγμάτιον
1410 1365 1676 1429 ἀπόσχηται,

180 1438 336 1489 δεινῶς
365 1437 402 1480 δ’
436 1436 681 1494 ἕπιβρίσειε
723 1437 834 1480 κατὰ
862 1438 953 1481 τῶν
981 1434 1219 1495 βαρβάρων
1246 1433 1527 1498 Ἰσμαηλιτῶν
1555 1440 1678 1499 μέθῃ

179 1506 254 1550 καὶ
293 1502 398 1564 οἴνῳ
444 1506 517 1550 καὶ
560 1508 624 1564 τῷ
665 1503 869 1565 Διονύσῳ
911 1503 1278 1553 δεδουλευκότων.
1338 1509 1472 1553 τοῦτο
1515 1508 1594 1566 γὰρ
1624 1508 1676 1554 τὸ

181 1574 304 1632 γένος
334 1571 536 1633 Διονύσῳ
583 1592 631 1618 τε
677 1572 852 1619 ὑπείκει
889 1576 962 1619 καὶ
994 1570 1157 1633 ’Έρωτι
1202 1577 1276 1620 καὶ
1312 1574 1430 1635 πρὸς
1464 1578 1680 1631 παντοίας

137 1659 169 1694 D
180 1644 322 1701 μίξεις
351 1641 729 1703 καταφορώτατον
765 1645 838 1688 καὶ
873 1643 933 1703 μὴ
967 1643 1436 1703 συμπεριτεμνόμενον
1466 1649 1521 1708 τῇ
1550 1647 1678 1707 σαρκὶ
1691 1663 1739 1698 20

180 1713 253 1757 καὶ
283 1710 337 1756 τὰ
366 1709 511 1771 πάθη.
557 1714 630 1757 καὶ
649 1711 770 1758 ἔστιν
801 1708 928 1758 οὕδὲν
959 1707 1066 1758 ἄλλο
1098 1711 1124 1774 ἢ
1154 1716 1314 1760 δοῦλον
1343 1716 1417 1760 καὶ
1445 1717 1679 1774 τρίδουλον

179 1783 270 1826 τῶν
298 1784 380 1840 τῆς
408 1776 680 1841 Ἀφροδίτης
709 1783 868 1827 κακῶν.
930 1781 1065 1827 ἔνθεν
1101 1801 1173 1828 τοι
1208 1785 1283 1829 καὶ
1320 1782 1403 1844 τήν
1430 1780 1679 1844 Ἀστάρτην

318 1893 350 1927 1.
383 1888 633 1939 κατώρθωκεν
664 1892 736 1935 FC,
775 1890 1017 1941 κατόρθωκεν
1047 1895 1089 1931 Ρ.
1343 1895 1376 1932 8.
1416 1895 1478 1932 ἐπ’
1518 1907 1591 1933 om.
1633 1895 1676 1932 G.

318 1942 374 1976 11.
399 1939 494 1988 πρὸς
521 1939 584 1980 τὰς
609 1942 754 1978 seclusi.
895 1943 1166 1992 ἐπερχομένοις
1191 1943 1235 1980 G.
1374 1943 1607 1992 πανστρατιά
1634 1944 1677 1981 F.

318 1990 374 2025 12.
401 1986 577 2029 ἐλεύσεως
605 1990 647 2036 F,
671 1987 898 2030 ἐπελεύσεως
923 1992 963 2028 Ρ.
1121 1995 1177 2029 14.
1202 1993 1308 2028 τοῦτο
1337 1991 1378 2028 τὸ
1404 1993 1445 2040 P,
1468 1993 1511 2029 τὸ
1537 2006 1609 2030 om.
1639 1994 1696 2031 C.-

317 2040 373 2074 15.
398 2038 463 2073 τοῦ
489 2034 681 2085 τοσούτου]
707 2042 806 2074 τουτὶ
831 2041 894 2074 τοῦ
921 2040 964 2076 G.
1109 2043 1165 2077 20.
1193 2038 1486 2090 καταφορώταῐα
1512 2043 1555 2079 G.

179 2143 359 2168 renorum
381 2133 555 2169 manibus
581 2133 728 2179 eripere
754 2134 968 2170 studeant.’'
1022 2147 1092 2172 nec
1115 2135 1320 2172 infeliciter
1343 2146 1426 2172 rem
1450 2135 1577 2183 gessit.
1627 2138 1680 2172 et-

180 2181 281 2216 enim
306 2181 474 2217 omnium
502 2182 637 2217 animis
664 2183 771 2228 quasi
795 2182 960 2218 divinam
977 2195 1104 2220 vocem
1122 2184 1331 2220 immittens
1350 2184 1483 2230 effecit,
1509 2188 1554 2221 ut
1568 2185 1679 2222 undi-

181 2242 253 2275 que
297 2229 395 2265 Galli
443 2230 537 2266 alius
574 2230 727 2267 aliunde
766 2242 850 2267 cum
891 2233 1004 2267 armis
1041 2233 1147 2279 equis
1186 2233 1330 2280 reliquo
1365 2233 1454 2269 belli
1491 2236 1679 2281 apparatu

181 2278 394 2315 affluerent:
423 2281 531 2315 tanta
546 2278 620 2314 fuit
637 2280 979 2316 illorum‘alacritas
994 2283 1106 2327 atque
1124 2282 1298 2329 impetus.
1338 2293 1465 2318 omnes
1482 2284 1576 2319 adeo
1596 2283 1678 2319 viae

180 2326 355 2372 publicae
381 2327 429 2362 ab
442 2327 489 2362 iis
514 2328 756 2374 terebant-um
784 2340 826 2365 ac
842 2328 1181 2374 proficiscebantur
1208 2343 1283 2377 nna
1299 2342 1384 2367 cum
1399 2331 1591 2368 Gallorum
1609 2332 1678 2367 mi-

181 2375 314 2410 litibus
351 2376 511 2412 inermes
536 2388 695 2423 quoque,
728 2377 904 2413 mulieres
941 2379 1124 2425 puerique
1158 2380 1284 2425 patria.
1316 2380 1402 2416 sede
1436 2380 1586 2426 relicta,
1613 2380 1679 2427 qui

180 2423 427 2459 multitudine
451 2424 631 2460 harenam
657 2427 832 2471 astraque
871 2427 1068 2462 anteibant
1101 2429 1237 2464 rubras
1269 2428 1309 2464 in
1339 2429 1505 2465 humeris
1530 2432 1680 2475 gestan-

181 2475 238 2507 tes
264 2484 406 2508 cruces.
455 2475 569 2519 atque
594 2474 715 2509 instar
740 2474 906 2509 amnium
936 2475 1101 2521 undique
1133 2476 1406 2513 confluentium
1430 2489 1499 2524 per
1524 2478 1679 2514 Daciam

181 2521 369 2566 imprimis
395 2521 444 2556 ad
469 2534 537 2558 nos
563 2533 692 2558 omnes
716 2523 933 2559 veniebant.
985 2527 1044 2560 tot
1070 2525 1297 2571 populorum
1328 2525 1534 2562 adventum
1559 2526 1680 2562 locus-

181 2576 244 2604 tae
267 2570 556 2615 praecedebant,
582 2583 676 2616 quae
696 2572 886 2617 segetibus
904 2576 1102 2618 parcentes
1128 2574 1224 2610 solas
1244 2575 1284 2610 in
1301 2575 1427 2611 vineas
1449 2575 1678 2611 saeviebant.

182 2629 277 2663 quae
302 2629 364 2654 res
394 2618 650 2665 significabat,
682 2622 726 2654 ut
752 2622 857 2655 vates
884 2622 1165 2669 praesagivere,
1198 2622 1266 2658 hos
1292 2622 1457 2660 Gallicos
1489 2623 1678 2660 exercitus

181 2669 456 2712 temperaturos
482 2680 504 2703 a
521 2667 756 2714 Christianis,
786 2668 960 2704 barbaris
984 2673 1110 2706 autem
1125 2671 1325 2707 Ismaelitis
1340 2672 1516 2708 ebrietati
1533 2684 1577 2709 ac
1589 2672 1679 2708 vino

181 2714 404 2761 Bacchoque
419 2716 555 2751 deditis
568 2716 737 2763 graviter
753 2718 948 2753 nocituros
962 2729 1051 2754 esse.
1081 2731 1124 2755 ea
1140 2721 1240 2755 enim
1257 2732 1348 2766 gens
1364 2721 1515 2757 Baccho
1525 2720 1678 2757 Veneri-

182 2774 254 2809 que
268 2763 433 2800 obnoxia
446 2764 683 2811 maximeque
698 2764 745 2800 ad
760 2765 923 2801 cuiusvis
936 2767 1091 2812 generis,
1106 2769 1329 2805 concubitus
1341 2781 1463 2815 prona
1477 2771 1536 2805 est
1550 2781 1620 2806 nec
1635 2770 1679 2805 li-

180 2811 350 2848 bidinem
363 2824 448 2849 cum
462 2824 575 2849 carne
589 2813 837 2859 circumcidit,
852 2826 982 2850 verum
995 2815 1253 2862 perditissima
1267 2818 1489 2854 estVeneris
1497 2818 1680 2855 vitiorum

182 2871 301 2898 serva.
330 2860 420 2898 hinc
433 2862 618 2899 Astarten
637 2873 786 2910 quoque
804 2865 843 2899 et
857 2863 1041 2901 Astaroth
1058 2865 1220 2903 adorant
1237 2866 1458 2915 coluntque3
1485 2869 1568 2903 tum
1586 2867 1678 2904 astri
