<?xml version="1.0" encoding="UTF-8"?>
<!DOCTYPE html PUBLIC "-//W3C//DTD XHTML 1.0 Transitional//EN"
    "http://www.w3.org/TR/xhtml1/DTD/xhtml1-transitional.dtd">
<html xmlns="http://www.w3.org/1999/xhtml" xml:lang="en" lang="en">
 <head>
  <title>
</title>
<meta http-equiv="Content-Type" content="text/html;charset=utf-8" />
  <meta name='ocr-system' content='tesseract 3.04.00' />
  <meta name='ocr-capabilities' content='ocr_page ocr_carea ocr_par ocr_line ocrx_word'/>
</head>
<body>
  <div class='ocr_page' id='page_1' title='image "./corpusscriptorum03niebuoft/corpusscriptorum03niebuoft_0625.png"; bbox 0 0 1806 3132; ppageno 0'>
   <div class='ocr_carea' id='block_1_1' title="bbox 518 233 1533 278">
    <p class='ocr_par' dir='ltr' id='par_1_1' title="bbox 518 233 1533 278">
     <span class='ocr_line' id='line_1_1' title="bbox 518 233 1533 278; baseline 0.01 -10"><span class='ocrx_word' id='word_1_1' title='bbox 518 234 574 269; x_wconf 78' lang='lat' dir='ltr'><em>m</em></span> <span class='ocrx_word' id='word_1_2' title='bbox 598 233 886 270; x_wconf 70' lang='lat' dir='ltr'><em>mmm</em></span> <span class='ocrx_word' id='word_1_3' title='bbox 913 237 1075 273; x_wconf 67' lang='lat' dir='ltr'><em>Noun</em></span> <span class='ocrx_word' id='word_1_4' title='bbox 1450 233 1533 278; x_wconf 87' lang='grc'><em>607</em></span> 
     </span>
    </p>
   </div>
   <div class='ocr_carea' id='block_1_2' title="bbox 261 346 1388 465">
    <p class='ocr_par' dir='ltr' id='par_1_2' title="bbox 261 346 1388 465">
     <span class='ocr_line' id='line_1_2' title="bbox 261 346 1315 406; baseline 0.007 -16"><span class='ocrx_word' id='word_1_5' title='bbox 261 346 350 391; x_wconf 81' lang='lat' dir='ltr'><em>Nec</em></span> <span class='ocrx_word' id='word_1_6' title='bbox 380 350 521 391; x_wconf 77' lang='lat' dir='ltr'><em>tamen</em></span> <span class='ocrx_word' id='word_1_7' title='bbox 546 347 707 392; x_wconf 79' lang='lat' dir='ltr'><em>interea</em></span> <span class='ocrx_word' id='word_1_8' title='bbox 734 353 867 392; x_wconf 77' lang='lat' dir='ltr'><em>cessat</em></span> <span class='ocrx_word' id='word_1_9' title='bbox 895 350 1061 403; x_wconf 82' lang='lat' dir='ltr'><em>balista,</em></span> <span class='ocrx_word' id='word_1_10' title='bbox 1090 352 1155 395; x_wconf 82' lang='lat' dir='ltr'><em>vel</em></span> <span class='ocrx_word' id='word_1_11' title='bbox 1180 367 1315 406; x_wconf 78' lang='lat' dir='ltr'><em>arcus,</em></span> 
     </span>
     <span class='ocr_line' id='line_1_3' title="bbox 264 403 1388 465; baseline 0.007 -19"><span class='ocrx_word' id='word_1_12' title='bbox 264 403 514 458; x_wconf 77' lang='lat' dir='ltr'><em>Quadrellos</em></span> <span class='ocrx_word' id='word_1_13' title='bbox 541 403 642 447; x_wconf 74' lang='lat' dir='ltr'><em>haec</em></span> <span class='ocrx_word' id='word_1_14' title='bbox 669 405 936 460; x_wconf 77' lang='lat' dir='ltr'><em>multiplicat,</em></span> <span class='ocrx_word' id='word_1_15' title='bbox 953 408 1072 462; x_wconf 78' lang='lat' dir='ltr'><em>pluit</em></span> <span class='ocrx_word' id='word_1_16' title='bbox 1099 409 1171 452; x_wconf 83' lang='lat' dir='ltr'><em>ille</em></span> <span class='ocrx_word' id='word_1_17' title='bbox 1200 412 1388 465; x_wconf 76' lang='lat' dir='ltr'><em>sayittas.</em></span> 
     </span>
    </p>
   </div>
   <div class='ocr_carea' id='block_1_3' title="bbox 59 471 1535 1046">
    <p class='ocr_par' dir='ltr' id='par_1_3' title="bbox 60 471 1535 629">
     <span class='ocr_line' id='line_1_4' title="bbox 62 471 1534 533; baseline 0.005 -18"><span class='ocrx_word' id='word_1_18' title='bbox 62 471 113 516; x_wconf 79' lang='lat' dir='ltr'>G.</span> <span class='ocrx_word' id='word_1_19' title='bbox 134 471 186 515; x_wconf 88' lang='lat' dir='ltr'><em>de</em></span> <span class='ocrx_word' id='word_1_20' title='bbox 203 471 335 515; x_wconf 91' lang='lat' dir='ltr'><em>Podio</em></span> <span class='ocrx_word' id='word_1_21' title='bbox 365 471 487 515; x_wconf 85' lang='lat' dir='ltr'><em>Laur.</em></span> <span class='ocrx_word' id='word_1_22' title='bbox 516 484 606 526; x_wconf 86' lang='lat' dir='ltr'><em>cap.</em></span> <span class='ocrx_word' id='word_1_23' title='bbox 627 472 695 514; x_wconf 89' lang='grc'><em>37.</em></span> <span class='ocrx_word' id='word_1_24' title='bbox 726 472 928 517; x_wconf 79' lang='lat' dir='ltr'><strong><em>Mortuus</em></strong></span> <span class='ocrx_word' id='word_1_25' title='bbox 955 479 1015 518; x_wconf 84' lang='lat' dir='ltr'><em>est</em></span> <span class='ocrx_word' id='word_1_26' title='bbox 1042 476 1127 519; x_wconf 77' lang='lat' dir='ltr'><em>ictu</em></span> <span class='ocrx_word' id='word_1_27' title='bbox 1156 478 1374 531; x_wconf 74' lang='lat' dir='ltr'><em>quadr-elli.</em></span> <span class='ocrx_word' id='word_1_28' title='bbox 1420 478 1534 533; x_wconf 76' lang='lat' dir='ltr'><em>Qua-</em></span> 
     </span>
     <span class='ocr_line' id='line_1_5' title="bbox 60 527 1535 628; baseline 0.005 -57"><span class='ocrx_word' id='word_1_29' title='bbox 60 527 189 628; x_wconf 54' lang='grc' dir='ltr'><em>’ἔασε</em></span> <span class='ocrx_word' id='word_1_30' title='bbox 217 527 323 571; x_wconf 85' lang='lat' dir='ltr'><em>dixit</em></span> <span class='ocrx_word' id='word_1_31' title='bbox 350 527 563 584; x_wconf 84' lang='lat' dir='ltr'><em>Rigordus</em></span> <span class='ocrx_word' id='word_1_32' title='bbox 600 541 684 571; x_wconf 90' lang='lat' dir='ltr'><em>non</em></span> <span class='ocrx_word' id='word_1_33' title='bbox 714 530 853 582; x_wconf 90' lang='lat' dir='ltr'><em>semel,</em></span> <span class='ocrx_word' id='word_1_34' title='bbox 898 532 939 573; x_wconf 89' lang='lat' dir='ltr'><em>et</em></span> <span class='ocrx_word' id='word_1_35' title='bbox 968 531 1100 575; x_wconf 89' lang='lat' dir='ltr'><em>Math.</em></span> <span class='ocrx_word' id='word_1_36' title='bbox 1133 532 1264 576; x_wconf 90' lang='lat' dir='ltr'><em>Paris.</em></span> <span class='ocrx_word' id='word_1_37' title='bbox 1286 534 1354 578; x_wconf 90' lang='lat' dir='ltr'><em>W.</em></span> <span class='ocrx_word' id='word_1_38' title='bbox 1380 534 1535 579; x_wconf 76' lang='lat' dir='ltr'><em>Guiart</em></span> 
     </span>
     <span class='ocr_line' id='line_1_6' title="bbox 103 594 340 629; baseline -0.008 0"><span class='ocrx_word' id='word_1_39' title='bbox 103 620 113 629; x_wconf 92' lang='lat'>.</span> <span class='ocrx_word' id='word_1_40' title='bbox 142 594 340 629; x_wconf 76' lang='lat' dir='ltr'>Mccnv.</span> 
     </span>
    </p>

    <p class='ocr_par' dir='ltr' id='par_1_4' title="bbox 258 640 980 687">
     <span class='ocr_line' id='line_1_7' title="bbox 258 640 980 687; baseline 0.006 -4"><span class='ocrx_word' id='word_1_41' title='bbox 258 641 304 684; x_wconf 81' lang='lat' dir='ltr'><strong><em>A</em></strong></span> <span class='ocrx_word' id='word_1_42' title='bbox 332 643 427 684; x_wconf 85' lang='lat' dir='ltr'><em>tant</em></span> <span class='ocrx_word' id='word_1_43' title='bbox 451 640 622 684; x_wconf 79' lang='lat' dir='ltr'><em>tendent</em></span> <span class='ocrx_word' id='word_1_44' title='bbox 649 641 701 685; x_wconf 82' lang='lat' dir='ltr'><em>de</em></span> <span class='ocrx_word' id='word_1_45' title='bbox 724 645 817 685; x_wconf 81' lang='lat' dir='ltr'><em>toas</em></span> <span class='ocrx_word' id='word_1_46' title='bbox 847 647 980 687; x_wconf 72' lang='lat' dir='ltr'><em>costee</em></span> 
     </span>
    </p>

    <p class='ocr_par' dir='ltr' id='par_1_5' title="bbox 259 696 822 755">
     <span class='ocr_line' id='line_1_8' title="bbox 259 696 822 755; baseline 0.004 -15"><span class='ocrx_word' id='word_1_47' title='bbox 259 698 356 741; x_wconf 75' lang='lat' dir='ltr'><em>Ans</em></span> <span class='ocrx_word' id='word_1_48' title='bbox 384 696 614 740; x_wconf 79' lang='lat' dir='ltr'><em>arbalestes</em></span> <span class='ocrx_word' id='word_1_49' title='bbox 642 698 822 755; x_wconf 82' lang='lat' dir='ltr'><em>devaler,</em></span> 
     </span>
    </p>

    <p class='ocr_par' dir='ltr' id='par_1_6' title="bbox 59 753 1039 866">
     <span class='ocr_line' id='line_1_9' title="bbox 258 753 1039 809; baseline 0.004 -12"><span class='ocrx_word' id='word_1_50' title='bbox 258 753 322 797; x_wconf 84' lang='lat' dir='ltr'><em>Et</em></span> <span class='ocrx_word' id='word_1_51' title='bbox 340 754 445 808; x_wconf 78' lang='lat' dir='ltr'><em>puis</em></span> <span class='ocrx_word' id='word_1_52' title='bbox 473 753 649 797; x_wconf 79' lang='lat' dir='ltr'><em>laissent</em></span> <span class='ocrx_word' id='word_1_53' title='bbox 677 756 891 809; x_wconf 68' lang='lat' dir='ltr'><em>quar-iam:</em></span> <span class='ocrx_word' id='word_1_54' title='bbox 921 757 1039 800; x_wconf 79' lang='lat' dir='ltr'><em>aller.</em></span> 
     </span>
     <span class='ocr_line' id='line_1_10' title="bbox 59 821 587 866; baseline 0 -1"><span class='ocrx_word' id='word_1_55' title='bbox 59 821 177 865; x_wconf 84' lang='lat' dir='ltr'>Idem</span> <span class='ocrx_word' id='word_1_56' title='bbox 205 821 253 865; x_wconf 91' lang='lat' dir='ltr'><em>in</em></span> <span class='ocrx_word' id='word_1_57' title='bbox 281 821 323 866; x_wconf 88' lang='lat' dir='ltr'><em>S.</em></span> <span class='ocrx_word' id='word_1_58' title='bbox 352 821 587 865; x_wconf 84' lang='lat' dir='ltr'><em>Ludovico:</em></span> 
     </span>
    </p>

    <p class='ocr_par' dir='ltr' id='par_1_7' title="bbox 258 877 1098 937">
     <span class='ocr_line' id='line_1_11' title="bbox 258 877 1098 937; baseline 0.006 -16"><span class='ocrx_word' id='word_1_59' title='bbox 258 878 445 922; x_wconf 82' lang='lat' dir='ltr'><em>Messire</em></span> <span class='ocrx_word' id='word_1_60' title='bbox 472 877 630 932; x_wconf 82' lang='lat' dir='ltr'><em>Alfons</em></span> <span class='ocrx_word' id='word_1_61' title='bbox 657 893 718 922; x_wconf 82' lang='lat' dir='ltr'><em>un</em></span> <span class='ocrx_word' id='word_1_62' title='bbox 745 880 842 923; x_wconf 84' lang='lat' dir='ltr'><em>iour</em></span> <span class='ocrx_word' id='word_1_63' title='bbox 869 882 1098 937; x_wconf 74' lang='lat' dir='ltr'><em>ataiqnent,</em></span> 
     </span>
    </p>

    <p class='ocr_par' dir='ltr' id='par_1_8' title="bbox 260 934 974 992">
     <span class='ocr_line' id='line_1_12' title="bbox 260 934 974 992; baseline 0.003 -13"><span class='ocrx_word' id='word_1_64' title='bbox 260 934 344 989; x_wconf 74' lang='lat' dir='ltr'><em>Qui</em></span> <span class='ocrx_word' id='word_1_65' title='bbox 371 948 515 978; x_wconf 71' lang='lat' dir='ltr'><em>armez</em></span> <span class='ocrx_word' id='word_1_66' title='bbox 544 936 626 979; x_wconf 81' lang='lat' dir='ltr'><em>iert</em></span> <span class='ocrx_word' id='word_1_67' title='bbox 654 936 706 979; x_wconf 83' lang='lat' dir='ltr'><em>de</em></span> <span class='ocrx_word' id='word_1_68' title='bbox 732 950 811 979; x_wconf 89' lang='lat' dir='ltr'><em>son</em></span> <span class='ocrx_word' id='word_1_69' title='bbox 839 942 974 992; x_wconf 83' lang='lat' dir='ltr'><em>atour,</em></span> 
     </span>
    </p>

    <p class='ocr_par' dir='ltr' id='par_1_9' title="bbox 258 989 1048 1046">
     <span class='ocr_line' id='line_1_13' title="bbox 258 989 1048 1046; baseline 0.003 -10"><span class='ocrx_word' id='word_1_70' title='bbox 258 989 380 1036; x_wconf 81' lang='lat' dir='ltr'><em>D’un</em></span> <span class='ocrx_word' id='word_1_71' title='bbox 408 992 581 1046; x_wconf 71' lang='lat' dir='ltr'><em>quaml</em></span> <span class='ocrx_word' id='word_1_72' title='bbox 610 991 859 1037; x_wconf 80' lang='lat' dir='ltr'><em>d&#39;arbaleste</em></span> <span class='ocrx_word' id='word_1_73' title='bbox 886 1009 913 1038; x_wconf 92' lang='lat' dir='ltr'><em>a</em></span> <span class='ocrx_word' id='word_1_74' title='bbox 941 999 1048 1038; x_wconf 77' lang='lat' dir='ltr'><em>tour.</em></span> 
     </span>
    </p>
   </div>
   <div class='ocr_carea' id='block_1_4' title="bbox 0 1058 1759 2832">
    <p class='ocr_par' dir='ltr' id='par_1_10' title="bbox 58 1058 1145 1242">
     <span class='ocr_line' id='line_1_14' title="bbox 58 1058 593 1103; baseline -0.002 0"><span class='ocrx_word' id='word_1_75' title='bbox 58 1059 120 1103; x_wconf 87' lang='lat' dir='ltr'><em>Le</em></span> <span class='ocrx_word' id='word_1_76' title='bbox 146 1059 317 1103; x_wconf 81' lang='lat' dir='ltr'><em>Roman</em></span> <span class='ocrx_word' id='word_1_77' title='bbox 344 1059 396 1103; x_wconf 80' lang='lat' dir='ltr'><em>de</em></span> <span class='ocrx_word' id='word_1_78' title='bbox 425 1058 593 1103; x_wconf 78' lang='lat' dir='ltr'><em>Garin:</em></span> 
     </span>
     <span class='ocr_line' id='line_1_15' title="bbox 266 1127 1145 1186; baseline 0.006 -16"><span class='ocrx_word' id='word_1_79' title='bbox 266 1127 415 1171; x_wconf 82' lang='lat' dir='ltr'><em>Volent</em></span> <span class='ocrx_word' id='word_1_80' title='bbox 436 1127 545 1182; x_wconf 79' lang='lat' dir='ltr'><em>pilet</em></span> <span class='ocrx_word' id='word_1_81' title='bbox 567 1128 673 1183; x_wconf 80' lang='lat' dir='ltr'><em>plus</em></span> <span class='ocrx_word' id='word_1_82' title='bbox 701 1143 778 1184; x_wconf 81' lang='lat' dir='ltr'><em>que</em></span> <span class='ocrx_word' id='word_1_83' title='bbox 797 1130 920 1184; x_wconf 79' lang='lat' dir='ltr'><em>plaie</em></span> <span class='ocrx_word' id='word_1_84' title='bbox 938 1145 1029 1185; x_wconf 79' lang='lat' dir='ltr'><em>par</em></span> <span class='ocrx_word' id='word_1_85' title='bbox 1048 1132 1145 1186; x_wconf 75' lang='lat' dir='ltr'><em>pre,</em></span> 
     </span>
     <span class='ocr_line' id='line_1_16' title="bbox 257 1183 1116 1242; baseline 0.003 -15"><span class='ocrx_word' id='word_1_86' title='bbox 257 1183 319 1228; x_wconf 82' lang='lat' dir='ltr'><em>Et</em></span> <span class='ocrx_word' id='word_1_87' title='bbox 346 1183 407 1227; x_wconf 80' lang='lat' dir='ltr'><em>les</em></span> <span class='ocrx_word' id='word_1_88' title='bbox 432 1185 614 1239; x_wconf 82' lang='lat' dir='ltr'><em>sajettes,</em></span> <span class='ocrx_word' id='word_1_89' title='bbox 641 1189 681 1229; x_wconf 82' lang='lat' dir='ltr'><em>et</em></span> <span class='ocrx_word' id='word_1_90' title='bbox 710 1188 885 1230; x_wconf 75' lang='lat' dir='ltr'><em>carriaoe</em></span> <span class='ocrx_word' id='word_1_91' title='bbox 911 1202 1116 1242; x_wconf 73' lang='lat' dir='ltr'><em>empenee.</em></span> 
     </span>
    </p>

    <p class='ocr_par' dir='ltr' id='par_1_11' title="bbox 0 1252 1759 2832">
     <span class='ocr_line' id='line_1_17' title="bbox 189 1252 1759 1318; baseline 0.006 -25"><span class='ocrx_word' id='word_1_92' title='bbox 189 1252 415 1303; x_wconf 78' lang='grc' dir='ltr'><strong><em>Λατῖνος]</em></strong></span> <span class='ocrx_word' id='word_1_93' title='bbox 460 1252 511 1295; x_wconf 90' lang='lat' dir='ltr'><em>Id</em></span> <span class='ocrx_word' id='word_1_94' title='bbox 540 1253 668 1296; x_wconf 89' lang='lat' dir='ltr'><em>etiam</em></span> <span class='ocrx_word' id='word_1_95' title='bbox 699 1254 861 1297; x_wconf 87' lang='lat' dir='ltr'><em>Latinis</em></span> <span class='ocrx_word' id='word_1_96' title='bbox 895 1255 1102 1298; x_wconf 88' lang='lat' dir='ltr'><em>obiectum</em></span> <span class='ocrx_word' id='word_1_97' title='bbox 1131 1269 1155 1299; x_wconf 86' lang='lat' dir='ltr'><em>a</em></span> <span class='ocrx_word' id='word_1_98' title='bbox 1186 1255 1355 1300; x_wconf 84' lang='lat' dir='ltr'><em>Graecis</em></span> <span class='ocrx_word' id='word_1_99' title='bbox 1390 1258 1534 1301; x_wconf 88' lang='lat' dir='ltr'><em>scribit</em></span> <span class='ocrx_word' id='word_1_100' title='bbox 1544 1270 1759 1318; x_wconf 0' lang='lat' dir='ltr'><em>Pag 29213</em></span> 
     </span>
     <span class='ocr_line' id='line_1_18' title="bbox 57 1308 1531 1369; baseline 0.005 -19"><span class='ocrx_word' id='word_1_101' title='bbox 57 1308 210 1351; x_wconf 87' lang='lat' dir='ltr'><em>Petrus</em></span> <span class='ocrx_word' id='word_1_102' title='bbox 254 1308 428 1352; x_wconf 87' lang='lat' dir='ltr'><em>Diacon.</em></span> <span class='ocrx_word' id='word_1_103' title='bbox 473 1309 547 1352; x_wconf 90' lang='lat' dir='ltr'><em>lib.</em></span> <span class='ocrx_word' id='word_1_104' title='bbox 573 1310 613 1352; x_wconf 88' lang='grc'><em>4.</em></span> <span class='ocrx_word' id='word_1_105' title='bbox 658 1309 807 1353; x_wconf 89' lang='lat' dir='ltr'><em>Chron.</em></span> <span class='ocrx_word' id='word_1_106' title='bbox 853 1310 989 1355; x_wconf 84' lang='lat' dir='ltr'><em>Oasin.</em></span> <span class='ocrx_word' id='word_1_107' title='bbox 1034 1325 1122 1367; x_wconf 88' lang='lat' dir='ltr'><em>cap.</em></span> <span class='ocrx_word' id='word_1_108' title='bbox 1143 1313 1233 1356; x_wconf 95' lang='lat'>117.</span> <span class='ocrx_word' id='word_1_109' title='bbox 1270 1314 1379 1368; x_wconf 87' lang='lat' dir='ltr'><em>apud</em></span> <span class='ocrx_word' id='word_1_110' title='bbox 1410 1327 1531 1369; x_wconf 92' lang='lat' dir='ltr'><em>quem</em></span> 
     </span>
     <span class='ocr_line' id='line_1_19' title="bbox 59 1364 1532 1424; baseline 0.005 -17"><span class='ocrx_word' id='word_1_111' title='bbox 59 1364 243 1408; x_wconf 85' lang='lat' dir='ltr'><em>Graecus</em></span> <span class='ocrx_word' id='word_1_112' title='bbox 272 1365 334 1408; x_wconf 88' lang='lat' dir='ltr'><em>sic</em></span> <span class='ocrx_word' id='word_1_113' title='bbox 350 1365 501 1408; x_wconf 86' lang='lat' dir='ltr'><em>Latino</em></span> <span class='ocrx_word' id='word_1_114' title='bbox 521 1365 669 1409; x_wconf 86' lang='lat' dir='ltr'><em>infert:</em></span> <span class='ocrx_word' id='word_1_115' title='bbox 698 1366 755 1409; x_wconf 90' lang='lat' dir='ltr'><em>In</em></span> <span class='ocrx_word' id='word_1_116' title='bbox 775 1366 1034 1411; x_wconf 83' lang='lat' dir='ltr'><em>Occidentali</em></span> <span class='ocrx_word' id='word_1_117' title='bbox 1057 1369 1222 1412; x_wconf 83' lang='lat' dir='ltr'><em>elimate</em></span> <span class='ocrx_word' id='word_1_118' title='bbox 1237 1369 1532 1424; x_wconf 77' lang='lat' dir='ltr'><em>Propheticum</em></span> 
     </span>
     <span class='ocr_line' id='line_1_20' title="bbox 55 1421 1534 1480; baseline 0.004 -16"><span class='ocrx_word' id='word_1_119' title='bbox 55 1421 168 1465; x_wconf 78' lang='lat' dir='ltr'><em>illud</em></span> <span class='ocrx_word' id='word_1_120' title='bbox 195 1422 384 1465; x_wconf 74' lang='lat' dir='ltr'><em>videnms</em></span> <span class='ocrx_word' id='word_1_121' title='bbox 411 1421 640 1476; x_wconf 75' lang='lat' dir='ltr'><em>impletum,</em></span> <span class='ocrx_word' id='word_1_122' title='bbox 677 1425 758 1466; x_wconf 88' lang='lat' dir='ltr'><em>erit</em></span> <span class='ocrx_word' id='word_1_123' title='bbox 785 1428 833 1466; x_wconf 80' lang='lat' dir='ltr'><em>ut</em></span> <span class='ocrx_word' id='word_1_124' title='bbox 861 1425 1049 1478; x_wconf 77' lang='lat' dir='ltr'><em>populas</em></span> <span class='ocrx_word' id='word_1_125' title='bbox 1089 1426 1151 1468; x_wconf 88' lang='lat' dir='ltr'><em>sic</em></span> <span class='ocrx_word' id='word_1_126' title='bbox 1179 1425 1398 1480; x_wconf 74' lang='lat' dir='ltr'><strong><em>Sacerdos,</em></strong></span> <span class='ocrx_word' id='word_1_127' title='bbox 1440 1440 1534 1469; x_wconf 83' lang='lat' dir='ltr'><em>cum</em></span> 
     </span>
     <span class='ocr_line' id='line_1_21' title="bbox 55 1477 1533 1535; baseline 0.003 -14"><span class='ocrx_word' id='word_1_128' title='bbox 55 1477 283 1532; x_wconf 77' lang='lat' dir='ltr'><em>Pontifices</em></span> <span class='ocrx_word' id='word_1_129' title='bbox 324 1478 383 1522; x_wconf 82' lang='lat' dir='ltr'><em>ad</em></span> <span class='ocrx_word' id='word_1_130' title='bbox 425 1478 534 1522; x_wconf 77' lang='lat' dir='ltr'><em>bella</em></span> <span class='ocrx_word' id='word_1_131' title='bbox 566 1480 795 1533; x_wconf 76' lang='lat' dir='ltr'><em>prodeant,</em></span> <span class='ocrx_word' id='word_1_132' title='bbox 840 1485 888 1523; x_wconf 80' lang='lat' dir='ltr'><em>ut</em></span> <span class='ocrx_word' id='word_1_133' title='bbox 933 1481 1060 1535; x_wconf 77' lang='lat' dir='ltr'><em>Papa</em></span> <span class='ocrx_word' id='word_1_134' title='bbox 1101 1486 1233 1525; x_wconf 87' lang='lat' dir='ltr'><em>vester</em></span> <span class='ocrx_word' id='word_1_135' title='bbox 1261 1482 1533 1526; x_wconf 75' lang='lat' dir='ltr'><em>Innocentius</em></span> 
     </span>
     <span class='ocr_line' id='line_1_22' title="bbox 52 1534 1532 1594; baseline 0.003 -16"><span class='ocrx_word' id='word_1_136' title='bbox 52 1535 171 1588; x_wconf 80' lang='lat' dir='ltr'><em>facit.</em></span> <span class='ocrx_word' id='word_1_137' title='bbox 228 1534 351 1588; x_wconf 76' lang='lat' dir='ltr'><em>Quod</em></span> <span class='ocrx_word' id='word_1_138' title='bbox 375 1535 553 1591; x_wconf 80' lang='lat' dir='ltr'><em>quidem,</em></span> <span class='ocrx_word' id='word_1_139' title='bbox 583 1536 632 1578; x_wconf 91' lang='lat' dir='ltr'><em>ut</em></span> <span class='ocrx_word' id='word_1_140' title='bbox 662 1537 724 1579; x_wconf 88' lang='lat' dir='ltr'><em>ait</em></span> <span class='ocrx_word' id='word_1_141' title='bbox 745 1537 896 1580; x_wconf 89' lang='lat' dir='ltr'><em>Petrus</em></span> <span class='ocrx_word' id='word_1_142' title='bbox 917 1537 1148 1581; x_wconf 89' lang='lat' dir='ltr'><em>Damianus</em></span> <span class='ocrx_word' id='word_1_143' title='bbox 1176 1539 1248 1581; x_wconf 92' lang='lat' dir='ltr'><em>lib.</em></span> <span class='ocrx_word' id='word_1_144' title='bbox 1269 1540 1309 1581; x_wconf 89' lang='grc'><em>4.</em></span> <span class='ocrx_word' id='word_1_145' title='bbox 1340 1539 1472 1594; x_wconf 80' lang='lat' dir='ltr'><strong>Epist.</strong></span> <span class='ocrx_word' id='word_1_146' title='bbox 1494 1540 1532 1582; x_wconf 89' lang='lat'><em>9.</em></span> 
     </span>
     <span class='ocr_line' id='line_1_23' title="bbox 54 1591 1530 1647; baseline 0.003 -13"><span class='ocrx_word' id='word_1_147' title='bbox 54 1591 162 1635; x_wconf 83' lang='lat' dir='ltr'><em>satis</em></span> <span class='ocrx_word' id='word_1_148' title='bbox 185 1592 351 1636; x_wconf 75' lang='lat' dir='ltr'><em>videtur</em></span> <span class='ocrx_word' id='word_1_149' title='bbox 379 1591 622 1644; x_wconf 81' lang='lat' dir='ltr'><em>absurdum,</em></span> <span class='ocrx_word' id='word_1_150' title='bbox 655 1596 703 1635; x_wconf 82' lang='lat' dir='ltr'><em>ut</em></span> <span class='ocrx_word' id='word_1_151' title='bbox 730 1594 815 1647; x_wconf 79' lang='lat' dir='ltr'><em>ipsi</em></span> <span class='ocrx_word' id='word_1_152' title='bbox 847 1593 1022 1637; x_wconf 80' lang='lat' dir='ltr'><em>Domini</em></span> <span class='ocrx_word' id='word_1_153' title='bbox 1051 1594 1297 1638; x_wconf 79' lang='lat' dir='ltr'><em>Sacerdotes</em></span> <span class='ocrx_word' id='word_1_154' title='bbox 1320 1599 1530 1647; x_wconf 72' lang='lat' dir='ltr'><em>attentent,</em></span> 
     </span>
     <span class='ocr_line' id='line_1_24' title="bbox 55 1648 1531 1707; baseline 0.002 -16"><span class='ocrx_word' id='word_1_155' title='bbox 55 1648 167 1702; x_wconf 79' lang='lat' dir='ltr'><em>quod</em></span> <span class='ocrx_word' id='word_1_156' title='bbox 195 1648 333 1692; x_wconf 80' lang='lat' dir='ltr'><em>turbis</em></span> <span class='ocrx_word' id='word_1_157' title='bbox 359 1648 607 1704; x_wconf 75' lang='lat' dir='ltr'><em>valqaribus</em></span> <span class='ocrx_word' id='word_1_158' title='bbox 627 1649 891 1705; x_wconf 75' lang='lat' dir='ltr'><em>prohibetur,</em></span> <span class='ocrx_word' id='word_1_159' title='bbox 920 1654 959 1693; x_wconf 88' lang='lat' dir='ltr'><em>et</em></span> <span class='ocrx_word' id='word_1_160' title='bbox 984 1652 1094 1705; x_wconf 80' lang='lat' dir='ltr'><em>qaod</em></span> <span class='ocrx_word' id='word_1_161' title='bbox 1112 1651 1248 1694; x_wconf 80' lang='lat' dir='ltr'><em>verbis</em></span> <span class='ocrx_word' id='word_1_162' title='bbox 1266 1652 1531 1707; x_wconf 74' lang='lat' dir='ltr'><em>impuynant,</em></span> 
     </span>
     <span class='ocr_line' id='line_1_25' title="bbox 55 1704 1531 1758; baseline 0.002 -11"><span class='ocrx_word' id='word_1_163' title='bbox 55 1704 251 1758; x_wconf 74' lang='lat' dir='ltr'><em>operibus</em></span> <span class='ocrx_word' id='word_1_164' title='bbox 280 1708 486 1749; x_wconf 85' lang='lat' dir='ltr'><em>asserant.</em></span> <span class='ocrx_word' id='word_1_165' title='bbox 548 1706 603 1748; x_wconf 88' lang='lat' dir='ltr'><em>Et</em></span> <span class='ocrx_word' id='word_1_166' title='bbox 635 1719 735 1749; x_wconf 90' lang='lat' dir='ltr'><em>sane</em></span> <span class='ocrx_word' id='word_1_167' title='bbox 765 1720 849 1750; x_wconf 91' lang='lat' dir='ltr'><em>non</em></span> <span class='ocrx_word' id='word_1_168' title='bbox 878 1707 1033 1750; x_wconf 89' lang='lat' dir='ltr'><em>iniuria</em></span> <span class='ocrx_word' id='word_1_169' title='bbox 1058 1707 1102 1749; x_wconf 93' lang='lat' dir='ltr'><em>id</em></span> <span class='ocrx_word' id='word_1_170' title='bbox 1130 1707 1283 1750; x_wconf 87' lang='lat' dir='ltr'><em>nostris</em></span> <span class='ocrx_word' id='word_1_171' title='bbox 1303 1708 1531 1751; x_wconf 85' lang='lat' dir='ltr'><em>obiectum:</em></span> 
     </span>
     <span class='ocr_line' id='line_1_26' title="bbox 55 1761 1531 1817; baseline 0.001 -13"><span class='ocrx_word' id='word_1_172' title='bbox 55 1773 153 1804; x_wconf 87' lang='lat' dir='ltr'><em>nam</em></span> <span class='ocrx_word' id='word_1_173' title='bbox 189 1761 269 1805; x_wconf 86' lang='lat' dir='ltr'><em>etsi</em></span> <span class='ocrx_word' id='word_1_174' title='bbox 298 1761 407 1817; x_wconf 85' lang='lat' dir='ltr'><em>Lege</em></span> <span class='ocrx_word' id='word_1_175' title='bbox 432 1762 727 1805; x_wconf 88' lang='lat' dir='ltr'><em>Ecclesiastica</em></span> <span class='ocrx_word' id='word_1_176' title='bbox 763 1764 805 1806; x_wconf 92' lang='lat' dir='ltr'><em>et</em></span> <span class='ocrx_word' id='word_1_177' title='bbox 830 1762 1111 1806; x_wconf 87' lang='lat' dir='ltr'><em>Conciliorum</em></span> <span class='ocrx_word' id='word_1_178' title='bbox 1141 1763 1376 1806; x_wconf 87' lang='lat' dir='ltr'><em>Canonibus</em></span> <span class='ocrx_word' id='word_1_179' title='bbox 1414 1777 1531 1807; x_wconf 86' lang='lat' dir='ltr'><em>arma</em></span> 
     </span>
     <span class='ocr_line' id='line_1_27' title="bbox 53 1818 1531 1875; baseline 0.001 -15"><span class='ocrx_word' id='word_1_180' title='bbox 53 1818 239 1861; x_wconf 83' lang='lat' dir='ltr'><em>tractare</em></span> <span class='ocrx_word' id='word_1_181' title='bbox 265 1818 509 1862; x_wconf 85' lang='lat' dir='ltr'><em>vetarentur</em></span> <span class='ocrx_word' id='word_1_182' title='bbox 528 1818 785 1872; x_wconf 77' lang='lat' dir='ltr'><em>Sacerdotes,</em></span> <span class='ocrx_word' id='word_1_183' title='bbox 815 1832 935 1874; x_wconf 83' lang='lat' dir='ltr'><em>saepe</em></span> <span class='ocrx_word' id='word_1_184' title='bbox 964 1820 1104 1863; x_wconf 85' lang='lat' dir='ltr'><em>tamen</em></span> <span class='ocrx_word' id='word_1_185' title='bbox 1131 1820 1309 1875; x_wconf 89' lang='lat' dir='ltr'><em>legimus</em></span> <span class='ocrx_word' id='word_1_186' title='bbox 1337 1820 1436 1875; x_wconf 88' lang='lat' dir='ltr'><em>ipsis</em></span> <span class='ocrx_word' id='word_1_187' title='bbox 1465 1820 1531 1862; x_wconf 95' lang='lat' dir='ltr'><em>in—</em></span> 
     </span>
     <span class='ocr_line' id='line_1_28' title="bbox 54 1874 1530 1931; baseline 0.001 -15"><span class='ocrx_word' id='word_1_188' title='bbox 54 1874 248 1917; x_wconf 84' lang='lat' dir='ltr'><em>terfuisse</em></span> <span class='ocrx_word' id='word_1_189' title='bbox 276 1874 459 1930; x_wconf 89' lang='lat' dir='ltr'><em>praeliis,</em></span> <span class='ocrx_word' id='word_1_190' title='bbox 490 1875 535 1917; x_wconf 91' lang='lat' dir='ltr'><em>in</em></span> <span class='ocrx_word' id='word_1_191' title='bbox 574 1875 709 1931; x_wconf 90' lang='lat' dir='ltr'><em>iisque</em></span> <span class='ocrx_word' id='word_1_192' title='bbox 751 1877 903 1919; x_wconf 89' lang='lat' dir='ltr'><em>acriter</em></span> <span class='ocrx_word' id='word_1_193' title='bbox 946 1876 1176 1919; x_wconf 86' lang='lat' dir='ltr'><em>dimicasse.</em></span> <span class='ocrx_word' id='word_1_194' title='bbox 1234 1876 1375 1930; x_wconf 91' lang='lat' dir='ltr'><em>Atque</em></span> <span class='ocrx_word' id='word_1_195' title='bbox 1402 1888 1530 1930; x_wconf 88' lang='lat' dir='ltr'><em>pravo</em></span> 
     </span>
     <span class='ocr_line' id='line_1_29' title="bbox 54 1930 1530 1987; baseline 0.001 -14"><span class='ocrx_word' id='word_1_196' title='bbox 54 1930 163 1973; x_wconf 89' lang='lat' dir='ltr'><em>mori</em></span> <span class='ocrx_word' id='word_1_197' title='bbox 190 1930 264 1973; x_wconf 85' lang='lat' dir='ltr'><em>isti</em></span> <span class='ocrx_word' id='word_1_198' title='bbox 289 1930 623 1983; x_wconf 88' lang='lat' dir='ltr'><em>adscribendum,</em></span> <span class='ocrx_word' id='word_1_199' title='bbox 656 1932 766 1987; x_wconf 90' lang='lat' dir='ltr'><em>quod</em></span> <span class='ocrx_word' id='word_1_200' title='bbox 796 1945 914 1976; x_wconf 89' lang='lat' dir='ltr'><em>arma</em></span> <span class='ocrx_word' id='word_1_201' title='bbox 943 1933 1126 1975; x_wconf 87' lang='lat' dir='ltr'><em>tractare</em></span> <span class='ocrx_word' id='word_1_202' title='bbox 1146 1933 1221 1975; x_wconf 89' lang='lat' dir='ltr'><em>aut</em></span> <span class='ocrx_word' id='word_1_203' title='bbox 1241 1932 1345 1975; x_wconf 90' lang='lat' dir='ltr'><em>ferre</em></span> <span class='ocrx_word' id='word_1_204' title='bbox 1361 1931 1530 1975; x_wconf 88' lang='lat' dir='ltr'><em>Clericis</em></span> 
     </span>
     <span class='ocr_line' id='line_1_30' title="bbox 54 1986 1530 2042; baseline 0.001 -13"><span class='ocrx_word' id='word_1_205' title='bbox 54 1986 310 2030; x_wconf 65' lang='lat' dir='ltr'><em>interdicant:</em></span> <span class='ocrx_word' id='word_1_206' title='bbox 354 1988 510 2042; x_wconf 88' lang='lat' dir='ltr'><em>passim</em></span> <span class='ocrx_word' id='word_1_207' title='bbox 555 1987 743 2031; x_wconf 89' lang='lat' dir='ltr'><em>Concilia</em></span> <span class='ocrx_word' id='word_1_208' title='bbox 773 1987 994 2032; x_wconf 86' lang='lat' dir='ltr'><em>Gallicana</em></span> <span class='ocrx_word' id='word_1_209' title='bbox 1034 1989 1076 2031; x_wconf 92' lang='lat' dir='ltr'><em>et</em></span> <span class='ocrx_word' id='word_1_210' title='bbox 1104 1988 1397 2039; x_wconf 89' lang='lat' dir='ltr'><em>Provincialia,</em></span> <span class='ocrx_word' id='word_1_211' title='bbox 1427 1988 1530 2031; x_wconf 89' lang='lat' dir='ltr'><em>Iler-</em></span> 
     </span>
     <span class='ocr_line' id='line_1_31' title="bbox 55 2042 1528 2100; baseline 0.001 -15"><span class='ocrx_word' id='word_1_212' title='bbox 55 2043 181 2086; x_wconf 89' lang='lat' dir='ltr'><em>dense</em></span> <span class='ocrx_word' id='word_1_213' title='bbox 210 2042 255 2087; x_wconf 86' lang='lat' dir='ltr'>C.</span> <span class='ocrx_word' id='word_1_214' title='bbox 278 2045 315 2088; x_wconf 90' lang='lat'>1.</span> <span class='ocrx_word' id='word_1_215' title='bbox 346 2044 569 2088; x_wconf 88' lang='lat' dir='ltr'><em>Matiscon.</em></span> <span class='ocrx_word' id='word_1_216' title='bbox 612 2045 644 2088; x_wconf 94' lang='grc' dir='ltr'><em>Ι.</em></span> <span class='ocrx_word' id='word_1_217' title='bbox 680 2044 725 2088; x_wconf 87' lang='lat' dir='ltr'>C.</span> <span class='ocrx_word' id='word_1_218' title='bbox 746 2046 785 2087; x_wconf 89' lang='lat'><em>5.</em></span> <span class='ocrx_word' id='word_1_219' title='bbox 822 2045 977 2100; x_wconf 89' lang='lat' dir='ltr'><em>Liptin.</em></span> <span class='ocrx_word' id='word_1_220' title='bbox 1014 2044 1057 2088; x_wconf 85' lang='lat' dir='ltr'>C.</span> <span class='ocrx_word' id='word_1_221' title='bbox 1084 2046 1123 2087; x_wconf 87' lang='grc'><em>2.</em></span> <span class='ocrx_word' id='word_1_222' title='bbox 1153 2044 1433 2087; x_wconf 86' lang='lat' dir='ltr'><em>Vermeriense</em></span> <span class='ocrx_word' id='word_1_223' title='bbox 1475 2044 1528 2086; x_wconf 90' lang='lat' dir='ltr'><em>A.</em></span> 
     </span>
     <span class='ocr_line' id='line_1_32' title="bbox 53 2099 1530 2156; baseline 0 -14"><span class='ocrx_word' id='word_1_224' title='bbox 53 2109 231 2144; x_wconf 79' lang='lat' dir='ltr'>DOOLH.</span> <span class='ocrx_word' id='word_1_225' title='bbox 277 2099 323 2144; x_wconf 84' lang='lat' dir='ltr'>C.</span> <span class='ocrx_word' id='word_1_226' title='bbox 346 2101 412 2143; x_wconf 88' lang='grc'><em>16.</em></span> <span class='ocrx_word' id='word_1_227' title='bbox 460 2100 597 2144; x_wconf 84' lang='lat' dir='ltr'><em>Codex</em></span> <span class='ocrx_word' id='word_1_228' title='bbox 644 2100 824 2144; x_wconf 89' lang='lat' dir='ltr'><em>Carolin.</em></span> <span class='ocrx_word' id='word_1_229' title='bbox 875 2101 1005 2156; x_wconf 87' lang='lat' dir='ltr'><em>Epist.</em></span> <span class='ocrx_word' id='word_1_230' title='bbox 1031 2102 1097 2143; x_wconf 92' lang='lat'>77.</span> <span class='ocrx_word' id='word_1_231' title='bbox 1132 2100 1337 2155; x_wconf 84' lang='lat' dir='ltr'><em>&#39;Capitula</em></span> <span class='ocrx_word' id='word_1_232' title='bbox 1377 2100 1530 2143; x_wconf 88' lang='lat' dir='ltr'><em>selecta</em></span> 
     </span>
     <span class='ocr_line' id='line_1_33' title="bbox 55 2155 1528 2212; baseline 0 -14"><span class='ocrx_word' id='word_1_233' title='bbox 55 2155 196 2199; x_wconf 84' lang='lat' dir='ltr'><em>Caroli</em></span> <span class='ocrx_word' id='word_1_234' title='bbox 225 2157 285 2199; x_wconf 84' lang='lat' dir='ltr'>M.</span> <span class='ocrx_word' id='word_1_235' title='bbox 318 2157 369 2200; x_wconf 92' lang='lat' dir='ltr'><em>A.</em></span> <span class='ocrx_word' id='word_1_236' title='bbox 402 2166 537 2201; x_wconf 86' lang='lat' dir='ltr'><em>Dccc.</em></span> <span class='ocrx_word' id='word_1_237' title='bbox 570 2170 659 2212; x_wconf 89' lang='lat' dir='ltr'><em>cap.</em></span> <span class='ocrx_word' id='word_1_238' title='bbox 682 2159 722 2200; x_wconf 86' lang='lat'>2.</span> <span class='ocrx_word' id='word_1_239' title='bbox 744 2159 782 2200; x_wconf 87' lang='lat'>3.</span> <span class='ocrx_word' id='word_1_240' title='bbox 805 2159 845 2200; x_wconf 86' lang='lat'>4.</span> <span class='ocrx_word' id='word_1_241' title='bbox 868 2159 909 2200; x_wconf 90' lang='lat' dir='ltr'><em>et</em></span> <span class='ocrx_word' id='word_1_242' title='bbox 929 2158 967 2200; x_wconf 88' lang='lat'><em>5.</em></span> <span class='ocrx_word' id='word_1_243' title='bbox 1001 2157 1110 2212; x_wconf 84' lang='lat' dir='ltr'><em>apud</em></span> <span class='ocrx_word' id='word_1_244' title='bbox 1132 2156 1339 2200; x_wconf 88' lang='lat' dir='ltr'><em>Sirmond.</em></span> <span class='ocrx_word' id='word_1_245' title='bbox 1356 2156 1473 2199; x_wconf 88' lang='lat' dir='ltr'><em>Tom.</em></span> <span class='ocrx_word' id='word_1_246' title='bbox 1491 2157 1528 2198; x_wconf 88' lang='lat'>2.</span> 
     </span>
     <span class='ocr_line' id='line_1_34' title="bbox 54 2211 1529 2269; baseline -0.001 -14"><span class='ocrx_word' id='word_1_247' title='bbox 54 2211 214 2256; x_wconf 84' lang='lat' dir='ltr'><em>Concil.</em></span> <span class='ocrx_word' id='word_1_248' title='bbox 245 2212 486 2269; x_wconf 86' lang='lat' dir='ltr'><em>Capitulare</em></span> <span class='ocrx_word' id='word_1_249' title='bbox 514 2214 753 2269; x_wconf 86' lang='lat' dir='ltr'><em>Episcopor.</em></span> <span class='ocrx_word' id='word_1_250' title='bbox 785 2214 866 2257; x_wconf 91' lang='lat' dir='ltr'><em>An.</em></span> <span class='ocrx_word' id='word_1_251' title='bbox 887 2223 1060 2257; x_wconf 84' lang='lat' dir='ltr'><em>Dcccn.</em></span> <span class='ocrx_word' id='word_1_252' title='bbox 1093 2212 1137 2256; x_wconf 89' lang='lat' dir='ltr'>C.</span> <span class='ocrx_word' id='word_1_253' title='bbox 1162 2214 1225 2256; x_wconf 88' lang='lat'><em>18.</em></span> <span class='ocrx_word' id='word_1_254' title='bbox 1264 2212 1374 2267; x_wconf 87' lang='lat' dir='ltr'><em>apud</em></span> <span class='ocrx_word' id='word_1_255' title='bbox 1413 2225 1529 2255; x_wconf 92' lang='lat' dir='ltr'><em>eum-</em></span> 
     </span>
     <span class='ocr_line' id='line_1_35' title="bbox 53 2268 1526 2326; baseline -0.001 -14"><span class='ocrx_word' id='word_1_256' title='bbox 53 2268 160 2320; x_wconf 85' lang='lat' dir='ltr'><em>dem,</em></span> <span class='ocrx_word' id='word_1_257' title='bbox 178 2268 539 2326; x_wconf 84' lang='lat' dir='ltr'><em>Concil.Mogunt.</em></span> <span class='ocrx_word' id='word_1_258' title='bbox 559 2270 611 2313; x_wconf 90' lang='lat' dir='ltr'>A.</span> <span class='ocrx_word' id='word_1_259' title='bbox 621 2280 849 2314; x_wconf 77' lang='lat' dir='ltr'><em>Decem.</em></span> <span class='ocrx_word' id='word_1_260' title='bbox 869 2269 912 2313; x_wconf 89' lang='lat' dir='ltr'>C.</span> <span class='ocrx_word' id='word_1_261' title='bbox 928 2271 991 2312; x_wconf 88' lang='lat'><em>17.</em></span> <span class='ocrx_word' id='word_1_262' title='bbox 1010 2269 1216 2312; x_wconf 88' lang='lat' dir='ltr'><em>Meldense</em></span> <span class='ocrx_word' id='word_1_263' title='bbox 1234 2269 1284 2311; x_wconf 90' lang='lat' dir='ltr'>A.</span> <span class='ocrx_word' id='word_1_264' title='bbox 1294 2277 1526 2312; x_wconf 79' lang='lat' dir='ltr'>DCCCXLV.</span> 
     </span>
     <span class='ocr_line' id='line_1_36' title="bbox 55 2323 1528 2382; baseline -0.001 -15"><span class='ocrx_word' id='word_1_265' title='bbox 55 2323 100 2368; x_wconf 86' lang='lat' dir='ltr'>C.</span> <span class='ocrx_word' id='word_1_266' title='bbox 120 2326 188 2368; x_wconf 85' lang='lat'>37.</span> <span class='ocrx_word' id='word_1_267' title='bbox 219 2325 356 2381; x_wconf 83' lang='lat' dir='ltr'><em>Capit.</em></span> <span class='ocrx_word' id='word_1_268' title='bbox 386 2326 571 2370; x_wconf 89' lang='lat' dir='ltr'><em>Herardi</em></span> <span class='ocrx_word' id='word_1_269' title='bbox 601 2327 793 2382; x_wconf 88' lang='lat' dir='ltr'><em>Archiep.</em></span> <span class='ocrx_word' id='word_1_270' title='bbox 823 2327 1049 2369; x_wconf 83' lang='lat' dir='ltr'><em>Turonens.</em></span> <span class='ocrx_word' id='word_1_271' title='bbox 1093 2338 1181 2380; x_wconf 90' lang='lat' dir='ltr'><em>cap.</em></span> <span class='ocrx_word' id='word_1_272' title='bbox 1203 2326 1269 2367; x_wconf 88' lang='lat'><em>50.</em></span> <span class='ocrx_word' id='word_1_273' title='bbox 1293 2326 1384 2367; x_wconf 87' lang='grc'><strong>113.</strong></span> <span class='ocrx_word' id='word_1_274' title='bbox 1421 2324 1528 2367; x_wconf 88' lang='lat' dir='ltr'><em>Con-</em></span> 
     </span>
     <span class='ocr_line' id='line_1_37' title="bbox 54 2381 1527 2435; baseline -0.001 -11"><span class='ocrx_word' id='word_1_275' title='bbox 54 2381 199 2425; x_wconf 85' lang='lat' dir='ltr'><em>cilium</em></span> <span class='ocrx_word' id='word_1_276' title='bbox 228 2382 414 2426; x_wconf 84' lang='lat' dir='ltr'><em>Metense</em></span> <span class='ocrx_word' id='word_1_277' title='bbox 443 2383 495 2425; x_wconf 91' lang='lat' dir='ltr'>A.</span> <span class='ocrx_word' id='word_1_278' title='bbox 527 2393 888 2427; x_wconf 81' lang='lat' dir='ltr'>DCCCLXXXVIJJ.</span> <span class='ocrx_word' id='word_1_279' title='bbox 922 2382 965 2425; x_wconf 83' lang='lat' dir='ltr'>G.</span> <span class='ocrx_word' id='word_1_280' title='bbox 988 2383 1026 2425; x_wconf 82' lang='lat'>6.</span> <span class='ocrx_word' id='word_1_281' title='bbox 1059 2383 1134 2424; x_wconf 90' lang='lat' dir='ltr'><em>etc.</em></span> <span class='ocrx_word' id='word_1_282' title='bbox 1177 2381 1378 2424; x_wconf 86' lang='lat' dir='ltr'><em>Observat</em></span> <span class='ocrx_word' id='word_1_283' title='bbox 1406 2392 1527 2435; x_wconf 87' lang='lat' dir='ltr'><em>porro</em></span> 
     </span>
     <span class='ocr_line' id='line_1_38' title="bbox 54 2436 1527 2491; baseline -0.001 -11"><span class='ocrx_word' id='word_1_284' title='bbox 54 2436 294 2482; x_wconf 86' lang='lat' dir='ltr'><em>Cardinalis</em></span> <span class='ocrx_word' id='word_1_285' title='bbox 317 2439 527 2483; x_wconf 79' lang='lat' dir='ltr'><em>Batonius</em></span> <span class='ocrx_word' id='word_1_286' title='bbox 556 2440 606 2483; x_wconf 93' lang='lat' dir='ltr'>A.</span> <span class='ocrx_word' id='word_1_287' title='bbox 629 2449 992 2483; x_wconf 80' lang='lat' dir='ltr'>Dcchxxxvm.</span> <span class='ocrx_word' id='word_1_288' title='bbox 1025 2437 1296 2481; x_wconf 83' lang='lat' dir='ltr'><em>execrandum</em></span> <span class='ocrx_word' id='word_1_289' title='bbox 1317 2436 1438 2491; x_wconf 89' lang='lat' dir='ltr'><em>plane</em></span> <span class='ocrx_word' id='word_1_290' title='bbox 1455 2436 1527 2478; x_wconf 91' lang='lat' dir='ltr'><em>diu</em></span> 
     </span>
     <span class='ocr_line' id='line_1_39' title="bbox 52 2492 1527 2547; baseline -0.001 -11"><span class='ocrx_word' id='word_1_291' title='bbox 52 2493 292 2538; x_wconf 83' lang='lat' dir='ltr'><em>istiusmodi</em></span> <span class='ocrx_word' id='word_1_292' title='bbox 322 2496 486 2539; x_wconf 90' lang='lat' dir='ltr'><em>facinus</em></span> <span class='ocrx_word' id='word_1_293' title='bbox 514 2496 734 2540; x_wconf 85' lang='lat' dir='ltr'><em>inolevisse</em></span> <span class='ocrx_word' id='word_1_294' title='bbox 750 2496 794 2538; x_wconf 90' lang='lat' dir='ltr'><em>in</em></span> <span class='ocrx_word' id='word_1_295' title='bbox 816 2495 978 2545; x_wconf 84' lang='lat' dir='ltr'><em>Galliis,</em></span> <span class='ocrx_word' id='word_1_296' title='bbox 1000 2495 1048 2536; x_wconf 90' lang='lat' dir='ltr'><em>ut</em></span> <span class='ocrx_word' id='word_1_297' title='bbox 1068 2495 1156 2537; x_wconf 87' lang='lat' dir='ltr'><em>tam</em></span> <span class='ocrx_word' id='word_1_298' title='bbox 1177 2492 1380 2547; x_wconf 88' lang='lat' dir='ltr'><em>Episcopi,</em></span> <span class='ocrx_word' id='word_1_299' title='bbox 1400 2505 1527 2547; x_wconf 91' lang='lat' dir='ltr'><em>quam</em></span> 
     </span>
     <span class='ocr_line' id='line_1_40' title="bbox 54 2548 1527 2613; baseline -0.003 -19"><span class='ocrx_word' id='word_1_300' title='bbox 54 2550 241 2595; x_wconf 83' lang='lat' dir='ltr'><em>Abbates</em></span> <span class='ocrx_word' id='word_1_301' title='bbox 269 2552 324 2595; x_wconf 90' lang='lat' dir='ltr'><em>ad</em></span> <span class='ocrx_word' id='word_1_302' title='bbox 354 2553 465 2596; x_wconf 87' lang='lat' dir='ltr'><em>bella</em></span> <span class='ocrx_word' id='word_1_303' title='bbox 494 2553 776 2608; x_wconf 88' lang='lat' dir='ltr'><em>procederent,</em></span> <span class='ocrx_word' id='word_1_304' title='bbox 805 2552 850 2594; x_wconf 91' lang='lat' dir='ltr'><em>in</em></span> <span class='ocrx_word' id='word_1_305' title='bbox 881 2551 1018 2594; x_wconf 91' lang='lat' dir='ltr'><em>hostes</em></span> <span class='ocrx_word' id='word_1_306' title='bbox 1057 2550 1271 2600; x_wconf 90' lang='lat' dir='ltr'><em>irruerent,</em></span> <span class='ocrx_word' id='word_1_307' title='bbox 1311 2548 1527 2613; x_wconf 81' lang='lat' dir='ltr'><em>caederent</em></span> 
     </span>
     <span class='ocr_line' id='line_1_41' title="bbox 52 2605 1526 2664; baseline -0.002 -15"><span class='ocrx_word' id='word_1_308' title='bbox 52 2606 164 2661; x_wconf 89' lang='lat' dir='ltr'><em>ipsos</em></span> <span class='ocrx_word' id='word_1_309' title='bbox 207 2609 249 2651; x_wconf 92' lang='lat' dir='ltr'><em>et</em></span> <span class='ocrx_word' id='word_1_310' title='bbox 277 2609 332 2652; x_wconf 87' lang='lat' dir='ltr'><em>ab</em></span> <span class='ocrx_word' id='word_1_311' title='bbox 359 2609 461 2664; x_wconf 88' lang='lat' dir='ltr'><em>ipsis</em></span> <span class='ocrx_word' id='word_1_312' title='bbox 488 2610 781 2657; x_wconf 77' lang='lat' dir='ltr'><em>caederentur3</em></span> <span class='ocrx_word' id='word_1_313' title='bbox 822 2608 993 2661; x_wconf 90' lang='lat' dir='ltr'><em>iureque</em></span> <span class='ocrx_word' id='word_1_314' title='bbox 1036 2605 1302 2660; x_wconf 89' lang='lat' dir='ltr'><em>conqueritur</em></span> <span class='ocrx_word' id='word_1_315' title='bbox 1343 2605 1396 2647; x_wconf 90' lang='lat' dir='ltr'><em>ab</em></span> <span class='ocrx_word' id='word_1_316' title='bbox 1438 2616 1526 2647; x_wconf 83' lang='lat' dir='ltr'><em>elus</em></span> 
     </span>
     <span class='ocr_line' id='line_1_42' title="bbox 53 2659 1526 2720; baseline -0.002 -15"><span class='ocrx_word' id='word_1_317' title='bbox 53 2663 253 2718; x_wconf 87' lang='lat' dir='ltr'><em>temporis</em></span> <span class='ocrx_word' id='word_1_318' title='bbox 282 2664 563 2720; x_wconf 87' lang='lat' dir='ltr'><em>Scriptoribus</em></span> <span class='ocrx_word' id='word_1_319' title='bbox 590 2665 784 2708; x_wconf 87' lang='lat' dir='ltr'><em>laudatos</em></span> <span class='ocrx_word' id='word_1_320' title='bbox 813 2663 982 2718; x_wconf 88' lang='lat' dir='ltr'><em>reperiri</em></span> <span class='ocrx_word' id='word_1_321' title='bbox 1014 2662 1178 2705; x_wconf 89' lang='lat' dir='ltr'><em>nomine</em></span> <span class='ocrx_word' id='word_1_322' title='bbox 1206 2661 1376 2704; x_wconf 87' lang='lat' dir='ltr'><em>bellicae</em></span> <span class='ocrx_word' id='word_1_323' title='bbox 1404 2659 1526 2703; x_wconf 87' lang='lat' dir='ltr'><em>forti-</em></span> 
     </span>
     <span class='ocr_line' id='line_1_43' title="bbox 53 2717 1526 2778; baseline -0.003 -16.139"><span class='ocrx_word' id='word_1_324' title='bbox 53 2719 226 2773; x_wconf 85' lang='lat' dir='ltr'><em>tudinis,</em></span> <span class='ocrx_word' id='word_1_325' title='bbox 251 2733 346 2764; x_wconf 85' lang='lat' dir='ltr'><em>cum</em></span> <span class='ocrx_word' id='word_1_326' title='bbox 374 2724 581 2778; x_wconf 88' lang='lat' dir='ltr'><em>tanquam</em></span> <span class='ocrx_word' id='word_1_327' title='bbox 612 2733 823 2764; x_wconf 86' lang='lat' dir='ltr'><em>sacrorum</em></span> <span class='ocrx_word' id='word_1_328' title='bbox 854 2719 1070 2762; x_wconf 88' lang='lat' dir='ltr'><em>Canonum</em></span> <span class='ocrx_word' id='word_1_329' title='bbox 1099 2717 1321 2760; x_wconf 84' lang='lat' dir='ltr'><em>violatores</em></span> <span class='ocrx_word' id='word_1_330' title='bbox 1363 2717 1404 2759; x_wconf 91' lang='lat' dir='ltr'><em>et</em></span> <span class='ocrx_word' id='word_1_331' title='bbox 1432 2729 1526 2758; x_wconf 88' lang='lat' dir='ltr'><em>mu-</em></span> 
     </span>
     <span class='ocr_line' id='line_1_44' title="bbox 0 2772 1524 2832; baseline -0.003 -12"><span class='ocrx_word' id='word_1_332' title='bbox 0 2776 14 2820; x_wconf 61' lang='lat'><em>}</em></span> <span class='ocrx_word' id='word_1_333' title='bbox 51 2776 163 2819; x_wconf 87' lang='lat' dir='ltr'><em>neris</em></span> <span class='ocrx_word' id='word_1_334' title='bbox 208 2778 433 2832; x_wconf 87' lang='lat' dir='ltr'><em>pastoralis</em></span> <span class='ocrx_word' id='word_1_335' title='bbox 489 2779 532 2822; x_wconf 90' lang='lat' dir='ltr'><em>et</em></span> <span class='ocrx_word' id='word_1_336' title='bbox 574 2777 754 2821; x_wconf 88' lang='lat' dir='ltr'><em>nominis</em></span> <span class='ocrx_word' id='word_1_337' title='bbox 796 2776 1023 2818; x_wconf 89' lang='lat' dir='ltr'><em>desertores</em></span> <span class='ocrx_word' id='word_1_338' title='bbox 1063 2773 1297 2817; x_wconf 87' lang='lat' dir='ltr'><em>detestandi</em></span> <span class='ocrx_word' id='word_1_339' title='bbox 1337 2772 1524 2816; x_wconf 87' lang='lat' dir='ltr'><em>fuissent.</em></span> 
     </span>
    </p>
   </div>
   <div class='ocr_carea' id='block_1_5' title="bbox 52 2831 954 2888">
    <p class='ocr_par' dir='ltr' id='par_1_12' title="bbox 0 2821 954 2907">
     <span class='ocr_line' id='line_1_45' title="bbox 52 2831 954 2888; baseline -0.002 -12.109"><span class='ocrx_word' id='word_1_340' title='bbox 52 2831 160 2876; x_wconf 87' lang='lat' dir='ltr'><em>Vide</em></span> <span class='ocrx_word' id='word_1_341' title='bbox 189 2832 408 2879; x_wconf 86' lang='lat' dir='ltr'><em>Observat.</em></span> <span class='ocrx_word' id='word_1_342' title='bbox 437 2835 492 2879; x_wconf 92' lang='lat' dir='ltr'><em>ad</em></span> <span class='ocrx_word' id='word_1_343' title='bbox 518 2833 740 2878; x_wconf 84' lang='lat' dir='ltr'><em>Ioinvillae</em></span> <span class='ocrx_word' id='word_1_344' title='bbox 767 2845 865 2888; x_wconf 87' lang='lat' dir='ltr'><em>pag.</em></span> <span class='ocrx_word' id='word_1_345' title='bbox 886 2832 954 2875; x_wconf 91' lang='lat'>50.</span> 
     </span>
    </p>
   </div>
  </div>
 </body>
</html>
