1806 3132
274 197 358 242 504
795 206 974 242 cAROLI
1002 205 1243 241 DUOANGII

273 323 385 368 recte
415 322 610 367 observa-t
645 321 840 366 Cuiacius
872 322 1117 365 thesaurum
1152 320 1474 377 Imperatorium
1495 320 1768 377 Laryitiones

274 381 545 436 appellatum,
577 380 619 423 et
645 379 899 436 dignitatem
929 379 1064 434 ipsam
1099 378 1275 422 Comitis
1315 392 1531 422 sacrarum
1571 379 1766 434 largitio-

274 451 389 491 num,
434 438 726 481 munerarium
767 437 1018 493 diynitatem
1062 450 1087 479 a
1135 435 1335 479 Senatore
1377 436 1450 478 lib.
1488 437 1525 479 6.
1571 437 1702 491 Epist.
1728 437 1765 479 7.

275 495 445 548 dictam,
478 495 600 549 quasi
629 494 871 538 muneribus
903 493 1169 548 potissimum
1199 493 1240 536 et
1284 493 1612 536 liberalitatibus
1655 507 1768 536 exer-

275 551 414 595 cendis
445 551 631 595 thesauri
655 551 827 606 Imperii
871 550 1030 594 addicti
1075 550 1172 592 sint.
1245 550 1326 594 Sed
1372 550 1413 593 et
1454 551 1579 593 vestis
1620 564 1770 593 sacrae

275 622 419 652 curam
450 621 572 663 penes
604 607 813 651 Comitem
841 620 1056 651 sacrarum
1093 606 1370 661 largitionum
1417 607 1544 651 fuisse
1591 608 1768 650 annotat

272 666 382 709 idem
415 665 593 709 Senator
623 665 823 720 additque
854 665 1053 719 quicquid
1087 664 1132 707 in
1158 664 1351 716 vestibus,
1375 665 1574 719 quiequid
1593 665 1640 708 in
1660 679 1766 716 aere,

273 723 472 779 quicquid
500 723 548 766 in
577 726 766 777 amento,
798 722 999 777 quicquid
1025 722 1072 765 in
1092 721 1268 776 yemmis
1289 721 1460 765 ambitio
1480 721 1667 765 hnmana
1688 735 1769 775 po-

273 784 351 824 test
383 780 536 823 habere
556 780 805 833 pretiosam,
838 779 958 822 illius
979 778 1323 822 ordinationibus
1342 778 1655 822 obsecundasse.
1688 778 1770 832 Qui

271 837 406 893 igitur
438 836 539 879 olim
571 836 717 879 Comes
745 849 961 879 sacrarum
996 835 1286 891 largitionum,
1318 839 1460 890 postea
1500 849 1525 879 a
1546 835 1769 886 Vestiaiio,

273 907 346 937 seu
390 893 564 943 aerario,
611 891 1059 951 Πρωτοβεστιαρίτης
1103 892 1243 935 dictus
1288 893 1363 946 est,
1412 893 1489 936 sub
1529 905 1610 947 quo
1651 892 1771 935 erant

275 951 571 1005 Βεστιαρῖται,
605 963 676 993 seu
705 950 879 994 Nobiles
923 963 971 993 ex
1005 949 1169 994 familia
1199 950 1471 1004 Imperatoris
1502 950 1656 1001 selecti,
1699 949 1770 1004 qui

273 1007 460 1051 vestibus
491 1007 747 1062 caeterisque
777 1008 1020 1051 muneribus
1054 1006 1107 1050 ad
1139 1006 1356 1061 Principes
1384 1006 1616 1050 deferendis
1646 1006 1771 1049 desti-

273 1064 506 1114 nabantur3
537 1064 655 1107 cuius
680 1064 906 1119 dignitatis
927 1064 1120 1107 meminit
1139 1063 1415 1119 Pachymeres
1445 1064 1516 1107 lib.
1538 1064 1574 1106 1.
1596 1076 1684 1118 cap.
1702 1064 1770 1105 20.

271 1122 345 1165 lib.
367 1122 406 1164 6.
436 1134 525 1175 cap.
551 1122 615 1164 19.
645 1121 718 1164 lib.
741 1123 778 1165 9.
810 1134 899 1176 cap.
921 1122 960 1164 8.
998 1120 1200 1164 Solebant
1218 1121 1370 1175 quippe
1392 1121 1668 1175 Imperatores
1685 1121 1771 1175 By-

273 1178 434 1222 zantini
467 1178 509 1221 et
539 1179 674 1234 Reges
704 1179 778 1221 alii
810 1179 944 1222 vestes
978 1179 1019 1221 et
1049 1190 1208 1233 pannos
1239 1178 1386 1232 magni
1418 1177 1542 1233 pretii
1572 1177 1625 1221 ad
1646 1177 1771 1219 Prin-

275 1236 384 1290 cipes
416 1235 728 1279 confoederatos
758 1236 939 1288 mittere,
970 1235 1042 1290 qui
1070 1235 1302 1278 etiamnum
1332 1247 1421 1277 mos
1455 1234 1678 1277 familiaris
1709 1234 1772 1277 est

275 1292 463 1335 Turcicis
496 1291 699 1345 Sultanis‚
731 1293 882 1347 quibus
920 1305 1064 1335 eorum
1108 1291 1271 1335 animos
1317 1291 1614 1347 demulcerent,
1660 1291 1771 1346 quod

273 1349 385 1392 infra
415 1349 541 1392 Anna
562 1349 745 1392 testatur
772 1363 867 1405 pag.
885 1349 983 1392 428.
1016 1350 1057 1392 et
1078 1349 1251 1391 Nicetas
1273 1348 1315 1390 in
1334 1348 1482 1392 Alexio
1510 1348 1582 1391 lib.
1605 1349 1640 1391 1.
1662 1348 1716 1391 N.
1731 1349 1768 1390 3.

274 1406 509 1449 Ioannitius
542 1406 826 1461 Bulgarorum
860 1407 948 1450 Rex
977 1406 1021 1448 in
1049 1406 1182 1461 Epist.
1229 1405 1283 1448 ad
1323 1406 1538 1449 Innocent.
1570 1406 1648 1448 ΙΙΙ.
1683 1405 1770 1447 ΡΡ.

273 1463 384 1506 Misi
413 1466 551 1507 autem
571 1464 630 1506 ad
643 1477 850 1517 praesens
869 1464 916 1507 in
936 1464 1059 1519 siyno
1071 1477 1238 1517 parvae
1258 1463 1566 1506 reeordationis
1585 1463 1772 1506 examita

274 1520 356 1563 duo
388 1520 567 1574 epicinia
598 1520 743 1576 dupla,
788 1534 919 1564 anum
965 1525 1025 1563 est
1053 1520 1239 1572 rubeum,
1272 1523 1310 1562 et
1341 1519 1463 1563 alind
1490 1519 1644 1563 albani.
1689 1519 1769 1561 Leo

275 1577 364 1621 Ost.
394 1577 466 1620 lib.
487 1578 526 1619 3.
559 1576 655 1620 Chr.
690 1577 803 1621 Cass.
835 1590 923 1632 cap.
952 1578 1016 1620 19.
1062 1577 1136 1620 Ibi
1166 1587 1246 1619 XX.
1274 1591 1449 1630 pannos
1474 1577 1630 1620 sericos
1661 1577 1770 1628 emit,

51 1649 91 1683 V.
117 1647 216 1684 Acta
272 1637 320 1677 nt
343 1634 383 1677 si
413 1638 517 1677 esset
546 1636 841 1686 necessarium,
882 1635 1052 1678 liaberet
1091 1634 1204 1689 quod
1240 1633 1418 1677 donaret
1447 1633 1568 1689 Περὶ.
1639 1634 1772 1675 Erant

0 1696 163 1732 Adriani
188 1697 262 1733 IV.
273 1691 408 1746 igitur
424 1691 680 1734 Vestiaritae
711 1691 884 1735 Nobiles
909 1691 1065 1743 selecti,
1097 1691 1170 1746 qui
1195 1691 1241 1733 in
1274 1691 1480 1734 comitatu
1500 1689 1771 1745 Imperatoris

26 1745 100 1780 PP-
125 1745 229 1791 apud
275 1748 408 1800 erant,
442 1747 676 1790 cuiusmodi
707 1748 807 1791 sunt
836 1761 939 1803 quos
967 1749 1011 1791 in
1031 1748 1197 1803 Regum
1228 1751 1467 1791 nostrorum
1499 1747 1624 1791 Curia
1657 1747 1771 1790 Gen-

55 1793 195 1829 B‘W‘m·
276 1804 530 1848 tilshommes
560 1805 802 1848 ordinaires
833 1805 884 1849 de
912 1805 955 1849 la
985 1805 1164 1848 Maison
1196 1805 1254 1848 dn
1283 1804 1379 1859 Roy
1421 1804 1550 1860 vulgo
1583 1804 1770 1859 appella-

45 1841 91 1876 Α·
110 1845 212 1878 1156.
275 1874 382 1904 mus.
426 1861 536 1905 Nam
558 1862 675 1905 aliud
694 1862 778 1905 fuit
794 1860 1101 1906 Vestiariorum
1122 1875 1286 1905 munus.
1332 1862 1499 1916 Papias,
1526 1861 1770 1912 Vestiarins‚

275 1919 347 1973 qai
390 1922 520 1962 vestes
560 1923 695 1962 curat.
764 1920 895 1962 Vetus
942 1920 1139 1974 Inscript.
1185 1930 1228 1962 L.
1280 1927 1444 1962 AGRIO.
1494 1928 1771 1962 VESTIARIO.

274 1985 557 2019 TENVIARIO.
599 1986 702 2019 ΙΜΡ.
762 1976 907 2030 Atque
950 1976 1012 2019 ita
1060 1989 1201 2019 vocem
1248 1977 1355 2019 hanc
1389 1975 1568 2030 usurpat
1596 1976 1772 2018 Ioannes

276 2032 489 2075 Diaconus
518 2032 562 2074 in
594 2033 683 2076 vita
715 2032 756 2076 S.
789 2032 983 2089 Gregorii
1013 2033 1071 2076 M.
1102 2033 1187 2076 ΡΡ.
1221 2033 1293 2076 lib.
1318 2034 1353 2075 1.
1386 2045 1475 2087 cap.
1501 2033 1536 2075 1.
1606 2031 1687 2075 Sed
1719 2045 1774 2074 an

284 2088 523 2132 Vestararii
549 2089 676 2133 iidem
708 2090 866 2133 fuerint
896 2103 990 2133 curn
1017 2089 1249 2142 Vestiariis‚
1281 2090 1350 2133 vix
1378 2089 1517 2132 ausim
1548 2089 1773 2144 quicquam

277 2145 381 2188 certi
410 2146 594 2190 definire.
642 2147 983 2190 Vestarariorum
1023 2147 1180 2202 passim
1223 2146 1416 2190 meminit
1449 2145 1700 2190 Anastasius
1731 2144 1774 2186 in

276 2202 376 2245 vitis
407 2203 493 2245 ΡΡ.
530 2203 642 2246 Edit.
680 2203 784 2259 Reg.
812 2217 907 2260 pag.
934 2204 1028 2247 114.
1059 2205 1155 2246 213.
1190 2204 1287 2246 249.
1315 2204 1411 2246 283.
1442 2203 1536 2246 285.
1568 2203 1664 2245 292.
1723 2202 1774 2244 ld

278 2259 456 2310 constat,
497 2259 701 2303 eiusmodi
748 2274 902 2304 munus
950 2261 1240 2315 Longobardis
1286 2259 1496 2316 peculiare
1540 2259 1680 2311 fuisse,
1727 2271 1771 2301 ex

279 2315 482 2359 Chronico
516 2316 763 2360 Monasterii
794 2318 1020 2376 Benevent.
1043 2317 1085 2361 S.
1110 2317 1290 2372 Sophiae
1319 2329 1416 2372 pag.
1441 2316 1536 2359 615.
1560 2316 1656 2359 625.
1676 2316 1772 2358 638.

277 2372 373 2414 641.
435 2373 495 2415 Ex
535 2386 616 2428 quo
662 2374 945 2418 emendandus
985 2374 1124 2417 Autor
1167 2374 1280 2418 vitae
1324 2373 1365 2418 S.
1411 2373 1528 2416 Petri
1579 2372 1776 2416 Cavensis

278 2428 434 2472 Abbat.
478 2429 532 2473 N.
555 2431 622 2474 29.
668 2431 741 2474 ubi
786 2444 1002 2486 perperam
1036 2431 1126 2475 Odo
1172 2431 1345 2486 quidam
1388 2430 1657 2474 Vestarasias
1701 2442 1774 2484 pro

286 2485 558 2530 Vestararius
599 2487 768 2531 dicitur.
844 2489 948 2532 Erat
993 2488 1103 2532 enim
1138 2488 1227 2532 Odo
1262 2487 1536 2531 Vestararius
1577 2485 1775 2530 Cavensis

279 2542 537 2594 Monasterii,
569 2557 652 2599 qua
682 2544 893 2600 dignitate
921 2545 967 2588 in
995 2545 1137 2589 eodem
1169 2545 1424 2588 Monasterio
1462 2544 1632 2587 functus
1666 2543 1773 2597 legi-

278 2599 350 2640 tur
391 2599 563 2654 quidam
606 2600 816 2654 Caloctus‚
865 2602 976 2657 apud
1018 2602 1248 2658 Ughellum
1294 2602 1412 2645 Toni.
1437 2602 1474 2644 7.
1520 2601 1618 2644 Ital.
1658 2599 1771 2643 Sacr.

281 2667 375 2709 pag.
398 2657 493 2698 610.
548 2658 676 2701 Extat
705 2658 750 2701 in
778 2659 1005 2702 Tabulario
1038 2659 1078 2703 S.
1111 2659 1292 2714 Benigni
1326 2658 1434 2713 apud
1468 2657 1700 2701 Perardum
1730 2656 1774 2698 in

281 2711 565 2766 Burgundicis
612 2714 800 2769 Epistola
845 2716 1017 2759 Ioannis
1071 2716 1254 2759 eiusdem
1299 2714 1547 2758 Monasterii
1594 2713 1776 2757 Abbatis

282 2767 484 2832 inscripta
514 2769 700 2813 Domino
731 2771 762 2813 I
763 2772 808 2815 ll.
837 2771 964 2816 Sacri
982 2772 1149 2817 Palatii
1172 2772 1431 2825 Vestarario‚
1463 2770 1611 2815 Primo
1642 2769 1775 2814 Sena-

285 2827 379 2878 tori,
410 2839 572 2869 necnon
600 2827 721 2871 unico
751 2828 1044 2873 Romanorum
1070 2829 1197 2873 Daci.
1274 2830 1335 2872 Ex
1376 2828 1527 2885 quibus
1572 2827 1775 2871 coniiccre
