1794 3132
59 984 150 1031 Pag.
162 985 220 1019 29.
233 983 259 1018 C

58 1791 214 1834 Pag.30.
227 1791 257 1826 B

274 235 357 277 432
793 243 972 278 CAROLI
1004 242 1247 277 DUOANGH

273 373 504 415 manusque
537 372 639 402 suas
682 358 877 410 ablueret,
926 357 1174 412 mappulam
1212 360 1250 399 et
1285 358 1497 412 pectinem
1542 357 1766 401 eburneum

274 416 438 470 afferre,
472 419 512 459 et
543 415 718 459 barbam
749 415 1033 469 Imperatoris
1055 418 1234 468 pectere.
1292 413 1468 457 Nobiles
1501 414 1675 468 puellae
1696 415 1766 469 fa-

275 473 346 517 cili
375 477 579 529 pratoque
606 473 776 515 servitio
808 487 834 515 a
864 471 1031 514 liberali
1053 470 1258 524 Principe
1279 471 1504 525 deputatae
1527 475 1637 524 sunt,
1660 486 1767 526 quae

264 534 366 584 post
395 531 567 585 lonqum
595 534 755 583 tempus
776 529 958 584 Royerio
991 527 1141 572 Comiti
1169 527 1354 578 Siciliae,
1375 527 1568 583 Auyusto
1584 528 1763 582 favente,

273 591 319 630 ut
366 588 498 631 amico
542 587 734 630 redditae
776 589 886 629 sunt.
961 585 1021 627 At
1052 597 1159 639 quae
1188 584 1271 626 fuit
1298 584 1431 628 altera
1460 585 1634 628 Roberti
1663 585 1764 638 filia,

274 657 401 699 quam
426 657 510 686 una
541 656 634 686 oum
666 655 805 685 sorore
821 643 981 685 Helena
1004 641 1411 695 Constantinopolim
1442 642 1614 685 missam
1642 642 1767 685 autor

275 702 337 743 est
359 700 528 752 Vitalis,
560 713 726 754 unaque
759 712 854 741 cum
885 712 932 742 ea
952 698 1171 741 remissam
1198 697 1252 741 ad
1268 698 1511 753 Rogerium,
1540 711 1623 741 non
1644 698 1766 753 plane

276 758 461 800 constat:
507 756 677 800 tametsi
722 756 935 810 probabile
979 755 1174 798 videatur
1218 753 1347 798 fuisse
1377 754 1610 807 Mabiliam,
1658 767 1764 810 quae

275 815 393 870 patre
423 814 508 856 iam
537 813 719 856 extincto
752 812 905 867 nupsit,
939 825 1033 854 cum
1068 812 1153 854 tres
1195 811 1302 854 aliae
1346 824 1392 854 ex
1427 811 1622 867 quinque,
1662 825 1766 867 quas

274 872 424 915 extulit
454 870 623 913 filiabus
654 870 874 922 Robertus,
913 869 1002 923 ipso
1036 868 1260 923 superstite
1296 868 1466 923 nuptias
1499 868 1642 912 iniisse
1675 870 1765 912 tra-

273 929 440 972 dantur.

409 980 647 1039 Κόμητας]
708 982 812 1026 Cum
853 982 1088 1026 Normanni
1133 982 1176 1024 in
1219 982 1386 1036 Apulia,
1431 981 1671 1036 impellente
1714 994 1762 1025 ac

273 1042 521 1085 stimulante
571 1039 787 1083 Hardoino
838 1038 1152 1090 Mediolanensi,
1203 1039 1341 1082 sedem
1405 1038 1533 1094 figere
1582 1039 1623 1081 et
1668 1052 1763 1082 cum

273 1099 442 1143 Graecis
486 1098 697 1140 decertare
742 1097 1032 1148 decrevissent,
1079 1096 1280 1150 primores
1320 1108 1367 1138 ex
1404 1095 1489 1138 suis
1514 1096 1578 1138 12.
1612 1096 1762 1151 quibus

272 1156 476 1211 parerent,
522 1154 748 1209 elegerunt,
803 1153 937 1208 iisque
982 1152 1196 1196 Comitum
1239 1152 1483 1195 indiderunt
1528 1165 1678 1196 nomen
1723 1154 1764 1196 et

272 1212 538 1268 dignitatem.
596 1209 848 1253 Guillelmus
880 1209 1004 1264 Apul.
1036 1209 1108 1253 lib.
1130 1210 1166 1253 1.
1340 1257 1343 1260 Δ

386 1268 630 1312 Normanni
662 1267 852 1322 quam-vis
882 1266 1088 1309 Danaum
1116 1267 1270 1309 virtute
1295 1266 1427 1310 coacti

386 1325 560 1380 Appula
589 1339 695 1367 rura
715 1324 845 1378 prius
873 1324 1094 1376 dimittere,
1124 1337 1355 1378 rursusque
1384 1323 1506 1366 adire

386 1382 479 1425 Hoc
506 1381 752 1425 stimulante
771 1384 949 1435 parant,
983 1394 1156 1424 numero
1185 1394 1279 1423 cum
1307 1380 1470 1423 viribus
1499 1382 1633 1433 aucto,

388 1439 540 1482 Omnes
568 1438 829 1490 conveniunt,
861 1441 899 1480 et
929 1437 993 1480 bis
1021 1452 1095 1481 sex
1125 1437 1363 1491 nobiliores,

388 1497 498 1549 Quos
524 1509 656 1551 yenus
685 1499 724 1537 et
749 1496 942 1550 pravitas
972 1509 1136 1538 morum
1164 1494 1389 1538 decorabat
1419 1497 1458 1536 et
1485 1497 1613 1545 aetas,

386 1552 570 1607 Eleyere
600 1551 752 1607 Duces,
775 1552 988 1605 provectis
1015 1552 1073 1595 ad
1108 1550 1361 1594 Comitatum

387 1609 470 1652 His
494 1609 572 1652 alii
595 1613 766 1662 parent,
802 1607 1035 1651 Comitatus
1063 1622 1214 1651 nomen
1242 1608 1416 1651 honoris

385 1665 473 1719 Quo
505 1666 722 1709 donantur
751 1669 854 1717 erat,
886 1665 930 1708 hi
961 1669 1070 1709 totas
1098 1666 1284 1720 undique
1315 1669 1451 1708 terras

386 1722 582 1766 Divisere
609 1722 703 1774 sibi,
735 1723 812 1764 ete.

407 1775 704 1835 ,Μητρόπολιν
739 1769 874 1820 οὖσαν
904 1777 1121 1835 ΖΙίῙέλφης]
1186 1779 1282 1822 Non
1328 1778 1501 1822 Melfam
1548 1777 1613 1821 vel
1655 1777 1761 1820 Mel-

271 1836 409 1890 pham,
441 1836 622 1891 primam
641 1836 983 1879 Normannorum
1010 1836 1055 1878 in
1072 1836 1229 1891 Apulia
1249 1835 1400 1886 sedem,
1430 1834 1500 1878 sed
1517 1834 1760 1889 Amalphim

270 1892 338 1935 hio
370 1893 572 1948 intelligit
594 1894 731 1945 Anna,
759 1906 878 1947 quae,
912 1893 957 1935 ut
988 1893 1050 1935 est
1083 1893 1194 1947 apud
1215 1892 1390 1948 Tyrium
1419 1892 1493 1934 lib.
1517 1892 1580 1934 18.
1614 1904 1702 1946 cap.
1720 1891 1758 1933 4.

270 1953 330 1992 est
363 1949 521 1993 Civitas
550 1951 663 1992 inter
696 1964 813 1992 mare
856 1953 894 1992 et
936 1954 1097 1992 montes
1137 1949 1484 1992 eminentissimos
1521 1948 1759 1997 constituta,

271 2006 322 2048 ab
369 2006 537 2049 Oriente
578 2007 736 2050 liabens
778 2007 922 2048 urbem
962 2007 1291 2049 munitissimam
1337 2005 1575 2056 Salernum,
1619 2006 1692 2047 vix
1720 2006 1758 2048 7.

269 2063 526 2106 milliaribus
564 2064 732 2106 marino
778 2063 829 2106 ab
876 2077 926 2105 ea
967 2064 1195 2106 distantem
1239 2064 1402 2116 itinere,
1449 2062 1502 2105 ab
1540 2061 1759 2105 Occidente

270 2134 364 2162 vero
393 2119 643 2163 Surrentum
675 2124 713 2162 et
744 2119 984 2174 Neapolim.
1049 2120 1171 2163 Hanc
1208 2120 1470 2175 expugnarat
1506 2119 1630 2173 paulo
1663 2119 1761 2162 ante

271 2175 528 2220 Guiseardus
573 2177 617 2220 C.
666 2178 745 2220 An.
778 2186 1018 2220 MCLXXIII.
1068 2175 1232 2219 Gisulfo
1283 2176 1441 2219 sororio
1491 2174 1757 2219 Salernitano

270 2233 463 2288 Principe
502 2234 659 2276 frustra
704 2234 1008 2289 propugnante,
1056 2234 1119 2276 uti
1148 2235 1323 2276 narrant
1351 2232 1604 2276 Guillelmus
1634 2232 1760 2287 Apul.

269 2290 342 2333 lib.
364 2292 402 2333 3.
423 2291 464 2333 et
481 2289 717 2334 Gaufredus
735 2291 965 2333 Malaterra
983 2290 1056 2334 lib.
1079 2291 1117 2333 3.
1153 2303 1240 2345 cap.
1266 2291 1305 2332 3.
1337 2289 1449 2345 apud
1471 2302 1594 2345 quem
1614 2288 1761 2342 Malfa

271 2347 549 2402 nuncupatur.
608 2348 739 2390 Porro
772 2348 895 2390 Anna
925 2346 1144 2390 Salernum
1193 2347 1385 2401 Melphae
1422 2360 1493 2390 seu
1538 2345 1759 2400 Amalphis

271 2403 534 2458 Metropolim
567 2404 764 2459 appellat,
797 2404 908 2459 quod
940 2417 987 2446 ea
1015 2404 1274 2459 tempestate,
1315 2405 1364 2446 ut
1406 2404 1448 2446 et
1485 2404 1642 2448 nostra,
1679 2402 1760 2445 cir-

271 2460 475 2503 cumiecta
526 2461 653 2516 regio,
703 2462 902 2516 totusque
945 2461 1016 2515 qui
1062 2461 1263 2516 Amalphi
1305 2460 1469 2504 adiacet
1518 2459 1758 2503 maritimus

269 2517 444 2569 tractus,
475 2518 527 2560 ab
557 2518 635 2560 hae
665 2518 766 2560 urbe
792 2517 1115 2572 appellationem
1137 2517 1379 2566 sortiretur;
1410 2517 1521 2572 quod
1551 2517 1760 2559 testantur

271 2573 506 2616 Alexander
536 2575 679 2618 Abbas
712 2573 885 2617 Celesin.
924 2575 996 2617 lib.
1017 2575 1055 2617 3.
1091 2587 1180 2629 oap.
1204 2575 1270 2617 23.
1329 2573 1517 2628 Raphael
1548 2573 1756 2616 Volaterr.

272 2630 313 2671 et
345 2630 529 2673 Leander
559 2630 719 2674 Albert.
793 2631 892 2674 Alia
928 2633 1069 2674 autem
1118 2631 1200 2673 fuit
1243 2631 1373 2674 Melfa
1412 2643 1484 2674 seu
1520 2629 1655 2673 Melfis
1694 2629 1759 2672 vel

272 2685 426 2738 Melfia,
460 2687 595 2741 prima
626 2687 968 2730 Normannorum
1000 2688 1042 2729 in
1073 2687 1230 2742 Apulia
1261 2687 1389 2739 sedes,
1424 2687 1476 2730 ab
1505 2687 1571 2738 iis,
1604 2698 1685 2741 quo
1716 2698 1758 2728 se

273 2742 469 2785 adversus
499 2743 677 2786 Graecos
708 2745 936 2795 tuerentur,
983 2744 1204 2787 aedificata
1231 2757 1301 2787 seu
1338 2744 1476 2798 potius
1506 2743 1756 2794 instaurata,

273 2799 320 2841 ut
352 2800 474 2842 autor
492 2801 554 2842 est
574 2800 804 2843 Malaterra
834 2801 906 2844 lib.
928 2802 964 2844 1.
996 2813 1084 2856 cap.
1100 2802 1138 2844 9.
1186 2801 1301 2844 Iacet
1330 2800 1406 2844 illa
1425 2799 1628 2843 Asculum
1648 2799 1758 2841 inter

273 2856 314 2899 et
343 2856 564 2910 Venusam,
600 2857 644 2898 in
683 2858 864 2900 extremo
896 2857 1076 2912 Apuliae
1119 2857 1266 2910 limite,
1314 2857 1555 2901 Calabriam
1602 2868 1756 2908 versus,
