1794 3132
566 223 621 258 m
647 221 935 258 Ammonis
963 224 1126 260 NOTAE
1498 220 1582 264 445

102 339 182 382 His
211 339 285 395 qui
314 339 506 394 praeerat
533 332 867 394 Ἀρχιευνοῢχος
899 339 1056 383 dicitur
1093 341 1138 384 in
1168 341 1370 386 Chronico
1400 342 1583 388 Alexan-

103 396 224 440 drino
252 395 306 439 A.
322 395 610 439 Valentiniani
640 396 691 438 V.

234 446 487 507 Ἐπαγωγοὶ
514 449 594 508 γὰρ
624 450 798 511 ανδρες]
835 453 1132 496 Eunuchorum
1164 454 1270 496 nutu
1298 467 1363 497 res
1391 454 1435 497 in
1455 455 1629 500 Pala-A

103 509 176 551 tiis
195 510 348 564 gestas,
368 521 490 563 saepe
512 510 813 564 pessumdataS,
834 509 1024 564 legimus.
1068 510 1330 564 Lampridius
1348 510 1392 553 in
1413 510 1582 555 Severo:

102 564 331 609 Eunuchos
357 579 432 609 nec
461 565 510 608 in
538 566 736 619 consiliis,
767 580 842 610 nec
868 567 917 623 in
945 567 1193 609 ministeriis
1220 566 1378 618 habuit,
1408 569 1479 622 qui
1502 569 1584 612 soli

102 621 328 676 Principes
347 622 551 676 perdunt,
583 623 684 666 dum
712 637 782 667 eos
807 637 922 666 more
950 624 1149 679 yentium,
1189 627 1262 666 aut
1291 623 1453 679 Reyum
1480 624 1582 668 Per-

101 692 261 732 sarum,
290 679 435 722 volunt
463 679 623 723 vivere:
653 681 726 734 qui
756 694 849 724 cum
878 681 1005 734 empti
1033 681 1133 732 sint,
1172 683 1210 722 et
1243 681 1375 733 pravi
1409 680 1581 734 fuerint,

101 736 207 789 quid
234 735 405 779 tandem
420 739 606 789 possunt
633 736 734 780 boni
761 736 944 790 sapere?
985 737 1097 779 Hinc
1126 736 1328 790 spadones
1358 737 1400 779 et
1427 737 1584 780 aulicos

99 793 247 844 tineas,
276 793 512 847 soricesque
538 792 705 836 Palatii
730 793 971 849 appellabat
1002 792 1187 835 Licinius
1224 792 1335 847 apud
1364 793 1583 836 Aurelium

100 849 336 892 Victorem:
366 849 415 890 ut
444 849 632 892 omnium
653 850 861 894 malorum
882 849 1063 893 artifices
1087 862 1171 892 non
1190 849 1316 892 semel
1336 850 1583 905 perstringit

101 904 404 948 Constantinus
434 905 670 949 Manasses:

234 960 327 1004 Καὶ
357 957 410 1020 δὴ
439 958 524 1018 γοῖρ
553 957 608 1004 ἂν
636 960 827 1018 ἔδρασαν
856 958 898 1005 οἳ
930 960 1368 1017 Θαλαμοπολοῢντες,

234 1011 465 1072 Εὕνοῦχοι,
499 1015 827 1076 ρυπαρόψυχοι,
859 1015 1040 1062 πάντων
1062 1018 1207 1061 κακῶν
1233 1014 1419 1074 ἐργάται.

101 1073 156 1116 Et
184 1073 268 1117 alio
297 1075 403 1129 loco,

237 1127 353 1183 ‘'Ewg
381 1130 454 1175 καὶ
482 1127 598 1174 πότε
626 1133 706 1191 τῆς
733 1126 869 1192 ἀρχῆς
898 1129 951 1176 τὸ
972 1129 1132 1189 κράτος
1152 1129 1383 1175 ἶθυνοῧσιν

231 1181 458 1243 Εὖνοῦχοι,
489 1186 818 1245 γυναικόψυχοι,
851 1186 1042 1245 πόριμοι
1070 1186 1187 1245 πρὸς
1215 1188 1380 1242 κακίαν,

230 1240 423 1288 Πάντων
451 1244 685 1303 ἑφευρεταὶ
711 1249 869 1300 κακῶν,
900 1245 1081 1289 πάντων
1109 1247 1254 1288 κακῶν
1275 1243 1465 1302 ἐργάται,

234 1294 513 1358 ’Ἀνθρωποι
539 1299 864 1359 μαλακόψυχοι,
897 1300 1030 1360 σκεύη
1058 1302 1416 1359 πονηρευμάτων,

236 1360 335 1401 Τῶν
365 1353 598 1414 ἀθεμίτων
626 1354 801 1416 ἅγωγοὶ,
833 1360 1027 1416 σωλῆνες
1054 1359 1323 1415 κακουργίας.

94 1414 210 1458 Nota
251 1415 491 1470 Chrysaorii
526 1429 605 1460 vox
645 1418 721 1461 illa
759 1418 870 1473 apud
899 1418 1142 1470 Cedrenum‚
1186 1416 1225 1461 εὶ
1255 1417 1335 1471 μὲν
1365 1414 1479 1469 ἔχεις
1507 1411 1578 1459 εὖ-

94 1473 263 1525 νοῦχον,
294 1469 527 1530 φόνευσον,
559 1471 599 1517 εἰ
625 1473 663 1516 δ’
697 1469 776 1517 οὔκ
807 1472 933 1528 ἔχεις,
974 1470 1204 1530 ἀγόρασον,
1244 1474 1316 1516 καὶ
1344 1472 1574 1531 φόνευσον.

95 1529 147 1571 V.
175 1529 405 1573 Henricum
426 1530 643 1574 Valesium
680 1531 734 1574 ad
767 1532 832 1575 18.
868 1532 1117 1585 Marcellini,
1155 1544 1251 1586 pag.
1275 1532 1367 1574 153.
1404 1531 1446 1574 et
1481 1530 1575 1574 Sal-

94 1586 274 1630 masium
303 1587 357 1630 ad
385 1587 497 1630 Hist.
529 1587 642 1643 Aug.
672 1601 770 1644 pag.
792 1589 889 1631 240.

227 1635 491 1703 Ἐξαδελφῇ]
525 1644 595 1687 Sic
622 1658 721 1700 pag.
740 1645 810 1687 48.
841 1645 902 1687 At
926 1643 1054 1687 editio
1073 1644 1377 1687 Hoescheliana
1405 1637 1574 1702 ἀδελφῇ
1587 1661 1619 1696 A

92 1698 231 1755 habet,
264 1700 332 1743 cui
361 1701 476 1744 favet
498 1701 693 1753 Zonaras,
734 1702 807 1756 qui
836 1701 998 1744 Irenem
1028 1701 1179 1744 Isaacii
1220 1713 1385 1743 uxorem
1414 1701 1574 1743 Mariae

92 1755 376 1810 Imperatricis
396 1770 577 1800 sororem
598 1758 726 1801 fuisse
744 1758 901 1800 scribit.
938 1758 1044 1801 Vide
1061 1757 1247 1800 Stemma
1263 1756 1570 1799 Comnenicum.

25 1861 31 1866 ⁷
232 1809 445 1856 Υἶοθετεῖ
487 1810 566 1856 τὸν
604 1808 803 1868 Ἀλέξιον
845 1811 954 1856 κατὰ
995 1811 1073 1856 τὸν
1112 1809 1611 1868 παρακολουθήσανταο

92 1867 198 1924 περὶ
225 1871 314 1912 τῶν
339 1867 561 1914 τοιούτων
579 1867 718 1914 πάλαι
746 1868 906 1928 τύπον]
939 1871 1044 1914 Cum
1072 1883 1278 1924 pronuper
1303 1870 1354 1912 de
1372 1869 1573 1912 eiusmodi

93 1925 388 1981 adoptionibus
416 1928 650 1971 honorariis
689 1930 730 1972 et
759 1928 1050 1983 spiritualibus
1087 1927 1176 1969 fuse
1212 1926 1314 1969 satis
1344 1926 1500 1981 egerim
1527 1926 1572 1967 in

92 1982 314 2027 Dissertat.
345 1985 414 2027 21.
441 1985 484 2028 et
511 1986 579 2028 22.
611 1985 664 2028 ad
695 1985 950 2036 Ioinvillam,
982 1984 1088 2026 nihil
1122 1985 1184 2026 est
1217 1982 1327 2037 quod
1364 1984 1442 2025 hoc
1479 1983 1570 2024 loco

92 2038 177 2081 iam
208 2039 324 2084 dicta
353 2042 551 2096 repetam.
610 2042 794 2085 Tantum
823 2053 970 2084 moneo
1001 2041 1054 2083 ad
1092 2039 1356 2090 firmandum,
1394 2038 1466 2093 qui
1504 2038 1570 2080 hic

92 2095 336 2140 observatus
380 2098 508 2141 fuisse
551 2098 595 2140 in
633 2098 728 2141 istis
772 2098 1066 2153 adoptionibus
1109 2096 1299 2138 innuitur
1342 2095 1395 2137 ab
1431 2095 1568 2146 Anna,

89 2151 235 2206 ritum,
264 2153 423 2210 fugisse
463 2168 529 2198 me
572 2156 664 2197 tum
706 2155 913 2210 insignem
944 2152 1211 2208 Pachymeris
1252 2152 1403 2203 locum,
1435 2164 1460 2193 a
1486 2163 1568 2205 quo

91 2208 301 2263 hauserat,
331 2224 438 2265 quae
462 2211 505 2253 in
544 2211 652 2254 hane
694 2224 780 2254 rem
816 2212 941 2254 habet
970 2210 1144 2252 Maurus
1174 2208 1353 2251 Orbinus
1383 2209 1425 2250 in
1456 2207 1566 2249 Hist.

92 2265 316 2310 Slavorum
346 2281 372 2311 a
398 2281 464 2311 me
490 2268 709 2311 laudatus:
737 2281 784 2311 ex
810 2281 892 2322 quo
920 2266 1090 2310 tandem
1119 2266 1316 2308 docemur
1334 2265 1409 2306 has
1438 2263 1567 2317 adop-

91 2322 225 2365 tiones
253 2323 297 2365 in
328 2324 526 2377 Ecclesia,
554 2337 692 2368 coram
723 2324 957 2376 Sacerdote,
997 2322 1204 2376 conceptis
1246 2321 1290 2363 in
1319 2333 1413 2362 eum
1443 2320 1565 2362 finem

91 2379 292 2432 precibus,
322 2382 591 2436 accensisque
623 2382 676 2424 ad
706 2381 749 2423 id
778 2381 1002 2431 funalibus,
1032 2378 1294 2433 potissimum
1318 2376 1566 2425 celebratas;

90 2436 132 2477 et
159 2435 212 2478 ad
242 2437 302 2479 rei
330 2440 607 2481 ceremoniam
651 2437 920 2492 adoptantem
949 2435 1192 2490 adoptivum
1223 2433 1355 2475 filium
1387 2445 1565 2486 expanso

90 2491 218 2546 pallio
247 2493 577 2537 circumdedisse.
647 2495 715 2537 Ita
756 2494 868 2536 enim
896 2493 1170 2546 Pachymeres
1200 2489 1379 2532 Mariam
1409 2488 1565 2531 Canta-

0 2576 3 2580 v
90 2560 300 2602 cuzenam,
329 2563 402 2593 seu
430 2551 784 2606 Palaeologinam‚
807 2549 1079 2592 Constantino
1101 2546 1262 2589 Toecho
1283 2545 1563 2600 Bulgarorum

0 2616 3 2653 ζ
87 2604 202 2659 Rege
233 2607 387 2650 marito
408 2608 603 2659 extincto,
625 2606 1045 2661 Sphendosthlavum,
1069 2604 1293 2657 Despotam
1315 2601 1563 2656 Bulgarum‚

89 2661 191 2713 (non
220 2662 341 2706 illum
372 2677 468 2707 vero
499 2664 570 2719 qui
603 2663 785 2719 Myltzae
821 2662 863 2704 in
901 2673 1075 2716 regnum
1104 2658 1313 2709 successit,
1356 2659 1406 2699 ut
1440 2657 1565 2699 habet

90 2717 303 2774 Orbinus,)
344 2721 566 2775 adoptasse
612 2720 771 2771 scribit,
835 2719 876 2760 et
923 2717 1092 2759 diducto
1139 2715 1265 2769 pallio
1317 2714 1563 2756 Michaelem

89 2773 237 2827 filium,
265 2776 484 2832 ipsumque
514 2775 919 2832 Sphendosthlavum
947 2774 1045 2816 hinc
1074 2772 1200 2826 atque
1224 2770 1320 2813 inde
1348 2770 1459 2812 ulnis
1488 2769 1564 2812 ad-

0 2835 2 2837 ’
90 2832 280 2876 movisse.
333 2834 414 2878 Sed
443 2835 629 2890 praestat
672 2832 880 2875 solennem
923 2830 1050 2872 istum
1082 2829 1212 2871 ritum
1257 2827 1393 2870 verbis
1434 2827 1563 2881 ipsius
