1806 3132
296 201 380 245 658
813 209 991 244 OAROLI
1025 209 1264 245 DUOANGII

294 326 386 369 tum
427 325 631 378 Maresch‚
677 326 858 369 alterum
903 326 1039 370 filium
1081 325 1293 378 Marchisi,
1341 326 1544 370 Tancredi
1593 326 1780 381 fratrem,

293 382 469 426 tertium
505 382 557 425 de
585 382 842 437 Principatu
887 383 1244 439 cognominatum,
1286 383 1403 426 cuius
1441 383 1510 426 hic
1539 383 1664 427 Anna
1693 397 1780 427 me-

294 439 431 481 minit.
464 439 585 483 Unde
614 439 758 482 lubens
790 440 834 482 in
864 453 956 483 eam
986 439 1237 483 sententiam
1265 439 1381 492 irem,
1410 439 1639 483 Ricardum
1668 441 1779 483 hunc

294 495 484 539 eumdem
513 508 600 539 esse
631 508 725 538 cum
755 496 936 540 Ricardo
968 496 1017 539 de
1049 495 1309 550 Principatu,
1349 496 1411 539 ita
1440 497 1490 539 ut
1519 509 1566 539 ex
1595 497 1675 540 viri
1705 510 1780 540 no-

293 552 405 595 mine
434 552 687 607 appellativo
718 553 759 596 et
789 553 1035 608 cognomine
1065 552 1184 596 binos
1208 552 1365 605 fecerit,
1412 553 1494 596 nisi
1523 554 1703 608 quatuor
1735 554 1779 596 in

293 609 601 718 gonspiratione
619 609 716 708 fill?
749 608 932 708 Clffimites
973 609 1100 718 {uisse
1139 610 1360 718 {sslelreretfi
1419 609 1611 709 Proindef
1630 610 1780 709 Rigu-

322 678 371 709 us
415 678 451 708 31
480 679 504 708 a
524 679 588 708 lus
637 679 679 708 111
732 679 757 709 a
812 679 982 720 111161]οα
1002 680 1024 709 o
1085 679 1139 709 au
1185 679 1201 707 1
1237 678 1258 708 e
1287 678 1328 708 es
1392 679 1514 721 quem
1543 680 1586 708 111
1608 679 1656 710 ra
1729 680 1779 709 u-

324 735 415 766 oms
450 721 622 765 fratrem
666 723 869 775 nominat,
917 722 989 777 qui
1031 722 1075 764 in
1114 722 1271 777 praelio
1314 722 1457 766 navali
1486 723 1634 778 captus
1662 724 1724 766 est
1755 736 1780 766 a

293 735 597 831 {antacuzenm
643 779 718 821 aut
761 779 966 822 Ricardus
1003 778 1149 822 Comes
1191 778 1396 833 Andriae,
1446 779 1518 834 qui
1561 792 1645 822 una
1683 792 1778 822 cum

294 835 538 878 Boemundo
585 835 831 890 rescriptum
874 835 1045 890 Rogerii
1087 835 1267 891 Apuliae
1303 835 1432 879 Ducis
1475 848 1549 891 pro
1594 836 1778 879 Bantino

295 891 549 935 Monasterio
578 892 803 941 subscribit
833 892 944 946 apud
974 892 1128 935 Baron.
1162 891 1215 934 A.
1240 901 1354 935 MXC.

430 943 759 1005 Πριγκιπάτος]
803 949 920 991 Idem
950 949 1022 1003 qui
1060 948 1204 992 foedus
1233 948 1429 992 Alexium
1457 949 1567 992 inter
1601 949 1643 992 et
1669 949 1776 992 Boe-

294 1005 497 1047 mundum
527 1018 574 1048 ex
603 1006 723 1060 parte
750 1005 887 1048 Alexii
915 1005 1173 1060 subscripsit,
1205 1005 1258 1048 ad
1290 1018 1414 1060 quem
1444 1018 1540 1048 011111
1560 1005 1775 1049 Willelmo

293 1060 459 1105 Clareto
505 1061 804 1116 transfugerat,
835 1062 1010 1116 pecunia
1054 1063 1095 1104 et
1137 1061 1355 1105 blanditiis
1383 1062 1655 1116 Imperatoris
1687 1074 1777 1105 cor-

290 1118 451 1172 ruptus,
497 1118 545 1160 ut
580 1118 691 1161 infra
731 1119 939 1161 narratur.
1020 1118 1249 1161 Ricardum
1285 1119 1396 1161 hunc
1423 1118 1669 1173 Principem
1698 1118 1778 1163 Sa-

290 1174 401 1218 lerni
445 1175 495 1218 de
541 1187 689 1230 genere
718 1174 1057 1218 Normannorum
1104 1175 1145 1218 et
1193 1175 1426 1230 proximum
1464 1175 1699 1218 Boemundi
1736 1176 1778 1218 et

291 1231 494 1275 Tancredi
542 1232 669 1281 fuisse
712 1231 857 1274 scribit
888 1231 1087 1274 Albertus
1116 1231 1196 1286 Aq.
1239 1231 1311 1274 lib.
1334 1233 1372 1274 3.
1417 1244 1506 1287 cap.
1530 1232 1594 1275 15.
1638 1232 1712 1275 lib.
1736 1232 1773 1274 7.

290 1300 379 1343 cap.
398 1289 466 1331 28.
517 1288 722 1331 Robertus
756 1288 869 1340 Mon.
906 1288 980 1331 lib.
1005 1289 1041 1330 1.
1072 1287 1320 1342 Principem
1355 1290 1491 1332 vocat.
1551 1288 1775 1331 Baldricus

287 1344 360 1388 lib.
385 1345 421 1387 1.
453 1345 494 1388 et
529 1345 679 1399 Tyrius
709 1344 780 1387 lib.
804 1346 842 1387 2.
870 1357 958 1399 cap.
979 1346 1042 1387 13.
1085 1345 1156 1387 lib.
1181 1346 1220 1387 3.
1253 1358 1342 1399 cap.
1367 1345 1432 1388 17.
1455 1345 1522 1387 24.
1562 1345 1613 1388 de
1645 1344 1773 1388 Prin-

287 1401 430 1455 cipatu
460 1401 773 1466 cognominant.
834 1400 1060 1444 Guibertus
1104 1401 1282 1456 denique
1313 1402 1385 1445 lib.
1414 1403 1453 1444 3.
1485 1413 1574 1457 cap.
1595 1403 1635 1445 2.
1666 1402 1707 1444 et
1734 1402 1774 1444 9.

287 1458 339 1500 de
366 1457 518 1501 Prima
547 1458 724 1510 civitate,
771 1457 919 1525 quibus
959 1457 1095 1501 verbis
1124 1458 1350 1501 reddidisse
1377 1458 1576 1505 Italicum
1604 1458 1771 1501 videtur

288 1514 339 1557 de
352 1513 588 1568 Primam,-
617 1527 715 1557 nam
738 1515 779 1557 et
796 1509 1088 1581 Ῥιντζάρδον
1092 1510 1171 1557 τὸν
1189 1513 1491 1569 Πριντζίτταν,
1525 1513 1625 1570 (nisi
1655 1527 1773 1558 men-

288 1570 387 1614 dum
418 1571 565 1624 subsit,
604 1570 909 1636 legendumque
947 1571 1004 1613 sit
1039 1567 1117 1613 τὸν
1148 1573 1290 1626 Πριντ
1292 1570 1439 1628 ζίπαν)
1485 1584 1572 1615 sese
1601 1571 1775 1626 ipsemet

288 1627 455 1670 videtur
483 1627 692 1682 appellare
734 1627 780 1669 in
822 1627 1034 1682 praedicto
1077 1627 1250 1672 foedere
1309 1628 1539 1671 Ricardum
1569 1627 1775 1671 Willelmi

284 1685 560 1739 cognomento
583 1683 880 1736 Ferrebrachii,
912 1684 1296 1728 Robert1V1scard1
1325 1685 1469 1728 fratris
1502 1683 1773 1739 primogeniti

283 1740 418 1783 filium
449 1753 664 1796 perperam
696 1740 800 1783 facit
831 1740 994 1796 Tyrius,
1041 1741 1109 1783 cui
1136 1741 1337 1796 imposuit
1368 1741 1574 1785 Willelmi
1603 1740 1774 1788 Ricardi

283 1797 414 1852 patris
450 1810 613 1840 nomen.
687 1797 799 1840 Nam
830 1798 1149 1840 Ferrebrachius
1199 1799 1355 1853 absque
1392 1798 1536 1841 liberis
1565 1798 1772 1841 extinctus

283 1854 357 1906 est,
389 1854 438 1896 ut
468 1854 591 1897 autor
621 1854 683 1896 est
700 1854 930 1897 Malaterra
956 1853 1079 1896 istius
1108 1854 1263 1897 saeculi
1293 1854 1492 1910 Scriptor.
1542 1854 1642 1897 Fuit
1676 1866 1772 1897 vero

284 1910 489 1953 Ricardus
527 1910 638 1953 filius
666 1910 872 1953 Willelmi
901 1910 1087 1963 alterius,
1130 1910 1404 1965 Capitanatae
1441 1910 1628 1963 Comitis,
1656 1910 1772 1954 Wis-

284 1967 399 2009 cardi
428 1967 599 2021 perinde
628 1967 785 2022 fratris,
830 1969 901 2022 qui
946 1979 969 2010 a
997 1967 1129 2010 fratre
1167 1968 1367 2011 Umfredo
1397 1967 1666 2022 Principatus
1692 1966 1771 2010 Co-

283 2036 368 2066 mes
400 2025 562 2067 creatus
604 2024 677 2076 est,
725 2023 960 2078 liberosque
1002 2023 1165 2079 aliquot
1200 2024 1441 2078 superstites
1488 2023 1673 2079 reliquit,
1722 2024 1771 2065 ut

285 2080 450 2123 constat
484 2093 530 2123 ex
549 2081 791 2132 Malaterra,
823 2093 926 2136 quos
955 2080 1076 2133 inter,
1108 2081 1271 2135 praeter
1301 2080 1544 2133 Ricardum,
1576 2080 1659 2123 fuit
1680 2079 1768 2123 Ro-

283 2136 422 2179 bertus
466 2136 612 2180 Comes
643 2136 923 2191 Principatus,
963 2137 1082 2191 pater
1126 2136 1355 2189 Guillelmi,
1401 2137 1473 2192 qui
1516 2137 1560 2179 in
1614 2136 1770 2179 Charta

283 2192 335 2235 A.
357 2203 455 2236 MOI.
499 2206 572 2248 pro
607 2193 863 2236 Monasterio
906 2193 947 2236 S.
992 2193 1214 2236 Trinitatis
1254 2193 1480 2246 Venusino,
1536 2193 1771 2236 Gulielmius

286 2248 429 2293 Comes
456 2249 748 2304 PrincipatuS,
772 2250 890 2303 filius
909 2250 1041 2293 bonae
1069 2250 1292 2293 memoriae
1319 2250 1496 2293 Roberti
1520 2249 1691 2294 Comitis
1721 2249 1772 2292 de

282 2305 538 2360 Princifflztu
584 2306 829 2350 inscribitur
872 2320 925 2361 ap
928 2306 983 2349 ud
1023 2307 1249 2362 Ughellum
1268 2307 1397 2350 ’Το111.
1420 2307 1458 2349 7.
1487 2307 1585 2350 Ital.
1614 2305 1766 2349 Sacrae

283 2375 378 2417 pag.
398 2364 493 2406 222.
524 2363 775 2406 Guillelmus
809 2376 905 2406 vero
936 2363 1055 2418 pater
1084 2363 1168 2405 fuit
1202 2363 1369 2406 Nicolai
1400 2362 1575 2406 Comitis
1602 2362 1769 2405 Princi-

283 2419 417 2472 patus,
449 2419 521 2474 qui
551 2432 625 2462 suo
659 2420 899 2474 Diplomate
927 2420 977 2462 A
998 2428 1201 2462 MOXXXI.
1248 2420 1293 2463 in
1323 2432 1405 2475 quo
1448 2419 1654 2475 cognatus
1683 2419 1769 2461 Ro-

281 2475 388 2529 gerii
418 2475 545 2531 Regis
576 2476 744 2520 Siciliae
776 2476 944 2528 dicitur,
991 2476 1127 2519 multa
1151 2476 1350 2520 beneficia
1380 2476 1560 2520 contulit
1591 2474 1768 2519 Cavensi

282 2531 550 2575 Monasterio.
608 2532 725 2575 Idem
756 2532 957 2576 Nicolaus
986 2533 1030 2575 in
1060 2532 1156 2575 aliis
1176 2533 1348 2576 Tabulis
1380 2533 1462 2575 An.
1483 2542 1649 2576 MCXLI.
1680 2544 1767 2574 sese

285 2586 483 2631 Comitem
512 2589 563 2632 de
593 2588 850 2643 Principatu
888 2593 926 2632 et
958 2588 1178 2632 Guillelmi
1210 2588 1386 2633 Comitis
1415 2589 1634 2633 haeredem
1663 2601 1766 2630 nun-

283 2645 423 2698 cupat.
483 2645 640 2688 Extant
683 2645 782 2688 illae
825 2645 933 2700 apud
965 2645 1191 2701 Ughellum
1222 2645 1365 2688 eodem
1396 2646 1527 2689 Tomo
1556 2658 1652 2701 pag.
1670 2645 1767 2687 562.

281 2699 1515 2813 111111331ὒὲῗῆἐξέῗεῖῃὲοὴέἓῌθὲᾞίει(ἐξιῖῗιώῗ13ῗ136ῃῗ1οῗ1ᾞῡ
1544 2701 1767 2810 Βὲἱυῖἷῑίιὲ,

282 2812 354 2867 qui
387 2825 482 2855 cum
517 2813 647 2858 fratre
677 2814 721 2857 in
743 2815 1058 2870 Expeditionem
1087 2814 1516 2871 Hierosolymitanam
1556 2814 1764 2871 profectus
