1734 3120
505 215 770 251 ALEXIADIS
802 216 898 250 LIB.
929 217 1010 252 XV.
1040 211 1077 250 7.
1456 215 1538 256 345

58 336 149 377 τῶν
176 332 258 390 μὲν
286 325 366 378 οὖν
395 334 569 378 παίδων
588 330 739 377 ὁπόσα
767 334 930 390 γονέων
951 334 1182 394 ἐστέρηντο
1213 340 1265 396 τῇ
1296 342 1434 398 πικρᾷ
1463 342 1541 397 τῆς

58 398 275 461 ὀρφανίας
304 399 550 459 τρυχόμενα
578 398 785 459 κακότητι
813 407 912 455 τοῖς
938 420 987 447 τε
1008 405 1227 460 συγγενέσι
1249 406 1322 449 καὶ
1343 403 1542 459 ὁπόσους

57 473 220 527 σεμνοῦ
250 471 352 526 βίου
382 465 479 531 Ιἤδει
508 464 638 523 ὄντας
671 471 745 514 καὶ
778 474 877 523 τοῖς
916 473 1264 529 καθτῃκοιμένοις
1293 477 1383 517 τῶν
1412 472 1542 531 ἱερῶν

57 538 411 597 φροντιστηρίων
437 538 663 594 διανείμας
697 538 926 596 ἐπέσκηψε
968 538 1029 596 μὴ
1068 537 1129 592 ὦς
1167 541 1315 593 δοῖ-λα,
1353 537 1443 585 ἀλλ’
1482 540 1543 595 ὠς

22 603 275 663 besteis-9⁶90
299 603 473 664 ἀνάγειν
502 607 717 659 παντοίας
745 607 950 660 παιδείας
975 602 1205 662 ἀξιοῦντας
1242 611 1313 653 καὶ
1352 607 1408 653 τὰ
1448 608 1542 666 ἱερὰ

59 672 405 728 ἑκπαιδεύοντας
432 672 676 733 γράμματα.
734 673 833 719 τινὰ
859 676 907 719 δὲ
939 677 1011 720 καὶ
1042 676 1106 729 εἰς
1135 675 1249 733 ὅπερ
1278 674 1411 731 αὐτὸς
1440 675 1542 738 ἄνι’)-

56 761 199 801 γειρεν
219 739 618 803 ὄρφανοτροφεῖον,
650 741 963 801 παιδειπήριον
983 749 1115 789 τοῦτο
1132 746 1270 791 πλέον
1283 745 1542 805 πεποιηκώς

56 816 155 866 τοῖς
182 813 402 865 ἐθέλουσι,
442 813 686 869 παρεδίδου
715 816 813 866 τοῖς
840 814 1183 869 προϊσταμένοις
1211 812 1293 872 τήν
1321 813 1542 872 έγκίκλιον

59 878 404 926 ἑκπαιδεῦεσθαι
433 881 651 926 παιδείαν.
712 882 759 926 έν
786 880 870 939 γάρ
902 886 999 935 τοῖς
1027 880 1143 937 πρὸς
1178 880 1261 940 τήν
1296 879 1587 938 ἅκρόπολινῑ)

0 956 47 991 10
57 950 248 1007 μέρεσιν,
294 947 409 994 ἔνθα
452 950 525 994 καὶ
566 948 619 994 τὸ
663 947 809 1006 στόμα
839 952 919 995 τοῦ
962 948 1130 995 πόντου
1174 947 1405 1008 ἀνοίγεται,
1440 950 1544 995 ναὸν

58 1015 314 1076 ⁶³17»ququ—
340 1018 524 1075 μεγέθει
554 1019 761 1076 μέγιστον
791 1019 861 1063 ἐπ’
895 1015 1078 1075 ὀνόματι
1115 1023 1197 1064 τοῦ
1234 1017 1424 1076 μεγάλου
1454 1023 1544 1064 τῶν

57 1081 324 1131 ἀποστόλων
352 1083 533 1131 Παύλου
579 1087 780 1132 ἐνταῦθα
816 1085 949 1132 πόλιν
987 1086 1140 1145 ἑτέραν
1172 1089 1219 1132 ἐν
1258 1091 1312 1148 τῇ
1352 1088 1544 1143 βασιλίδι

58 1151 190 1199 πόλει
213 1155 431 1212 ἐδείματο.
479 1151 614 1209 αὐτός
642 1156 723 1212 μὲν
750 1154 835 1213 γαρ
867 1153 892 1199 ό
923 1155 1027 1209 ναός
1056 1157 1127 1200 ἐπ’
1165 1151 1395 1215 ἀκροτάτῳ
1414 1158 1541 1214 τῆςδε

56 1225 135 1283 τῆς
162 1220 340 1277 πόλεως
369 1223 549 1283 ἕστηκεν
577 1219 679 1268 οἷον
706 1222 960 1282 ἀκρόπολις.
1021 1223 1047 1283 ἡ
1082 1226 1130 1270 δὲ
1163 1226 1237 1270 νέα
1270 1223 1402 1278 πόλις
1444 1223 1542 1269 ἑκα-
1553 1223 1582 1259 P
1586 1253 1593 1259 ·
1621 1226 1694 1260 483

0 1294 45 1330 15
56 1292 259 1349 τέρωθεν
300 1292 540 1350 γέγραπται
580 1292 646 1346 εἷς
687 1294 905 1346 σταδίους,
963 1291 1164 1347 ὁπόσους
1213 1291 1266 1337 ἂν
1308 1291 1414 1353 εἴπῃ
1460 1311 1539 1347 τις,

57 1358 168 1404 κατά
194 1377 244 1405 τε
275 1359 448 1414 πλάτος
475 1363 547 1406 καὶ
576 1365 738 1420 μῆκος·
767 1359 911 1420 κύκλῳ
939 1362 988 1407 δὲ
1021 1360 1186 1419 ταύτης
1214 1361 1390 1407 ἑστᾶσιν
1419 1359 1543 1420 0}er-

55 1445 173 1484 ματα
201 1427 356 1482 πυκνά,
374 1430 594 1474 κατοικίαι.
614 1427 821 1486 πενήτων
839 1430 925 1483 καί,
948 1430 1000 1474 τὸ
1020 1428 1073 1488 δὴ
1094 1427 1540 1489 φιλανθρωπότερον,

57 1492 317 1553 ἀνθρώπων
338 1499 655 1556 λελωβημένων
682 1496 1002 1557 ἑνδιαιτῆματα.
1064 1496 1161 1543 ἔστι
1187 1496 1266 1555 γὰρ
1296 1497 1408 1543 ἰδεῖν
1441 1495 1544 1542 τοὺ-

56 1583 163 1619 τους
190 1568 285 1610 κατ’
313 1560 456 1623 ι’ίνδρα
494 1566 679 1612 ἕκαστον
710 1565 1020 1623 ἐπερχόμενον,
1062 1564 1180 1611 ὅπου
1220 1567 1301 1623 μέν
1335 1564 1540 1625 τυφλούς,

0 1631 176 1678 Βθὸπου
213 1633 263 1678 δὲ
302 1636 376 1679 καὶ
418 1632 600 1690 χωλούς,
634 1633 751 1680 ὅπου
781 1636 831 1679 δέ·
858 1653 901 1679 τι
945 1636 1017 1679 καὶ
1046 1629 1156 1679 ἄλλο
1184 1633 1320 1678 κακόν
1350 1633 1542 1689 ἔχοντας.

56 1700 136 1760 τὴν
176 1702 312 1747 στοὰν
355 1704 648 1759 Σολομῶντος
690 1701 744 1748 ἂν
784 1699 912 1757 εἶπες
941 1701 1050 1748 ἰδών
1090 1702 1254 1763 μεστὴν
1282 1698 1543 1759 ἀνθρώπων

59 1771 396 1829 πεπηρωμένων
433 1769 490 1816 τὰ
527 1772 637 1830 μέλη
679 1773 752 1817 καὶ
793 1769 874 1817 ὅλα
902 1770 958 1816 τὰ
986 1770 1183 1828 σώματα.
1256 1769 1280 1815 ὁ
1311 1771 1359 1816 δὲ
1386 1769 1543 1822 κύκλος

193 1910 228 1946 5.
253 1909 406 1949 παιδίας
428 1909 468 1957 C,
492 1922 590 1947 eorr.
614 1923 663 1946 m.
688 1911 723 1946 2.
872 1912 928 1946 16.
954 1910 1112 1946 ἑστῶσιν
1136 1909 1175 1945 C.

58 2048 241 2096 palatium
279 2050 391 2096 petiit
433 2053 473 2087 et
516 2054 621 2088 totus
654 2052 838 2099 postridie
867 2052 1028 2098 captivis
1060 2050 1341 2097 peregrinisque
1369 2047 1544 2084 curandis

58 2098 226 2135 vacabat.
275 2099 351 2134 iam
376 2111 523 2145 pueros,
547 2104 735 2148 quotquot
765 2101 941 2137 orbitatis
972 2099 1123 2135 miseria
1147 2097 1280 2134 afflicti
1306 2100 1426 2142 erant,
1457 2108 1543 2132 eon-

58 2146 273 2194 sanguineis
302 2147 380 2183 suis
421 2150 489 2184 aut
521 2149 586 2191 iis,
625 2161 718 2195 quos
751 2151 975 2186 sanctiorem
1007 2149 1122 2184 vitam
1153 2147 1289 2193 degere
1321 2145 1473 2188 sciebat,
1504 2148 1543 2180 et

58 2196 371 2232 monasteriorum
402 2196 601 2242 praefectis
626 2198 845 2244 dispertivit
867 2197 1151 2243 mandavitque,
1182 2206 1231 2230 ne
1254 2206 1315 2230 eos
1340 2196 1383 2228 ut
1406 2204 1543 2236 servos,

58 2244 123 2280 sed
154 2243 272 2280 veluti
303 2244 443 2280 liberos
475 2246 578 2281 omni
612 2246 827 2283 eruditione
855 2247 1099 2282 instituerent
1121 2244 1406 2287 imbuerentque
1428 2241 1542 2277 saeris

56 2292 207 2328 litteris.
250 2293 461 2339 complures
498 2294 611 2330 etiam
652 2296 693 2331 in
728 2294 1093 2341 orphanotrophium
1130 2291 1288 2336 recepit,
1327 2289 1427 2335 quod
1444 2290 1543 2344 'ipse

57 2344 279 2377 extruxerat
309 2353 354 2378 ae
383 2342 575 2379 litterario
608 2342 696 2380 ludo
727 2347 900 2388 auxerat,
937 2343 1089 2388 eiusque
1123 2339 1321 2386 praefectis
1351 2349 1455 2374 omni
1479 2349 1542 2373 eos

56 2389 252 2426 doetrinae
277 2401 413 2436 genere
436 2390 663 2428 erudiendos
688 2391 861 2428 tradidit.
903 2393 942 2427 in
968 2391 1035 2426 illa
1059 2389 1158 2425 enim
1184 2387 1288 2423 urbis
1304 2389 1543 2441 parta-quae

57 2438 135 2474 arci
169 2438 343 2484 proxima
375 2442 448 2481 est,
479 2439 547 2476 ubi
578 2441 692 2476 maris
724 2452 765 2476 os
798 2440 987 2486 aperitur,
1022 2449 1107 2475 cum
1132 2436 1312 2482 templum
1339 2445 1541 2470 maximum

57 2498 193 2532 magno
223 2487 394 2532 apostolo
417 2486 535 2524 Paulo
567 2488 782 2525 dedicatum
816 2489 1038 2529 invenisset,
1074 2485 1184 2521 aliam
1216 2484 1349 2519 urbem
1385 2483 1426 2518 in
1462 2482 1543 2528 ipsa

57 2535 162 2582 regia
201 2535 296 2571 urbe
318 2536 445 2571 extrui
479 2537 598 2573 iussit.
647 2549 733 2573 nam
774 2548 858 2573 cum
895 2537 935 2571 in
972 2534 1154 2571 altissimo
1187 2533 1299 2568 huius
1329 2530 1433 2566 urbis
1460 2530 1542 2569 loeo

56 2588 249 2629 tamquam
284 2595 353 2620 arx
389 2585 573 2631 templum
610 2586 808 2625 emineret,
849 2596 946 2620 nova
981 2583 1073 2619 urbs
1109 2582 1298 2626 utrimque
1331 2579 1378 2635 ad
1410 2578 1542 2623 stadia,

56 2643 219 2678 quorum
248 2643 447 2668 numerum
478 2633 614 2680 aliquis
637 2634 755 2677 dieat,
789 2634 828 2668 in
854 2633 1007 2678 longum
1033 2631 1227 2675 latumque
1250 2628 1440 2673 descripta
1467 2631 1541 2671 αις

0 2687 6 2723 ζ
57 2684 172 2726 atque
193 2680 234 2716 in
258 2692 302 2716 ea
324 2681 479 2718 crebrae
501 2681 634 2718 domus
658 2683 698 2718 in
724 2682 851 2718 orbem
876 2683 1018 2724 extant,
1043 2689 1249 2724 pauperum
1279 2675 1470 2711 domicilia
1493 2678 1542 2718 et,

58 2728 160 2775 quod
183 2729 457 2765 humanitatem
481 2731 720 2777 imperatoris
745 2732 861 2775 magis
880 2727 1127 2771 commendat,
1151 2725 1333 2762 debilium
1350 2723 1542 2759 hominum

0 2792 23 2819 ψ
58 2777 308 2823 receptacula.
356 2778 431 2815 hue
466 2779 633 2825 singulos
673 2790 735 2814 eos
761 2777 980 2813 aecedentes
1016 2775 1153 2818 videas,
1199 2784 1343 2818 oeecos,
1381 2771 1543 2813 claudos,

0 2826 16 2873 ᾗ,
59 2825 153 2862 alios
182 2826 257 2862 alio
285 2826 384 2862 malo
415 2826 649 2869 laborantes,
688 2830 912 2873 putaresque
941 2823 1150 2860 Solomonis
1182 2822 1371 2868 porticum
1397 2823 1436 2856 te
1459 2831 1544 2855 eon·

3 2873 17 2924 ἑῇς
60 2874 203 2920 spicere
247 2874 396 2921 plenam
439 2875 635 2911 hominum
678 2875 737 2912 vel
785 2874 963 2910 membris
1011 2871 1070 2908 vel
1117 2873 1200 2907 toto
1248 2879 1407 2916 corpore
1447 2867 1543 2903 male
