<?xml version="1.0" encoding="UTF-8"?>
<!DOCTYPE html PUBLIC "-//W3C//DTD XHTML 1.0 Transitional//EN"
    "http://www.w3.org/TR/xhtml1/DTD/xhtml1-transitional.dtd">
<html xmlns="http://www.w3.org/1999/xhtml" xml:lang="en" lang="en">
 <head>
  <title>
</title>
<meta http-equiv="Content-Type" content="text/html;charset=utf-8" />
  <meta name='ocr-system' content='tesseract 3.04.00' />
  <meta name='ocr-capabilities' content='ocr_page ocr_carea ocr_par ocr_line ocrx_word'/>
</head>
<body>
  <div class='ocr_page' id='page_1' title='image "./corpusscriptorum03niebuoft_0379.png"; bbox 0 0 1734 3120; ppageno 0'>
   <div class='ocr_carea' id='block_1_1' title="bbox 468 226 1514 269">
    <p class='ocr_par' dir='ltr' id='par_1_1' title="bbox 468 226 1514 269">
     <span class='ocr_line' id='line_1_1' title="bbox 468 226 1514 269; baseline 0.008 -8"><span class='ocrx_word' id='word_1_1' title='bbox 468 226 732 262; x_wconf 76' lang='lat' dir='ltr'>ALEXIADIS</span> <span class='ocrx_word' id='word_1_2' title='bbox 761 229 855 264; x_wconf 81' lang='lat' dir='ltr'>LIB.</span> <span class='ocrx_word' id='word_1_3' title='bbox 883 230 962 264; x_wconf 88' lang='lat' dir='ltr'><strong><em>XV.</em></strong></span> <span class='ocrx_word' id='word_1_4' title='bbox 1000 228 1060 266; x_wconf 85' lang='lat'><strong><em>10.</em></strong></span> <span class='ocrx_word' id='word_1_5' title='bbox 1435 228 1514 269; x_wconf 85' lang='grc'><strong><em>361</em></strong></span> 
     </span>
    </p>
   </div>
   <div class='ocr_carea' id='block_1_2' title="bbox 0 341 1668 1839">
    <p class='ocr_par' dir='ltr' id='par_1_2' title="bbox 39 341 1521 610">
     <span class='ocr_line' id='line_1_2' title="bbox 178 341 1520 407; baseline 0.004 -19"><span class='ocrx_word' id='word_1_6' title='bbox 178 347 242 388; x_wconf 90' lang='grc'><strong><em>10.</em></strong></span> <span class='ocrx_word' id='word_1_7' title='bbox 306 342 395 389; x_wconf 78' lang='grc' dir='ltr'><strong><em>Τὸν</em></strong></span> <span class='ocrx_word' id='word_1_8' title='bbox 418 344 570 401; x_wconf 82' lang='grc' dir='ltr'><strong><em>μέντοι</em></strong></span> <span class='ocrx_word' id='word_1_9' title='bbox 601 345 835 390; x_wconf 80' lang='grc' dir='ltr'><strong><em>Βασίλειον</em></strong></span> <span class='ocrx_word' id='word_1_10' title='bbox 864 345 924 399; x_wconf 81' lang='grc' dir='ltr'><strong><em>ὥς</em></strong></span> <span class='ocrx_word' id='word_1_11' title='bbox 953 341 1093 401; x_wconf 71' lang='grc' dir='ltr'><strong><em>ι’)’ντως</em></strong></span> <span class='ocrx_word' id='word_1_12' title='bbox 1133 344 1411 407; x_wconf 75' lang='grc' dir='ltr'><strong><em>αἱρεσιάρχην</em></strong></span> <span class='ocrx_word' id='word_1_13' title='bbox 1447 350 1520 394; x_wconf 83' lang='grc' dir='ltr'><strong><em>καὶ</em></strong></span> 
     </span>
     <span class='ocr_line' id='line_1_3' title="bbox 39 410 1518 474; baseline 0.003 -16"><span class='ocrx_word' id='word_1_14' title='bbox 39 410 367 473; x_wconf 74' lang='grc' dir='ltr'><strong><em>ἀμεταμέλητον</em></strong></span> <span class='ocrx_word' id='word_1_15' title='bbox 395 410 678 459; x_wconf 84' lang='grc' dir='ltr'><strong><em>παντάπασιν</em></strong></span> <span class='ocrx_word' id='word_1_16' title='bbox 716 411 911 470; x_wconf 79' lang='grc' dir='ltr'><strong><em>ἅπαντες</em></strong></span> <span class='ocrx_word' id='word_1_17' title='bbox 947 419 1029 474; x_wconf 80' lang='grc' dir='ltr'><strong><em>τῆς</em></strong></span> <span class='ocrx_word' id='word_1_18' title='bbox 1067 414 1188 474; x_wconf 73' lang='grc' dir='ltr'><strong><em>ἱερᾶς</em></strong></span> <span class='ocrx_word' id='word_1_19' title='bbox 1225 415 1412 462; x_wconf 79' lang='grc' dir='ltr'><strong><em>συνόδου</em></strong></span> <span class='ocrx_word' id='word_1_20' title='bbox 1448 419 1518 463; x_wconf 82' lang='grc' dir='ltr'><strong><em>καὶ</em></strong></span> 
     </span>
     <span class='ocr_line' id='line_1_4' title="bbox 40 478 1521 544; baseline 0.001 -18"><span class='ocrx_word' id='word_1_21' title='bbox 40 484 131 526; x_wconf 87' lang='grc' dir='ltr'><strong><em>τῶν</em></strong></span> <span class='ocrx_word' id='word_1_22' title='bbox 160 482 408 541; x_wconf 87' lang='grc' dir='ltr'><strong><em>Ναζιραίων</em></strong></span> <span class='ocrx_word' id='word_1_23' title='bbox 444 479 627 540; x_wconf 83' lang='grc' dir='ltr'><strong><em>λογάδες</em></strong></span> <span class='ocrx_word' id='word_1_24' title='bbox 669 483 741 527; x_wconf 84' lang='grc' dir='ltr'><strong><em>καὶ</em></strong></span> <span class='ocrx_word' id='word_1_25' title='bbox 779 478 914 537; x_wconf 77' lang='grc' dir='ltr'><strong><em>αυτὸς</em></strong></span> <span class='ocrx_word' id='word_1_26' title='bbox 955 481 1009 544; x_wconf 82' lang='grc' dir='ltr'><strong><em>δὴ</em></strong></span> <span class='ocrx_word' id='word_1_27' title='bbox 1050 482 1074 528; x_wconf 86' lang='grc' dir='ltr'>ὁ</span> <span class='ocrx_word' id='word_1_28' title='bbox 1118 482 1220 529; x_wconf 88' lang='grc' dir='ltr'><strong><em>τότε</em></strong></span> <span class='ocrx_word' id='word_1_29' title='bbox 1251 482 1521 542; x_wconf 82' lang='grc' dir='ltr'><strong><em>πατριάρχης</em></strong></span> 
     </span>
     <span class='ocr_line' id='line_1_5' title="bbox 40 544 1521 633; baseline 0.001 -38"><span class='ocrx_word' id='word_1_30' title='bbox 40 546 260 603; x_wconf 82' lang='grc' dir='ltr'><strong><em>Νικόλαος</em></strong></span> <span class='ocrx_word' id='word_1_31' title='bbox 273 547 418 607; x_wconf 83' lang='grc' dir='ltr'><strong><em>πυρδς</em></strong></span> <span class='ocrx_word' id='word_1_32' title='bbox 435 544 602 606; x_wconf 68' lang='grc' dir='ltr'><strong><em>ι’ίξιον’</em></strong></span> <span class='ocrx_word' id='word_1_33' title='bbox 583 550 768 608; x_wconf 84' lang='grc' dir='ltr'><strong><em>ε’κριναν.</em></strong></span> <span class='ocrx_word' id='word_1_34' title='bbox 804 546 876 604; x_wconf 87' lang='grc' dir='ltr'><strong><em>οἷς</em></strong></span> <span class='ocrx_word' id='word_1_35' title='bbox 897 552 969 596; x_wconf 85' lang='grc' dir='ltr'><strong><em>καὶ</em></strong></span> <span class='ocrx_word' id='word_1_36' title='bbox 989 549 1014 596; x_wconf 82' lang='grc' dir='ltr'>ὁ</span> <span class='ocrx_word' id='word_1_37' title='bbox 1034 547 1318 633; x_wconf 66' lang='grc' dir='ltr'><strong><em>αὐτοκράτωρ</em></strong></span> <span class='ocrx_word' id='word_1_38' title='bbox 1336 550 1521 631; x_wconf 74' lang='grc' dir='ltr'><strong><em>σύμψη-</em></strong></span> 
     </span>
    </p>

    <p class='ocr_par' dir='ltr' id='par_1_3' title="bbox 1 609 1668 951">
     <span class='ocr_line' id='line_1_6' title="bbox 1 609 1565 678; baseline -0.001 -16"><span class='ocrx_word' id='word_1_39' title='bbox 1 632 24 668; x_wconf 84' lang='grc'><strong>5</strong></span> <span class='ocrx_word' id='word_1_40' title='bbox 37 635 126 678; x_wconf 87' lang='grc' dir='ltr'><strong><em>φος</em></strong></span> <span class='ocrx_word' id='word_1_41' title='bbox 143 609 198 676; x_wconf 72' lang='grc' dir='ltr'><strong><em>ἦν</em></strong></span> <span class='ocrx_word' id='word_1_42' title='bbox 216 616 363 663; x_wconf 83' lang='grc' dir='ltr'><strong><em>πολλὰ</em></strong></span> <span class='ocrx_word' id='word_1_43' title='bbox 382 619 595 672; x_wconf 85' lang='grc' dir='ltr'><strong><em>πολλάκις</em></strong></span> <span class='ocrx_word' id='word_1_44' title='bbox 622 616 959 677; x_wconf 78' lang='grc' dir='ltr'><strong><em>προσομιλήσας</em></strong></span> <span class='ocrx_word' id='word_1_45' title='bbox 977 621 1095 678; x_wconf 78' lang='grc' dir='ltr'><strong><em>αὐτῷ</em></strong></span> <span class='ocrx_word' id='word_1_46' title='bbox 1115 621 1187 664; x_wconf 84' lang='grc' dir='ltr'><strong><em>καὶ</em></strong></span> <span class='ocrx_word' id='word_1_47' title='bbox 1211 614 1348 677; x_wconf 74' lang='grc' dir='ltr'><strong><em>ἄνδρα</em></strong></span> <span class='ocrx_word' id='word_1_48' title='bbox 1367 637 1520 665; x_wconf 88' lang='grc' dir='ltr'><strong><em>σκαιον</em></strong></span> <span class='ocrx_word' id='word_1_49' title='bbox 1532 625 1565 661; x_wconf 95' lang='lat' dir='ltr'>D</span> 
     </span>
     <span class='ocr_line' id='line_1_7' title="bbox 37 682 1668 768; baseline 0.001 -38"><span class='ocrx_word' id='word_1_50' title='bbox 37 683 238 743; x_wconf 78' lang='grc' dir='ltr'><strong><em>διαγνούς</em></strong></span> <span class='ocrx_word' id='word_1_51' title='bbox 265 686 337 731; x_wconf 81' lang='grc' dir='ltr'><strong><em>καὶ</em></strong></span> <span class='ocrx_word' id='word_1_52' title='bbox 364 691 445 745; x_wconf 86' lang='grc' dir='ltr'><strong><em>τῆς</em></strong></span> <span class='ocrx_word' id='word_1_53' title='bbox 478 683 691 743; x_wconf 83' lang='grc' dir='ltr'><strong><em>αιρέσεως</em></strong></span> <span class='ocrx_word' id='word_1_54' title='bbox 718 684 779 745; x_wconf 83' lang='grc' dir='ltr'><strong><em>μὴ</em></strong></span> <span class='ocrx_word' id='word_1_55' title='bbox 817 682 1131 768; x_wconf 49' lang='grc' dir='ltr'><strong><em>ἆφιστάμεξνοι</em></strong></span> <span class='ocrx_word' id='word_1_56' title='bbox 1168 686 1302 732; x_wconf 76' lang='grc' dir='ltr'><strong><em>ἐνθεν</em></strong></span> <span class='ocrx_word' id='word_1_57' title='bbox 1338 705 1407 732; x_wconf 91' lang='grc' dir='ltr'><strong><em>τοι</em></strong></span> <span class='ocrx_word' id='word_1_58' title='bbox 1448 690 1572 733; x_wconf 83' lang='grc' dir='ltr'><strong><em>καιΡ-</em></strong></span> <span class='ocrx_word' id='word_1_59' title='bbox 1597 692 1668 728; x_wconf 79' lang='grc'><strong><em>493</em></strong></span> 
     </span>
     <span class='ocr_line' id='line_1_8' title="bbox 37 751 1520 837; baseline 0.003 -40"><span class='ocrx_word' id='word_1_60' title='bbox 37 751 255 811; x_wconf 80' lang='grc' dir='ltr'><strong><em>πυρκαϊὰν</em></strong></span> <span class='ocrx_word' id='word_1_61' title='bbox 281 755 489 837; x_wconf 74' lang='grc' dir='ltr'><strong><em>μεγίστην</em></strong></span> <span class='ocrx_word' id='word_1_62' title='bbox 519 753 630 799; x_wconf 83' lang='grc' dir='ltr'><strong><em>κατὰ</em></strong></span> <span class='ocrx_word' id='word_1_63' title='bbox 658 753 736 800; x_wconf 79' lang='grc' dir='ltr'><strong><em>τὸν</em></strong></span> <span class='ocrx_word' id='word_1_64' title='bbox 774 752 1062 813; x_wconf 82' lang='grc' dir='ltr'><strong><em>ιππόδρομον</em></strong></span> <span class='ocrx_word' id='word_1_65' title='bbox 1098 751 1291 836; x_wconf 77' lang='grc' dir='ltr'><strong><em>α’νάψας.</em></strong></span> <span class='ocrx_word' id='word_1_66' title='bbox 1346 754 1520 814; x_wconf 74' lang='grc' dir='ltr'><strong><em>βόθρος</em></strong></span> 
     </span>
     <span class='ocr_line' id='line_1_9' title="bbox 37 817 1519 883; baseline 0.002 -16"><span class='ocrx_word' id='word_1_67' title='bbox 37 827 84 867; x_wconf 68' lang='grc' dir='ltr'><strong><em>τε</em></strong></span> <span class='ocrx_word' id='word_1_68' title='bbox 127 817 356 880; x_wconf 84' lang='grc' dir='ltr'><strong><em>ωρόρυκτο</em></strong></span> <span class='ocrx_word' id='word_1_69' title='bbox 398 823 604 881; x_wconf 81' lang='grc' dir='ltr'><strong><em>μέγιστος</em></strong></span> <span class='ocrx_word' id='word_1_70' title='bbox 646 825 720 868; x_wconf 87' lang='grc' dir='ltr'><strong><em>καὶ</em></strong></span> <span class='ocrx_word' id='word_1_71' title='bbox 765 821 906 880; x_wconf 74' lang='grc' dir='ltr'><strong><em>ξύλων</em></strong></span> <span class='ocrx_word' id='word_1_72' title='bbox 950 826 1142 883; x_wconf 73' lang='grc' dir='ltr'><strong><em>πλῆθος,</em></strong></span> <span class='ocrx_word' id='word_1_73' title='bbox 1186 822 1331 869; x_wconf 83' lang='grc' dir='ltr'><strong><em>πάντα</em></strong></span> <span class='ocrx_word' id='word_1_74' title='bbox 1363 826 1519 882; x_wconf 79' lang='grc' dir='ltr'><strong><em>δένδρα</em></strong></span> 
     </span>
     <span class='ocr_line' id='line_1_10' title="bbox 38 886 1519 951; baseline 0.002 -16"><span class='ocrx_word' id='word_1_75' title='bbox 38 887 240 948; x_wconf 75' lang='grc' dir='ltr'><strong><em>ὗψίκομα</em></strong></span> <span class='ocrx_word' id='word_1_76' title='bbox 272 892 346 936; x_wconf 78' lang='grc' dir='ltr'><strong><em>καὶ</em></strong></span> <span class='ocrx_word' id='word_1_77' title='bbox 373 892 653 945; x_wconf 73' lang='grc' dir='ltr'><strong><em>συντεθέντα,</em></strong></span> <span class='ocrx_word' id='word_1_78' title='bbox 687 886 792 949; x_wconf 70' lang='grc' dir='ltr'><strong><em>ι’)’ρος</em></strong></span> <span class='ocrx_word' id='word_1_79' title='bbox 821 893 988 937; x_wconf 80' lang='grc' dir='ltr'><strong><em>ἐδείκνυ</em></strong></span> <span class='ocrx_word' id='word_1_80' title='bbox 1029 892 1110 951; x_wconf 72' lang='grc' dir='ltr'><strong><em>τήν</em></strong></span> <span class='ocrx_word' id='word_1_81' title='bbox 1138 891 1363 938; x_wconf 74' lang='grc' dir='ltr'><strong><em>σύνθεσιν.</em></strong></span> <span class='ocrx_word' id='word_1_82' title='bbox 1423 889 1519 938; x_wconf 82' lang='grc' dir='ltr'><strong><em>εἶτα</em></strong></span> 
     </span>
    </p>

    <p class='ocr_par' dir='ltr' id='par_1_4' title="bbox 0 954 1522 1839">
     <span class='ocr_line' id='line_1_11' title="bbox 0 954 1518 1022; baseline 0.001 -19"><span class='ocrx_word' id='word_1_83' title='bbox 0 961 117 1018; x_wconf 81' lang='grc' dir='ltr'><strong><em>οτῆς</em></strong></span> <span class='ocrx_word' id='word_1_84' title='bbox 147 962 293 1016; x_wconf 83' lang='grc' dir='ltr'><strong><em>πυρᾶς</em></strong></span> <span class='ocrx_word' id='word_1_85' title='bbox 316 954 596 1018; x_wconf 70' lang='grc' dir='ltr'><strong><em>ἀναφθείσης</em></strong></span> <span class='ocrx_word' id='word_1_86' title='bbox 624 957 764 1021; x_wconf 79' lang='grc' dir='ltr'><strong><em>ἠρέμα</em></strong></span> <span class='ocrx_word' id='word_1_87' title='bbox 790 961 871 1017; x_wconf 77' lang='grc' dir='ltr'><strong><em>μὲν</em></strong></span> <span class='ocrx_word' id='word_1_88' title='bbox 898 959 951 1006; x_wconf 85' lang='grc' dir='ltr'><strong><em>τὸ</em></strong></span> <span class='ocrx_word' id='word_1_89' title='bbox 981 963 1162 1022; x_wconf 72' lang='grc' dir='ltr'><strong><em>πλῆθος</em></strong></span> <span class='ocrx_word' id='word_1_90' title='bbox 1188 959 1303 1006; x_wconf 70' lang='grc' dir='ltr'><strong><em>πολὺ</em></strong></span> <span class='ocrx_word' id='word_1_91' title='bbox 1332 961 1444 1006; x_wconf 84' lang='grc' dir='ltr'><strong><em>κατά</em></strong></span> <span class='ocrx_word' id='word_1_92' title='bbox 1470 979 1518 1006; x_wconf 91' lang='grc' dir='ltr'><strong><em>τε</em></strong></span> 
     </span>
     <span class='ocr_line' id='line_1_12' title="bbox 34 1025 1517 1087; baseline 0.003 -16"><span class='ocrx_word' id='word_1_93' title='bbox 34 1025 87 1072; x_wconf 78' lang='grc' dir='ltr'><strong><em>τὸ</em></strong></span> <span class='ocrx_word' id='word_1_94' title='bbox 117 1027 335 1073; x_wconf 82' lang='grc' dir='ltr'><strong><em>ἐπίπεδον</em></strong></span> <span class='ocrx_word' id='word_1_95' title='bbox 363 1030 444 1073; x_wconf 76' lang='grc' dir='ltr'><strong><em>τοῦ</em></strong></span> <span class='ocrx_word' id='word_1_96' title='bbox 475 1025 672 1073; x_wconf 77' lang='grc' dir='ltr'><strong><em>ἱππικοῦ</em></strong></span> <span class='ocrx_word' id='word_1_97' title='bbox 700 1029 774 1073; x_wconf 83' lang='grc' dir='ltr'><strong><em>καὶ</em></strong></span> <span class='ocrx_word' id='word_1_98' title='bbox 801 1027 914 1073; x_wconf 77' lang='grc' dir='ltr'><strong><em>κατὰ</em></strong></span> <span class='ocrx_word' id='word_1_99' title='bbox 940 1028 1044 1083; x_wconf 71' lang='grc' dir='ltr'><strong><em>τούς</em></strong></span> <span class='ocrx_word' id='word_1_100' title='bbox 1071 1028 1280 1086; x_wconf 56' lang='lat' dir='ltr'>flammi-g</span> <span class='ocrx_word' id='word_1_101' title='bbox 1322 1030 1517 1087; x_wconf 78' lang='grc' dir='ltr'><strong><em>συνέρρει</em></strong></span> 
     </span>
     <span class='ocr_line' id='line_1_13' title="bbox 35 1093 1521 1156; baseline 0.002 -16"><span class='ocrx_word' id='word_1_102' title='bbox 35 1097 381 1153; x_wconf 80' lang='grc' dir='ltr'><strong><em>καραδοκοῦντες</em></strong></span> <span class='ocrx_word' id='word_1_103' title='bbox 408 1093 573 1150; x_wconf 81' lang='grc' dir='ltr'><strong><em>πάντες</em></strong></span> <span class='ocrx_word' id='word_1_104' title='bbox 600 1095 652 1141; x_wconf 82' lang='grc' dir='ltr'><strong><em>τὸ</em></strong></span> <span class='ocrx_word' id='word_1_105' title='bbox 682 1095 984 1156; x_wconf 86' lang='grc' dir='ltr'><strong><em>γενησόμενον.</em></strong></span> <span class='ocrx_word' id='word_1_106' title='bbox 1035 1098 1082 1143; x_wconf 83' lang='grc' dir='ltr'><strong><em>ἐκ</em></strong></span> <span class='ocrx_word' id='word_1_107' title='bbox 1113 1099 1308 1154; x_wconf 76' lang='grc' dir='ltr'><strong><em>θατέρου</em></strong></span> <span class='ocrx_word' id='word_1_108' title='bbox 1332 1097 1521 1155; x_wconf 77' lang='grc' dir='ltr'><strong><em>σταυρὸς</em></strong></span> 
     </span>
     <span class='ocr_line' id='line_1_14' title="bbox 34 1161 1519 1225; baseline 0.001 -16"><span class='ocrx_word' id='word_1_109' title='bbox 34 1161 250 1224; x_wconf 78' lang='grc' dir='ltr'><strong><em>ἐπήγνυτο</em></strong></span> <span class='ocrx_word' id='word_1_110' title='bbox 280 1165 355 1209; x_wconf 81' lang='grc' dir='ltr'><strong><em>καὶ</em></strong></span> <span class='ocrx_word' id='word_1_111' title='bbox 382 1165 552 1222; x_wconf 83' lang='grc' dir='ltr'><strong><em>αἵρεσις</em></strong></span> <span class='ocrx_word' id='word_1_112' title='bbox 594 1165 767 1211; x_wconf 78' lang='grc' dir='ltr'><strong><em>ἐδίδοτο</em></strong></span> <span class='ocrx_word' id='word_1_113' title='bbox 808 1170 873 1225; x_wconf 74' lang='grc' dir='ltr'><strong><em>τῷ</em></strong></span> <span class='ocrx_word' id='word_1_114' title='bbox 915 1162 1084 1222; x_wconf 82' lang='grc' dir='ltr'><strong><em>οἷσεβεῖ,</em></strong></span> <span class='ocrx_word' id='word_1_115' title='bbox 1128 1163 1176 1212; x_wconf 77' lang='grc' dir='ltr'><strong><em>εἷ’</em></strong></span> <span class='ocrx_word' id='word_1_116' title='bbox 1199 1185 1288 1212; x_wconf 87' lang='grc' dir='ltr'><strong><em>που</em></strong></span> <span class='ocrx_word' id='word_1_117' title='bbox 1334 1167 1386 1211; x_wconf 85' lang='grc' dir='ltr'><strong><em>τὸ</em></strong></span> <span class='ocrx_word' id='word_1_118' title='bbox 1424 1170 1519 1223; x_wconf 85' lang='grc' dir='ltr'><strong><em>πῦρ</em></strong></span> 
     </span>
     <span class='ocr_line' id='line_1_15' title="bbox 34 1232 1522 1292; baseline 0.001 -15"><span class='ocrx_word' id='word_1_119' title='bbox 34 1234 259 1292; x_wconf 77' lang='grc' dir='ltr'><strong><em>πτοηθεὶς</em></strong></span> <span class='ocrx_word' id='word_1_120' title='bbox 285 1234 360 1278; x_wconf 82' lang='grc' dir='ltr'><strong><em>καὶ</em></strong></span> <span class='ocrx_word' id='word_1_121' title='bbox 386 1232 648 1290; x_wconf 82' lang='grc' dir='ltr'><strong><em>μεταβαλών</em></strong></span> <span class='ocrx_word' id='word_1_122' title='bbox 674 1233 753 1292; x_wconf 77' lang='grc' dir='ltr'><strong><em>τὴν</em></strong></span> <span class='ocrx_word' id='word_1_123' title='bbox 783 1232 958 1292; x_wconf 72' lang='grc' dir='ltr'><strong><em>γνώμνν</em></strong></span> <span class='ocrx_word' id='word_1_124' title='bbox 996 1235 1072 1280; x_wconf 86' lang='grc' dir='ltr'><strong><em>ἐπὶ</em></strong></span> <span class='ocrx_word' id='word_1_125' title='bbox 1102 1233 1180 1280; x_wconf 80' lang='grc' dir='ltr'><strong><em>τὸν</em></strong></span> <span class='ocrx_word' id='word_1_126' title='bbox 1216 1233 1407 1292; x_wconf 79' lang='grc' dir='ltr'><strong><em>σταυρόν</em></strong></span> <span class='ocrx_word' id='word_1_127' title='bbox 1435 1252 1522 1290; x_wconf 87' lang='grc' dir='ltr'><strong><em>χω-</em></strong></span> 
     </span>
     <span class='ocr_line' id='line_1_16' title="bbox 0 1298 1522 1386; baseline 0.001 -42"><span class='ocrx_word' id='word_1_128' title='bbox 0 1298 194 1361; x_wconf 76' lang='grc' dir='ltr'><strong><em>ὅρησειε,</em></strong></span> <span class='ocrx_word' id='word_1_129' title='bbox 225 1302 299 1346; x_wconf 81' lang='grc' dir='ltr'><strong><em>ἵνα</em></strong></span> <span class='ocrx_word' id='word_1_130' title='bbox 327 1304 407 1362; x_wconf 79' lang='grc' dir='ltr'><strong><em>τῆς</em></strong></span> <span class='ocrx_word' id='word_1_131' title='bbox 434 1302 618 1358; x_wconf 85' lang='grc' dir='ltr'><strong><em>καμίνου</em></strong></span> <span class='ocrx_word' id='word_1_132' title='bbox 635 1305 868 1360; x_wconf 77' lang='grc' dir='ltr'><strong><em>τηνικαῦτα</em></strong></span> <span class='ocrx_word' id='word_1_133' title='bbox 883 1300 1137 1386; x_wconf 74' lang='grc' dir='ltr'><strong><em>ἐλεύθερος</em></strong></span> <span class='ocrx_word' id='word_1_134' title='bbox 1155 1304 1337 1361; x_wconf 80' lang='grc' dir='ltr'><strong><em>γένηται.</em></strong></span> <span class='ocrx_word' id='word_1_135' title='bbox 1374 1303 1522 1361; x_wconf 82' lang='grc' dir='ltr'><strong><em>παρῆν</em></strong></span> 
     </span>
     <span class='ocr_line' id='line_1_17' title="bbox 32 1367 1562 1430; baseline 0.001 -17"><span class='ocrx_word' id='word_1_136' title='bbox 32 1368 82 1414; x_wconf 79' lang='grc' dir='ltr'><strong><em>δὲ</em></strong></span> <span class='ocrx_word' id='word_1_137' title='bbox 110 1370 183 1413; x_wconf 84' lang='grc' dir='ltr'><strong><em>καὶ</em></strong></span> <span class='ocrx_word' id='word_1_138' title='bbox 211 1367 264 1414; x_wconf 82' lang='grc' dir='ltr'>τό</span> <span class='ocrx_word' id='word_1_139' title='bbox 293 1372 384 1415; x_wconf 81' lang='grc' dir='ltr'><strong><em>τῶν</em></strong></span> <span class='ocrx_word' id='word_1_140' title='bbox 408 1367 641 1427; x_wconf 82' lang='grc' dir='ltr'><strong><em>αιρετικιῦν</em></strong></span> <span class='ocrx_word' id='word_1_141' title='bbox 663 1372 845 1430; x_wconf 76' lang='grc' dir='ltr'><strong><em>πλῆθος</em></strong></span> <span class='ocrx_word' id='word_1_142' title='bbox 871 1369 990 1428; x_wconf 82' lang='grc' dir='ltr'><strong><em>ὅρων</em></strong></span> <span class='ocrx_word' id='word_1_143' title='bbox 1016 1370 1095 1416; x_wconf 80' lang='grc' dir='ltr'><strong><em>τὸν</em></strong></span> <span class='ocrx_word' id='word_1_144' title='bbox 1122 1375 1369 1430; x_wconf 80' lang='grc' dir='ltr'><strong><em>κοριφαῖον</em></strong></span> <span class='ocrx_word' id='word_1_145' title='bbox 1385 1371 1562 1415; x_wconf 82' lang='grc' dir='ltr'><strong><em>Βασί-Β</em></strong></span> 
     </span>
     <span class='ocr_line' id='line_1_18' title="bbox 32 1434 1520 1498; baseline 0 -17"><span class='ocrx_word' id='word_1_146' title='bbox 32 1438 164 1482; x_wconf 83' lang='grc' dir='ltr'><strong><em>λειον.</em></strong></span> <span class='ocrx_word' id='word_1_147' title='bbox 211 1434 236 1482; x_wconf 82' lang='grc' dir='ltr'><em>ὃ</em></span> <span class='ocrx_word' id='word_1_148' title='bbox 267 1437 317 1482; x_wconf 79' lang='grc' dir='ltr'><strong><em>δὲ</em></strong></span> <span class='ocrx_word' id='word_1_149' title='bbox 345 1454 466 1495; x_wconf 89' lang='grc' dir='ltr'><strong><em>προς</em></strong></span> <span class='ocrx_word' id='word_1_150' title='bbox 496 1436 675 1484; x_wconf 82' lang='grc' dir='ltr'><strong><em>α’πασαν</em></strong></span> <span class='ocrx_word' id='word_1_151' title='bbox 693 1440 908 1496; x_wconf 85' lang='grc' dir='ltr'><strong><em>τιμωρίαν</em></strong></span> <span class='ocrx_word' id='word_1_152' title='bbox 938 1440 1011 1484; x_wconf 88' lang='grc' dir='ltr'><strong><em>καὶ</em></strong></span> <span class='ocrx_word' id='word_1_153' title='bbox 1030 1436 1217 1497; x_wconf 79' lang='grc' dir='ltr'><strong><em>απειλὴν</em></strong></span> <span class='ocrx_word' id='word_1_154' title='bbox 1246 1455 1520 1498; x_wconf 81' lang='grc' dir='ltr'><strong><em>καταφρονη-</em></strong></span> 
     </span>
     <span class='ocr_line' id='line_1_19' title="bbox 32 1502 1520 1566; baseline 0.001 -17"><span class='ocrx_word' id='word_1_155' title='bbox 32 1502 155 1559; x_wconf 76' lang='grc' dir='ltr'><strong><em>τικὸς</em></strong></span> <span class='ocrx_word' id='word_1_156' title='bbox 199 1506 488 1565; x_wconf 82' lang='grc' dir='ltr'><strong><em>κατεφαίνετο</em></strong></span> <span class='ocrx_word' id='word_1_157' title='bbox 533 1507 606 1551; x_wconf 84' lang='grc' dir='ltr'><strong><em>καὶ</em></strong></span> <span class='ocrx_word' id='word_1_158' title='bbox 644 1508 917 1565; x_wconf 83' lang='grc' dir='ltr'><strong><em>πορρωτέρω</em></strong></span> <span class='ocrx_word' id='word_1_159' title='bbox 961 1508 1042 1564; x_wconf 76' lang='grc' dir='ltr'><strong><em>μὲν</em></strong></span> <span class='ocrx_word' id='word_1_160' title='bbox 1086 1504 1148 1552; x_wconf 73' lang='grc' dir='ltr'><strong><em>ὧν</em></strong></span> <span class='ocrx_word' id='word_1_161' title='bbox 1186 1510 1263 1566; x_wconf 75' lang='grc' dir='ltr'><strong><em>τῆς</em></strong></span> <span class='ocrx_word' id='word_1_162' title='bbox 1301 1508 1520 1563; x_wconf 77' lang='grc' dir='ltr'><strong><em>πυρκαϊᾶς</em></strong></span> 
     </span>
     <span class='ocr_line' id='line_1_20' title="bbox 34 1571 1517 1632; baseline 0.001 -14"><span class='ocrx_word' id='word_1_163' title='bbox 34 1575 241 1632; x_wconf 80' lang='grc' dir='ltr'><strong><em>κατεγέλα</em></strong></span> <span class='ocrx_word' id='word_1_164' title='bbox 267 1575 340 1619; x_wconf 83' lang='grc' dir='ltr'><strong><em>καὶ</em></strong></span> <span class='ocrx_word' id='word_1_165' title='bbox 369 1573 649 1631; x_wconf 68' lang='grc' dir='ltr'><strong><em>ἐτερατεύετο</em></strong></span> <span class='ocrx_word' id='word_1_166' title='bbox 698 1577 835 1632; x_wconf 82' lang='grc' dir='ltr'><strong><em>λέγων</em></strong></span> <span class='ocrx_word' id='word_1_167' title='bbox 863 1573 1081 1631; x_wconf 81' lang='grc' dir='ltr'><strong><em>ἆρπάσειν</em></strong></span> <span class='ocrx_word' id='word_1_168' title='bbox 1119 1571 1257 1620; x_wconf 69' lang='grc' dir='ltr'><strong><em>αὐτὸν</em></strong></span> <span class='ocrx_word' id='word_1_169' title='bbox 1295 1575 1343 1619; x_wconf 82' lang='grc' dir='ltr'><strong><em>ἐκ</em></strong></span> <span class='ocrx_word' id='word_1_170' title='bbox 1379 1575 1517 1631; x_wconf 81' lang='grc' dir='ltr'><strong><em>μέσου</em></strong></span> 
     </span>
     <span class='ocr_line' id='line_1_21' title="bbox 0 1638 1517 1702; baseline -0.001 -15"><span class='ocrx_word' id='word_1_171' title='bbox 0 1641 178 1701; x_wconf 81' lang='grc' dir='ltr'><strong><em>ῦπυρὸς</em></strong></span> <span class='ocrx_word' id='word_1_172' title='bbox 205 1638 412 1702; x_wconf 70' lang='grc' dir='ltr'><strong><em>ἀγγέλους</em></strong></span> <span class='ocrx_word' id='word_1_173' title='bbox 440 1642 562 1698; x_wconf 84' lang='grc' dir='ltr'><strong><em>τινὰς</em></strong></span> <span class='ocrx_word' id='word_1_174' title='bbox 588 1645 661 1689; x_wconf 79' lang='grc' dir='ltr'><strong><em>καὶ</em></strong></span> <span class='ocrx_word' id='word_1_175' title='bbox 694 1642 927 1702; x_wconf 79' lang='grc' dir='ltr'><strong><em>ὖπέψαλλε</em></strong></span> <span class='ocrx_word' id='word_1_176' title='bbox 955 1642 1007 1689; x_wconf 81' lang='grc' dir='ltr'><strong><em>τὸ</em></strong></span> <span class='ocrx_word' id='word_1_177' title='bbox 1029 1641 1264 1689; x_wconf 81' lang='grc' dir='ltr'><strong><em>Δαιίτικὸν</em></strong></span> <span class='ocrx_word' id='word_1_178' title='bbox 1294 1644 1436 1688; x_wconf 86' lang='grc' dir='ltr'><strong><em>ἐκεῖνο</em></strong></span> <span class='ocrx_word' id='word_1_179' title='bbox 1466 1640 1517 1686; x_wconf 79' lang='grc' dir='ltr'><strong><em>τὸ</em></strong></span> 
     </span>
     <span class='ocr_line' id='line_1_22' title="bbox 34 1706 1518 1773; baseline 0 -17"><span class='ocrx_word' id='word_1_180' title='bbox 34 1711 184 1768; x_wconf 64' lang='grc' dir='ltr'><strong><em>’(πρὸς</em></strong></span> <span class='ocrx_word' id='word_1_181' title='bbox 203 1712 254 1757; x_wconf 81' lang='grc' dir='ltr'><strong><em>σὲ</em></strong></span> <span class='ocrx_word' id='word_1_182' title='bbox 283 1712 332 1757; x_wconf 82' lang='grc' dir='ltr'><strong><em>δὲ</em></strong></span> <span class='ocrx_word' id='word_1_183' title='bbox 359 1706 440 1757; x_wconf 70' lang='grc' dir='ltr'><strong><em>οὔκ</em></strong></span> <span class='ocrx_word' id='word_1_184' title='bbox 466 1712 618 1770; x_wconf 84' lang='grc' dir='ltr'><strong><em>ἐγγιεῖ·</em></strong></span> <span class='ocrx_word' id='word_1_185' title='bbox 654 1711 770 1773; x_wconf 82' lang='grc' dir='ltr'><strong><em>πλὴν</em></strong></span> <span class='ocrx_word' id='word_1_186' title='bbox 798 1716 896 1767; x_wconf 88' lang='grc' dir='ltr'><strong><em>τοῖς</em></strong></span> <span class='ocrx_word' id='word_1_187' title='bbox 935 1708 1196 1772; x_wconf 75' lang='grc' dir='ltr'><strong><em>ὄφθαλμοῖς</em></strong></span> <span class='ocrx_word' id='word_1_188' title='bbox 1225 1729 1307 1757; x_wconf 91' lang='grc' dir='ltr'><strong><em>σου</em></strong></span> <span class='ocrx_word' id='word_1_189' title='bbox 1337 1729 1518 1756; x_wconf 83' lang='grc' dir='ltr'><strong><em>κατανο-</em></strong></span> 
     </span>
     <span class='ocr_line' id='line_1_23' title="bbox 31 1775 1519 1839; baseline -0.001 -15"><span class='ocrx_word' id='word_1_190' title='bbox 31 1777 189 1834; x_wconf 66' lang='grc' dir='ltr'><strong><em>ίσεις”.</em></strong></span> <span class='ocrx_word' id='word_1_191' title='bbox 255 1775 349 1824; x_wconf 76' lang='grc' dir='ltr'><strong><em>ἄλλ’</em></strong></span> <span class='ocrx_word' id='word_1_192' title='bbox 396 1778 578 1825; x_wconf 81' lang='grc' dir='ltr'><strong><em>ἐπειδὰν</em></strong></span> <span class='ocrx_word' id='word_1_193' title='bbox 623 1779 675 1826; x_wconf 82' lang='grc' dir='ltr'><strong><em>τὸ</em></strong></span> <span class='ocrx_word' id='word_1_194' title='bbox 721 1783 906 1839; x_wconf 74' lang='grc' dir='ltr'><strong><em>πλῆθος</em></strong></span> <span class='ocrx_word' id='word_1_195' title='bbox 946 1779 1180 1826; x_wconf 84' lang='grc' dir='ltr'><strong><em>διαναστάν</em></strong></span> <span class='ocrx_word' id='word_1_196' title='bbox 1225 1780 1371 1825; x_wconf 86' lang='grc' dir='ltr'><strong><em>ἐδίδου</em></strong></span> <span class='ocrx_word' id='word_1_197' title='bbox 1407 1777 1519 1836; x_wconf 83' lang='grc' dir='ltr'><strong><em>μετὰ</em></strong></span> 
     </span>
    </p>
   </div>
   <div class='ocr_carea' id='block_1_3' title="bbox 163 1901 1516 2048">
    <p class='ocr_par' dir='ltr' id='par_1_5' title="bbox 163 1901 1516 2048">
     <span class='ocr_line' id='line_1_24' title="bbox 165 1901 1516 1963; baseline 0.001 -25"><span class='ocrx_word' id='word_1_198' title='bbox 165 1903 199 1938; x_wconf 85' lang='grc'><strong><em>3.</em></strong></span> <span class='ocrx_word' id='word_1_199' title='bbox 224 1901 268 1938; x_wconf 82' lang='grc' dir='ltr'><strong><em>δὲ</em></strong></span> <span class='ocrx_word' id='word_1_200' title='bbox 295 1901 365 1946; x_wconf 83' lang='lat' dir='ltr'><strong><em>GP,</em></strong></span> <span class='ocrx_word' id='word_1_201' title='bbox 392 1904 550 1940; x_wconf 76' lang='lat' dir='ltr'>correxi.</span> <span class='ocrx_word' id='word_1_202' title='bbox 744 1907 778 1940; x_wconf 85' lang='lat'><strong><em>7.</em></strong></span> <span class='ocrx_word' id='word_1_203' title='bbox 804 1901 1035 1963; x_wconf 76' lang='grc' dir='ltr'><strong><em>ὑπόδρομον,</em></strong></span> <span class='ocrx_word' id='word_1_204' title='bbox 1059 1904 1125 1940; x_wconf 87' lang='lat' dir='ltr'><strong><em>sed</em></strong></span> <span class='ocrx_word' id='word_1_205' title='bbox 1151 1917 1171 1939; x_wconf 89' lang='grc' dir='ltr'><strong><em>υ</em></strong></span> <span class='ocrx_word' id='word_1_206' title='bbox 1194 1905 1234 1939; x_wconf 90' lang='lat' dir='ltr'><strong><em>in</em></strong></span> <span class='ocrx_word' id='word_1_207' title='bbox 1259 1915 1328 1940; x_wconf 80' lang='lat' dir='ltr'>ras.</span> <span class='ocrx_word' id='word_1_208' title='bbox 1355 1915 1402 1940; x_wconf 89' lang='lat' dir='ltr'><strong><em>m.</em></strong></span> <span class='ocrx_word' id='word_1_209' title='bbox 1430 1906 1451 1939; x_wconf 87' lang='grc'><strong>2</strong></span> <span class='ocrx_word' id='word_1_210' title='bbox 1478 1903 1516 1939; x_wconf 87' lang='lat' dir='ltr'><strong><em>C.</em></strong></span> 
     </span>
     <span class='ocr_line' id='line_1_25' title="bbox 166 1951 1514 2001; baseline 0.002 -16"><span class='ocrx_word' id='word_1_211' title='bbox 166 1951 222 1986; x_wconf 83' lang='lat'><strong><em>13.</em></strong></span> <span class='ocrx_word' id='word_1_212' title='bbox 248 1951 419 1987; x_wconf 63' lang='lat' dir='ltr'><em>&amp;mono</em></span> <span class='ocrx_word' id='word_1_213' title='bbox 444 1951 483 1988; x_wconf 89' lang='lat' dir='ltr'><strong><em>C.</em></strong></span> <span class='ocrx_word' id='word_1_214' title='bbox 671 1953 727 1989; x_wconf 87' lang='lat'><strong><em>14.</em></strong></span> <span class='ocrx_word' id='word_1_215' title='bbox 751 1951 974 2001; x_wconf 78' lang='grc' dir='ltr'><strong><em>μεταβαλὼν</em></strong></span> <span class='ocrx_word' id='word_1_216' title='bbox 996 1953 1037 1996; x_wconf 90' lang='lat' dir='ltr'><strong><em>P,</em></strong></span> <span class='ocrx_word' id='word_1_217' title='bbox 1061 1951 1235 1999; x_wconf 81' lang='grc' dir='ltr'><strong><em>μειαβών</em></strong></span> <span class='ocrx_word' id='word_1_218' title='bbox 1260 1952 1296 1988; x_wconf 91' lang='lat' dir='ltr'><strong><em>C.</em></strong></span> <span class='ocrx_word' id='word_1_219' title='bbox 1458 1953 1514 1988; x_wconf 89' lang='lat'><strong><em>15.</em></strong></span> 
     </span>
     <span class='ocr_line' id='line_1_26' title="bbox 163 1999 1515 2048; baseline 0 -13"><span class='ocrx_word' id='word_1_220' title='bbox 163 2001 224 2034; x_wconf 81' lang='grc' dir='ltr'><strong><em>ἵνα</em></strong></span> <span class='ocrx_word' id='word_1_221' title='bbox 249 1999 390 2036; x_wconf 84' lang='lat' dir='ltr'>addidi.</span> <span class='ocrx_word' id='word_1_222' title='bbox 487 2001 546 2036; x_wconf 85' lang='lat'><strong><em>22.</em></strong></span> <span class='ocrx_word' id='word_1_223' title='bbox 574 2000 778 2038; x_wconf 80' lang='grc' dir='ltr'><strong><em>διαναστάν</em></strong></span> <span class='ocrx_word' id='word_1_224' title='bbox 802 2003 951 2048; x_wconf 76' lang='lat' dir='ltr'><strong>scripsi:</strong></span> <span class='ocrx_word' id='word_1_225' title='bbox 978 2002 1170 2037; x_wconf 77' lang='grc' dir='ltr'><strong><em>διανισιᾶν</em></strong></span> <span class='ocrx_word' id='word_1_226' title='bbox 1194 2001 1234 2044; x_wconf 87' lang='lat' dir='ltr'><strong><em>C,</em></strong></span> <span class='ocrx_word' id='word_1_227' title='bbox 1261 2001 1452 2047; x_wconf 79' lang='grc' dir='ltr'><strong><em>διανιστᾷν</em></strong></span> <span class='ocrx_word' id='word_1_228' title='bbox 1476 2000 1515 2036; x_wconf 94' lang='grc' dir='ltr'><strong><em>Ρ.</em></strong></span> 
     </span>
    </p>
   </div>
   <div class='ocr_carea' id='block_1_4' title="bbox 14 2104 1589 2923">
    <p class='ocr_par' dir='ltr' id='par_1_6' title="bbox 14 2104 1589 2917">
     <span class='ocr_line' id='line_1_27' title="bbox 166 2104 1589 2153; baseline 0.002 -14"><span class='ocrx_word' id='word_1_229' title='bbox 166 2105 222 2140; x_wconf 89' lang='grc'><strong><em>10.</em></strong></span> <span class='ocrx_word' id='word_1_230' title='bbox 284 2104 464 2141; x_wconf 78' lang='lat' dir='ltr'>Basiliam</span> <span class='ocrx_word' id='word_1_231' title='bbox 499 2117 589 2142; x_wconf 85' lang='lat' dir='ltr'>vero</span> <span class='ocrx_word' id='word_1_232' title='bbox 627 2110 670 2143; x_wconf 90' lang='lat' dir='ltr'>ut</span> <span class='ocrx_word' id='word_1_233' title='bbox 699 2107 908 2153; x_wconf 84' lang='lat' dir='ltr'><strong>principem</strong></span> <span class='ocrx_word' id='word_1_234' title='bbox 950 2110 1069 2143; x_wconf 85' lang='lat' dir='ltr'>sectae</span> <span class='ocrx_word' id='word_1_235' title='bbox 1108 2106 1516 2151; x_wconf 82' lang='lat' dir='ltr'>obstinatissimumque</span> <span class='ocrx_word' id='word_1_236' title='bbox 1582 2116 1589 2122; x_wconf 88' lang='lat'><strong>·</strong></span> 
     </span>
     <span class='ocr_line' id='line_1_28' title="bbox 27 2153 1516 2202; baseline 0 -14"><span class='ocrx_word' id='word_1_237' title='bbox 27 2164 115 2189; x_wconf 85' lang='lat' dir='ltr'>cum</span> <span class='ocrx_word' id='word_1_238' title='bbox 128 2155 211 2188; x_wconf 74' lang='lat' dir='ltr'><strong><em>tota</em></strong></span> <span class='ocrx_word' id='word_1_239' title='bbox 235 2156 363 2189; x_wconf 77' lang='lat' dir='ltr'>sancta</span> <span class='ocrx_word' id='word_1_240' title='bbox 386 2154 548 2200; x_wconf 82' lang='lat' dir='ltr'>synodus</span> <span class='ocrx_word' id='word_1_241' title='bbox 561 2154 903 2202; x_wconf 82' lang='lat' dir='ltr'>Naziraeorumque</span> <span class='ocrx_word' id='word_1_242' title='bbox 928 2155 1063 2191; x_wconf 83' lang='lat' dir='ltr'>delecti</span> <span class='ocrx_word' id='word_1_243' title='bbox 1090 2159 1169 2191; x_wconf 83' lang='lat' dir='ltr'>tum</span> <span class='ocrx_word' id='word_1_244' title='bbox 1188 2157 1226 2190; x_wconf 86' lang='lat' dir='ltr'><strong><em>et</em></strong></span> <span class='ocrx_word' id='word_1_245' title='bbox 1249 2155 1328 2200; x_wconf 87' lang='lat' dir='ltr'>ipse</span> <span class='ocrx_word' id='word_1_246' title='bbox 1341 2153 1516 2189; x_wconf 76' lang='lat' dir='ltr'>Nicolaus</span> 
     </span>
     <span class='ocr_line' id='line_1_29' title="bbox 29 2201 1512 2256; baseline 0 -20"><span class='ocrx_word' id='word_1_247' title='bbox 29 2201 278 2256; x_wconf 64' lang='lat' dir='ltr'>pau-{archa</span> <span class='ocrx_word' id='word_1_248' title='bbox 267 2213 354 2248; x_wconf 71' lang='lat' dir='ltr'>igne</span> <span class='ocrx_word' id='word_1_249' title='bbox 367 2202 522 2249; x_wconf 83' lang='lat' dir='ltr'>dignum</span> <span class='ocrx_word' id='word_1_250' title='bbox 539 2215 724 2240; x_wconf 74' lang='lat' dir='ltr'>censuere.</span> <span class='ocrx_word' id='word_1_251' title='bbox 755 2205 891 2250; x_wconf 89' lang='lat' dir='ltr'>quibus</span> <span class='ocrx_word' id='word_1_252' title='bbox 907 2205 1113 2250; x_wconf 86' lang='lat' dir='ltr'>imperator</span> <span class='ocrx_word' id='word_1_253' title='bbox 1130 2214 1277 2249; x_wconf 86' lang='lat' dir='ltr'>quoque</span> <span class='ocrx_word' id='word_1_254' title='bbox 1294 2202 1512 2247; x_wconf 82' lang='lat' dir='ltr'>assentitur3</span> 
     </span>
     <span class='ocr_line' id='line_1_30' title="bbox 28 2249 1512 2299; baseline 0.001 -15"><span class='ocrx_word' id='word_1_255' title='bbox 28 2249 168 2285; x_wconf 83' lang='lat' dir='ltr'>etenim</span> <span class='ocrx_word' id='word_1_256' title='bbox 191 2249 336 2286; x_wconf 77' lang='lat' dir='ltr'>frustra</span> <span class='ocrx_word' id='word_1_257' title='bbox 360 2263 446 2287; x_wconf 89' lang='lat' dir='ltr'><strong><em>eum</em></strong></span> <span class='ocrx_word' id='word_1_258' title='bbox 473 2252 597 2287; x_wconf 88' lang='lat' dir='ltr'>verbis</span> <span class='ocrx_word' id='word_1_259' title='bbox 622 2264 730 2299; x_wconf 81' lang='lat' dir='ltr'>saepe</span> <span class='ocrx_word' id='word_1_260' title='bbox 758 2255 964 2298; x_wconf 82' lang='lat' dir='ltr'>temptarat</span> <span class='ocrx_word' id='word_1_261' title='bbox 988 2254 1111 2298; x_wconf 77' lang='lat' dir='ltr'>atque,</span> <span class='ocrx_word' id='word_1_262' title='bbox 1136 2252 1201 2287; x_wconf 89' lang='lat' dir='ltr'><strong><em>ubi</em></strong></span> <span class='ocrx_word' id='word_1_263' title='bbox 1226 2251 1418 2286; x_wconf 86' lang='lat' dir='ltr'>sinistrum</span> <span class='ocrx_word' id='word_1_264' title='bbox 1433 2250 1512 2286; x_wconf 90' lang='lat' dir='ltr'>eius</span> 
     </span>
     <span class='ocr_line' id='line_1_31' title="bbox 28 2297 1512 2346; baseline 0 -13"><span class='ocrx_word' id='word_1_265' title='bbox 28 2297 222 2344; x_wconf 84' lang='lat' dir='ltr'>ingenium</span> <span class='ocrx_word' id='word_1_266' title='bbox 254 2300 432 2345; x_wconf 81' lang='lat' dir='ltr'>eognovit</span> <span class='ocrx_word' id='word_1_267' title='bbox 464 2301 638 2346; x_wconf 78' lang='lat' dir='ltr'>quodque</span> <span class='ocrx_word' id='word_1_268' title='bbox 662 2302 708 2337; x_wconf 83' lang='lat' dir='ltr'><strong><em>ab</em></strong></span> <span class='ocrx_word' id='word_1_269' title='bbox 733 2301 875 2336; x_wconf 88' lang='lat' dir='ltr'>haeresi</span> <span class='ocrx_word' id='word_1_270' title='bbox 901 2312 975 2336; x_wconf 91' lang='lat' dir='ltr'><strong><em>non</em></strong></span> <span class='ocrx_word' id='word_1_271' title='bbox 1001 2300 1215 2340; x_wconf 78' lang='lat' dir='ltr'>desisteret,</span> <span class='ocrx_word' id='word_1_272' title='bbox 1256 2303 1337 2334; x_wconf 86' lang='lat' dir='ltr'>tum</span> <span class='ocrx_word' id='word_1_273' title='bbox 1361 2298 1512 2334; x_wconf 90' lang='lat' dir='ltr'>demum</span> 
     </span>
     <span class='ocr_line' id='line_1_32' title="bbox 28 2346 1512 2396; baseline -0.001 -14"><span class='ocrx_word' id='word_1_274' title='bbox 28 2346 233 2382; x_wconf 74' lang='lat' dir='ltr'>maximum</span> <span class='ocrx_word' id='word_1_275' title='bbox 257 2347 299 2382; x_wconf 85' lang='lat' dir='ltr'><strong><em>in</em></strong></span> <span class='ocrx_word' id='word_1_276' title='bbox 322 2347 573 2394; x_wconf 69' lang='lat' dir='ltr'>hippodromo</span> <span class='ocrx_word' id='word_1_277' title='bbox 597 2361 731 2396; x_wconf 86' lang='lat' dir='ltr'>rogum</span> <span class='ocrx_word' id='word_1_278' title='bbox 759 2349 909 2385; x_wconf 77' lang='lat' dir='ltr'>accendi</span> <span class='ocrx_word' id='word_1_279' title='bbox 937 2349 1055 2384; x_wconf 79' lang='lat' dir='ltr'>iussit.</span> <span class='ocrx_word' id='word_1_280' title='bbox 1107 2347 1239 2383; x_wconf 80' lang='lat' dir='ltr'>effossa</span> <span class='ocrx_word' id='word_1_281' title='bbox 1271 2350 1353 2382; x_wconf 85' lang='lat' dir='ltr'>erat</span> <span class='ocrx_word' id='word_1_282' title='bbox 1382 2347 1512 2392; x_wconf 86' lang='lat' dir='ltr'>ingens</span> 
     </span>
     <span class='ocr_line' id='line_1_33' title="bbox 27 2394 1513 2443; baseline -0.001 -13"><span class='ocrx_word' id='word_1_283' title='bbox 27 2394 106 2430; x_wconf 84' lang='lat' dir='ltr'>illic</span> <span class='ocrx_word' id='word_1_284' title='bbox 131 2394 239 2431; x_wconf 80' lang='lat' dir='ltr'>fovea</span> <span class='ocrx_word' id='word_1_285' title='bbox 264 2397 302 2430; x_wconf 80' lang='lat' dir='ltr'><strong><em>et</em></strong></span> <span class='ocrx_word' id='word_1_286' title='bbox 325 2396 506 2432; x_wconf 86' lang='lat' dir='ltr'>immensa</span> <span class='ocrx_word' id='word_1_287' title='bbox 529 2397 719 2443; x_wconf 86' lang='lat' dir='ltr'>lignorum</span> <span class='ocrx_word' id='word_1_288' title='bbox 744 2401 864 2433; x_wconf 78' lang='lat' dir='ltr'>strues</span> <span class='ocrx_word' id='word_1_289' title='bbox 891 2409 935 2432; x_wconf 84' lang='lat' dir='ltr'><strong><em>ex</em></strong></span> <span class='ocrx_word' id='word_1_290' title='bbox 962 2397 1047 2432; x_wconf 80' lang='lat' dir='ltr'>altis</span> <span class='ocrx_word' id='word_1_291' title='bbox 1072 2395 1270 2431; x_wconf 76' lang='lat' dir='ltr'>arboribus</span> <span class='ocrx_word' id='word_1_292' title='bbox 1296 2395 1513 2440; x_wconf 81' lang='lat' dir='ltr'>composita,</span> 
     </span>
     <span class='ocr_line' id='line_1_34' title="bbox 27 2442 1515 2503; baseline 0.001 -26"><span class='ocrx_word' id='word_1_293' title='bbox 27 2444 83 2478; x_wconf 81' lang='lat' dir='ltr'><strong><em>ita</em></strong></span> <span class='ocrx_word' id='word_1_294' title='bbox 105 2446 150 2479; x_wconf 81' lang='lat' dir='ltr'>ut</span> <span class='ocrx_word' id='word_1_295' title='bbox 165 2443 304 2479; x_wconf 85' lang='lat' dir='ltr'>mont-is</span> <span class='ocrx_word' id='word_1_296' title='bbox 316 2445 436 2480; x_wconf 82' lang='lat' dir='ltr'>instar</span> <span class='ocrx_word' id='word_1_297' title='bbox 456 2450 560 2481; x_wconf 84' lang='lat' dir='ltr'>esset.</span> <span class='ocrx_word' id='word_1_298' title='bbox 598 2458 691 2503; x_wconf 77' lang='lat' dir='ltr'>rogo</span> <span class='ocrx_word' id='word_1_299' title='bbox 709 2446 844 2482; x_wconf 88' lang='lat' dir='ltr'>deinde</span> <span class='ocrx_word' id='word_1_300' title='bbox 860 2457 1013 2481; x_wconf 86' lang='lat' dir='ltr'>accenso</span> <span class='ocrx_word' id='word_1_301' title='bbox 1039 2454 1246 2490; x_wconf 81' lang='lat' dir='ltr'>magnaque</span> <span class='ocrx_word' id='word_1_302' title='bbox 1272 2442 1515 2478; x_wconf 85' lang='lat' dir='ltr'>multitudine</span> 
     </span>
     <span class='ocr_line' id='line_1_35' title="bbox 28 2491 1514 2540; baseline -0.001 -14"><span class='ocrx_word' id='word_1_303' title='bbox 28 2494 68 2527; x_wconf 86' lang='lat' dir='ltr'><strong><em>et</em></strong></span> <span class='ocrx_word' id='word_1_304' title='bbox 92 2491 132 2526; x_wconf 86' lang='lat' dir='ltr'><strong><em>in</em></strong></span> <span class='ocrx_word' id='word_1_305' title='bbox 157 2491 277 2527; x_wconf 79' lang='lat' dir='ltr'>solum</span> <span class='ocrx_word' id='word_1_306' title='bbox 299 2492 542 2539; x_wconf 83' lang='lat' dir='ltr'><strong>hippodromi</strong></span> <span class='ocrx_word' id='word_1_307' title='bbox 565 2498 604 2530; x_wconf 86' lang='lat' dir='ltr'><strong><em>et</em></strong></span> <span class='ocrx_word' id='word_1_308' title='bbox 628 2496 729 2531; x_wconf 85' lang='lat' dir='ltr'>circa</span> <span class='ocrx_word' id='word_1_309' title='bbox 754 2494 892 2540; x_wconf 85' lang='lat' dir='ltr'>gradus</span> <span class='ocrx_word' id='word_1_310' title='bbox 916 2492 1126 2529; x_wconf 72' lang='lat' dir='ltr'>confluente</span> <span class='ocrx_word' id='word_1_311' title='bbox 1149 2495 1187 2527; x_wconf 87' lang='lat' dir='ltr'><strong><em>et</em></strong></span> <span class='ocrx_word' id='word_1_312' title='bbox 1211 2491 1382 2526; x_wconf 86' lang='lat' dir='ltr'>omnibus</span> <span class='ocrx_word' id='word_1_313' title='bbox 1406 2502 1514 2526; x_wconf 83' lang='lat' dir='ltr'>even·</span> 
     </span>
     <span class='ocr_line' id='line_1_36' title="bbox 27 2539 1513 2589; baseline 0.001 -15"><span class='ocrx_word' id='word_1_314' title='bbox 27 2542 116 2575; x_wconf 81' lang='lat' dir='ltr'>tura</span> <span class='ocrx_word' id='word_1_315' title='bbox 139 2541 434 2587; x_wconf 75' lang='lat' dir='ltr'>expectantibus,</span> <span class='ocrx_word' id='word_1_316' title='bbox 466 2543 541 2577; x_wconf 81' lang='lat' dir='ltr'><strong><em>iam</em></strong></span> <span class='ocrx_word' id='word_1_317' title='bbox 566 2555 657 2578; x_wconf 86' lang='lat' dir='ltr'>crux</span> <span class='ocrx_word' id='word_1_318' title='bbox 684 2542 816 2589; x_wconf 90' lang='lat' dir='ltr'>figitur</span> <span class='ocrx_word' id='word_1_319' title='bbox 839 2554 885 2578; x_wconf 82' lang='lat' dir='ltr'><strong><em>ex</em></strong></span> <span class='ocrx_word' id='word_1_320' title='bbox 911 2542 1065 2577; x_wconf 84' lang='lat' dir='ltr'>adverso</span> <span class='ocrx_word' id='word_1_321' title='bbox 1092 2540 1277 2584; x_wconf 78' lang='lat' dir='ltr'>daturque</span> <span class='ocrx_word' id='word_1_322' title='bbox 1301 2539 1406 2584; x_wconf 87' lang='lat' dir='ltr'>optio</span> <span class='ocrx_word' id='word_1_323' title='bbox 1432 2539 1513 2575; x_wconf 86' lang='lat' dir='ltr'>viro</span> 
     </span>
     <span class='ocr_line' id='line_1_37' title="bbox 27 2587 1513 2637; baseline -0.001 -14"><span class='ocrx_word' id='word_1_324' title='bbox 27 2587 164 2634; x_wconf 87' lang='lat' dir='ltr'>impio,</span> <span class='ocrx_word' id='word_1_325' title='bbox 206 2600 297 2623; x_wconf 90' lang='lat' dir='ltr'><strong><em>num</em></strong></span> <span class='ocrx_word' id='word_1_326' title='bbox 335 2589 434 2626; x_wconf 83' lang='lat' dir='ltr'>forte</span> <span class='ocrx_word' id='word_1_327' title='bbox 478 2591 566 2637; x_wconf 85' lang='lat' dir='ltr'>igne</span> <span class='ocrx_word' id='word_1_328' title='bbox 604 2592 831 2627; x_wconf 77' lang='lat' dir='ltr'>conterritus</span> <span class='ocrx_word' id='word_1_329' title='bbox 871 2593 1015 2625; x_wconf 78' lang='lat' dir='ltr'>mutata</span> <span class='ocrx_word' id='word_1_330' title='bbox 1055 2588 1239 2624; x_wconf 84' lang='lat' dir='ltr'>sententia</span> <span class='ocrx_word' id='word_1_331' title='bbox 1279 2587 1327 2622; x_wconf 82' lang='lat' dir='ltr'><strong><em>ad</em></strong></span> <span class='ocrx_word' id='word_1_332' title='bbox 1364 2598 1513 2623; x_wconf 84' lang='lat' dir='ltr'>crucem</span> 
     </span>
     <span class='ocr_line' id='line_1_38' title="bbox 29 2634 1513 2685; baseline 0.001 -14"><span class='ocrx_word' id='word_1_333' title='bbox 29 2635 201 2681; x_wconf 69' lang='lat' dir='ltr'>accedat,</span> <span class='ocrx_word' id='word_1_334' title='bbox 233 2637 397 2674; x_wconf 77' lang='lat' dir='ltr'>incendii</span> <span class='ocrx_word' id='word_1_335' title='bbox 430 2642 474 2674; x_wconf 82' lang='lat' dir='ltr'>ut</span> <span class='ocrx_word' id='word_1_336' title='bbox 509 2651 630 2685; x_wconf 82' lang='lat' dir='ltr'>poena</span> <span class='ocrx_word' id='word_1_337' title='bbox 661 2640 852 2675; x_wconf 71' lang='lat' dir='ltr'>liberetur.</span> <span class='ocrx_word' id='word_1_338' title='bbox 903 2638 1033 2673; x_wconf 74' lang='lat' dir='ltr'>aderat</span> <span class='ocrx_word' id='word_1_339' title='bbox 1065 2637 1177 2672; x_wconf 87' lang='lat' dir='ltr'>etism</span> <span class='ocrx_word' id='word_1_340' title='bbox 1208 2636 1328 2671; x_wconf 84' lang='lat' dir='ltr'>omnis</span> <span class='ocrx_word' id='word_1_341' title='bbox 1354 2634 1513 2672; x_wconf 80' lang='lat' dir='ltr'>haereti·</span> 
     </span>
     <span class='ocr_line' id='line_1_39' title="bbox 27 2664 1514 2734; baseline -0.003 -13"><span class='ocrx_word' id='word_1_342' title='bbox 27 2696 155 2721; x_wconf 82' lang='lat' dir='ltr'>eorum</span> <span class='ocrx_word' id='word_1_343' title='bbox 191 2664 308 2721; x_wconf 71' lang='lat' dir='ltr'>’turba</span> <span class='ocrx_word' id='word_1_344' title='bbox 342 2687 493 2722; x_wconf 84' lang='lat' dir='ltr'>intuens</span> <span class='ocrx_word' id='word_1_345' title='bbox 530 2689 738 2734; x_wconf 84' lang='lat' dir='ltr'>principem</span> <span class='ocrx_word' id='word_1_346' title='bbox 770 2698 878 2722; x_wconf 89' lang='lat' dir='ltr'>suum</span> <span class='ocrx_word' id='word_1_347' title='bbox 909 2685 1104 2729; x_wconf 80' lang='lat' dir='ltr'>Basilium,</span> <span class='ocrx_word' id='word_1_348' title='bbox 1141 2684 1206 2730; x_wconf 88' lang='lat' dir='ltr'><strong><em>qui</em></strong></span> <span class='ocrx_word' id='word_1_349' title='bbox 1239 2687 1363 2718; x_wconf 82' lang='lat' dir='ltr'>tamen</span> <span class='ocrx_word' id='word_1_350' title='bbox 1394 2695 1514 2728; x_wconf 76' lang='lat' dir='ltr'>poena</span> 
     </span>
     <span class='ocr_line' id='line_1_40' title="bbox 29 2731 1514 2782; baseline -0.002 -14"><span class='ocrx_word' id='word_1_351' title='bbox 29 2733 213 2779; x_wconf 77' lang='lat' dir='ltr'>minisque</span> <span class='ocrx_word' id='word_1_352' title='bbox 236 2735 462 2780; x_wconf 75' lang='lat' dir='ltr'>contemptis</span> <span class='ocrx_word' id='word_1_353' title='bbox 486 2747 572 2771; x_wconf 84' lang='lat' dir='ltr'>cum</span> <span class='ocrx_word' id='word_1_354' title='bbox 598 2736 728 2782; x_wconf 88' lang='lat' dir='ltr'>procul</span> <span class='ocrx_word' id='word_1_355' title='bbox 746 2746 877 2782; x_wconf 85' lang='lat' dir='ltr'>rogum</span> <span class='ocrx_word' id='word_1_356' title='bbox 896 2734 1115 2779; x_wconf 77' lang='lat' dir='ltr'>adspiceret,</span> <span class='ocrx_word' id='word_1_357' title='bbox 1141 2732 1274 2767; x_wconf 87' lang='lat' dir='ltr'>derisit</span> <span class='ocrx_word' id='word_1_358' title='bbox 1290 2731 1514 2766; x_wconf 83' lang='lat' dir='ltr'>vaticinans-</span> 
     </span>
     <span class='ocr_line' id='line_1_41' title="bbox 14 2779 1512 2829; baseline -0.001 -13"><span class='ocrx_word' id='word_1_359' title='bbox 14 2793 102 2827; x_wconf 61' lang='lat' dir='ltr'>›que</span> <span class='ocrx_word' id='word_1_360' title='bbox 134 2781 263 2817; x_wconf 72' lang='lat' dir='ltr'>insane</span> <span class='ocrx_word' id='word_1_361' title='bbox 294 2783 446 2829; x_wconf 86' lang='lat' dir='ltr'>angelos</span> <span class='ocrx_word' id='word_1_362' title='bbox 481 2784 609 2819; x_wconf 78' lang='lat' dir='ltr'>adfore</span> <span class='ocrx_word' id='word_1_363' title='bbox 634 2784 749 2824; x_wconf 81' lang='lat' dir='ltr'>dixit,</span> <span class='ocrx_word' id='word_1_364' title='bbox 780 2784 846 2829; x_wconf 91' lang='lat' dir='ltr'><strong><em>qui</em></strong></span> <span class='ocrx_word' id='word_1_365' title='bbox 870 2794 915 2818; x_wconf 87' lang='lat' dir='ltr'><strong><em>ex</em></strong></span> <span class='ocrx_word' id='word_1_366' title='bbox 941 2781 1065 2817; x_wconf 89' lang='lat' dir='ltr'>medio</span> <span class='ocrx_word' id='word_1_367' title='bbox 1092 2792 1175 2815; x_wconf 88' lang='lat' dir='ltr'><strong><em>eum</em></strong></span> <span class='ocrx_word' id='word_1_368' title='bbox 1199 2781 1286 2826; x_wconf 84' lang='lat' dir='ltr'>igne</span> <span class='ocrx_word' id='word_1_369' title='bbox 1311 2779 1512 2826; x_wconf 77' lang='lat' dir='ltr'>eriperent,</span> 
     </span>
     <span class='ocr_line' id='line_1_42' title="bbox 29 2828 1513 2874; baseline -0.002 -9"><span class='ocrx_word' id='word_1_370' title='bbox 29 2831 70 2865; x_wconf 78' lang='lat' dir='ltr'><strong><em>et</em></strong></span> <span class='ocrx_word' id='word_1_371' title='bbox 95 2829 416 2867; x_wconf 79' lang='lat' dir='ltr'>submurmuravit</span> <span class='ocrx_word' id='word_1_372' title='bbox 440 2831 659 2868; x_wconf 86' lang='lat' dir='ltr'>Davidicum</span> <span class='ocrx_word' id='word_1_373' title='bbox 692 2831 786 2867; x_wconf 87' lang='lat' dir='ltr'>illud</span> <span class='ocrx_word' id='word_1_374' title='bbox 823 2830 895 2866; x_wconf 87' lang='lat' dir='ltr'><strong><em>“ad</em></strong></span> <span class='ocrx_word' id='word_1_375' title='bbox 924 2833 962 2866; x_wconf 88' lang='lat' dir='ltr'><strong><em>te</em></strong></span> <span class='ocrx_word' id='word_1_376' title='bbox 986 2832 1111 2865; x_wconf 74' lang='lat' dir='ltr'>autem</span> <span class='ocrx_word' id='word_1_377' title='bbox 1136 2841 1212 2865; x_wconf 89' lang='lat' dir='ltr'><strong><em>non</em></strong></span> <span class='ocrx_word' id='word_1_378' title='bbox 1237 2828 1513 2874; x_wconf 79' lang='lat' dir='ltr'>appropinqua-</span> 
     </span>
     <span class='ocr_line' id='line_1_43' title="bbox 29 2875 1512 2923; baseline -0.003 -9"><span class='ocrx_word' id='word_1_379' title='bbox 29 2877 104 2923; x_wconf 75' lang='lat' dir='ltr'>bit;</span> <span class='ocrx_word' id='word_1_380' title='bbox 127 2881 383 2915; x_wconf 80' lang='lat' dir='ltr'>verumtamen</span> <span class='ocrx_word' id='word_1_381' title='bbox 409 2880 526 2916; x_wconf 84' lang='lat' dir='ltr'>oculis</span> <span class='ocrx_word' id='word_1_382' title='bbox 550 2881 626 2916; x_wconf 84' lang='lat' dir='ltr'>tuis</span> <span class='ocrx_word' id='word_1_383' title='bbox 648 2879 939 2917; x_wconf 83' lang='lat' dir='ltr'>considerabis&#39;’.</span> <span class='ocrx_word' id='word_1_384' title='bbox 1002 2880 1047 2913; x_wconf 82' lang='lat' dir='ltr'>ut</span> <span class='ocrx_word' id='word_1_385' title='bbox 1071 2888 1160 2913; x_wconf 87' lang='lat' dir='ltr'>vero</span> <span class='ocrx_word' id='word_1_386' title='bbox 1185 2875 1376 2912; x_wconf 76' lang='lat' dir='ltr'>discedens</span> <span class='ocrx_word' id='word_1_387' title='bbox 1400 2876 1512 2911; x_wconf 82' lang='lat' dir='ltr'>turba</span> 
     </span>
    </p>
   </div>
  </div>
 </body>
</html>
