1780 3138
234 243 254 281 1
264 241 312 281 12
729 238 892 274 ANNAE
922 233 1199 270 COMNENA‘E.

234 354 606 417 παρασπονδήσας
624 353 701 414 τὴν
720 348 988 406 Ἀντιόχειαν
1008 348 1214 403 κατέσχες
1233 346 1306 390 καὶ
1329 339 1440 390 ἄλλα
1459 342 1556 389 τινὰ
1575 339 1718 403 φρού-

236 447 306 487 ρια
349 421 741 483 ὑποποιησάμενος
779 421 850 464 καὶ
879 414 1012 476 αὐτὴν
1047 415 1099 475 δὴ
1138 414 1216 475 τὴν
1246 414 1533 459 Λαοδίκειαν.
1600 407 1718 456 ἀπό-

236 502 370 556 στηθι
400 496 544 540 τοίνυν
575 495 652 546 τῗς
685 489 860 542 πόλεως
887 483 1157 541 Ἀντιοχείας
1187 485 1259 528 καὶ
1289 486 1379 527 τῶν
1409 477 1555 527 ἄλλων
1575 477 1719 525 ἁπάν-

87 581 125 616 Ρ.
153 579 222 615 333
235 584 324 610 των
356 561 523 610 δίκαιόν
547 580 588 606 τι
618 561 794 618 πρᾶγμα
824 559 969 601 ποιῶν
989 556 1061 599 καὶ
1092 551 1152 613 μὴ
1178 553 1287 598 θέλε
1316 551 1544 607 πολέμους
1558 544 1720 602 ἄλλους

237 635 307 677 καὶ
335 630 475 689 μάχας
500 629 608 674 κατὰ
636 627 796 672 σαυτοῦ
830 622 1085 681 ἑρεθι’ζειν.”
1138 618 1162 665 ὁ
1187 621 1235 665 δέ
1262 636 1309 678 γε
1333 621 1613 676 Βαϊμοῦντος
1641 615 1755 670 τὰςὸ

234 697 458 758 βασιλικὰς
487 693 757 754 ὑπαναγνοῦς
785 689 965 752 γραφάς,
999 688 1153 749 ἐπειδὴ
1169 686 1240 748 .μή
1263 689 1326 747 τῷ
1349 685 1542 746 συνήθει
1561 683 1719 744 ψεύδει

235 766 482 827 χρήσασθαι
513 761 610 818 οἷός
638 782 684 808 τε
717 756 767 824 ἦν
796 763 884 806 τῶν
928 756 1198 818 πραγμάτων
1235 752 1456 817 α’ριδήλως
1490 753 1574 815 τήν
1612 751 1720 813 α’λή-

237 841 366 881 θειαν
395 832 665 893 ἐλεγχόντων,
707 831 820 888 πρὸς
855 827 908 873 τὰ
946 828 1165 886 γραφέντα
1201 828 1264 885 τῷ
1306 824 1561 885 φαινομένῳ
1596 823 1721 868 κατέ-

238 920 397 958 νευσεν,
437 903 577 948 αἰτίαν
605 902 753 959 μέντοι
783 901 873 943 τῶν
920 899 1066 950 κακῶς
1110 897 1215 953 παρ’
1249 890 1385 940 αὐτοῦ
1423 893 1722 951 πραχθέντων

238 969 347 1017 εἶναι
373 971 449 1016 τὸν
477 968 775 1028 αὐτοκράτορα
815 967 934 1026 ἔλεγε
975 964 1150 1025 γράψας
1179 962 1241 1018 ὦς
1285 959 1398 1008 “miz
1432 961 1516 1022 ἐγώ
1547 960 1721 1007 τούτων
1737 967 1780 1005 10

237 1038 387 1094 αἴτιος,
419 1036 526 1084 ἀλλὰ
555 1036 619 1084 σύ.
678 1034 981 1093 ὑποσχόμενος
1010 1033 1088 1093 γὰρ
1121 1031 1312 1078 κατόπιν
1341 1030 1467 1092 ἡμῶν
1506 1030 1723 1089 μετὰδυ-

239 1106 408 1164 νάμεως
439 1106 649 1164 ἔρχεσθαι
669 1106 834 1165 πολλῆς
864 1106 941 1149 οὐκ
961 1099 1184 1162 ἠθέλησας
1204 1100 1283 1161 τὴν
1312 1098 1556 1157 ὑπόσχεσιν
1577 1098 1723 1157 ἔργοις

198 1177 565 1224 Βπιστιόσασθαι.
626 1175 751 1238 ἡμεῖς
785 1176 833 1220 δὲ
865 1174 947 1233 τήν
976 1170 1253 1229 Ἀντιόχειαν
1293 1167 1613 1227 καταλαβόντες
1650 1168 1723 1212 καὶ

242 1248 317 1293 ἐπὶ
346 1248 461 1305 τρισὶ
498 1247 603 1306 μησὶ
640 1244 782 1290 πολλὰ
812 1242 1080 1304 μογήσαντες
1119 1240 1236 1299 πρὸς
1270 1239 1517 1297 πολεμίους
1546 1231 1722 1295 ἆπεμα-

237 1313 411 1373 χόμεθα
440 1317 511 1359 καὶ
540 1312 678 1372 λιμόν,
700 1309 798 1358 οἷον
812 1311 956 1366 οῑῦδείς
978 1329 1075 1365 πως
1101 1314 1190 1354 τῶν
1210 1309 1476 1367 ἀνθρώπων
1495 1307 1720 1359 τεθέαται,
1736 1314 1780 1354 15

238 1382 300 1437 ὥς
328 1384 431 1437 τούς
460 1383 693 1435 πλείστους
723 1381 847 1443 ἡμῶν
865 1382 936 1426 καὶ
955 1375 1032 1425 ἄπ’
1053 1375 1200 1424 αὐτῶν
1229 1381 1321 1423 τῶν
1352 1375 1446 1423 ὑπὸ
1478 1379 1562 1421 τοῦ
1583 1372 1722 1432 νόμου

238 1448 601 1511 ἀπηγορευμένων
631 1453 770 1508 κρεῶν
806 1450 1097 1507 βεβρωκέναι·
1143 1449 1213 1508 ἐφ’
1246 1445 1397 1492 ἱκανόν
1442 1446 1491 1491 δὲ
1522 1445 1724 1503 ἐγκαρτε-

240 1518 431 1576 ρούντων
460 1518 587 1578 ἡμῶν
627 1520 696 1563 καὶ
726 1514 857 1571 αὗτος
890 1516 914 1563 ὁ
945 1519 1102 1572 δοθεὶς
1133 1515 1238 1577 ἡμῖν
1270 1514 1335 1569 εἷς
1362 1510 1535 1573 ἀρωγὴν
1565 1509 1725 1558 πιστό-

241 1606 371 1641 τατος
399 1587 567 1647 οἰκέτης
595 1591 673 1632 τοῦ
705 1589 784 1633 σοῦ
805 1585 991 1644 κράτους
1018 1587 1223 1639 Τατίκιος
1251 1583 1370 1630 οὕτω
1392 1580 1724 1634 κινδυνεύοντας

88 1673 132 1710 v,
158 1675 227 1709 264
241 1657 491 1701 καταλιπών
523 1654 634 1715 ἡμᾶς
667 1650 816 1715 ᾤχετο.
873 1657 1048 1713 εἵλομεν
1087 1655 1135 1700 δὲ
1171 1653 1250 1714 τὴν
1287 1652 1422 1699 πόλιν
1455 1648 1780 1709 παραδόξωςπ20

241 1726 312 1769 καὶ
341 1723 471 1778 αὐτὰς
501 1723 578 1778 τὰς
607 1720 698 1769 α’πὸ
725 1727 803 1769 τοῦ
826 1723 1035 1782 Χοροσὰν
1064 1723 1128 1778 εἷς
1146 1720 1321 1782 ἀρωγὴν
1347 1724 1438 1768 τῶν
1459 1717 1723 1776 Ἀντιοχέων

243 1791 569 1850 καταλαβούσας
598 1791 805 1850 δυνάμεις
823 1790 1281 1850 κατετροπωσάμεθα.
1331 1793 1405 1836 καὶ
1435 1792 1536 1843 πῶς
1553 1785 1723 1834 δίκαιόν

377 1931 407 1985 il.
434 1930 743 1975 παρασπονδίσας
769 1929 811 1966 F.
900 1926 1087 1977 Ἀντιόχου
1111 1929 1155 1965 Α.
1261 1924 1352 1963 ἄλλά
1375 1892 1398 1963 ίτι
1426 1927 1470 1971 F,
1494 1922 1652 1961 ἄλλαττα
1678 1923 1724 1969 A,

373 1978 449 2012 αλλ’
475 1975 562 2013 ἅττα
586 1977 625 2013 P.
795 1980 826 2014 3.
856 1976 1075 2026 Ἀντιοχείας
1100 1979 1206 2024 FAC,
1241 1973 1429 2024 Ἀντιόχου
1455 1975 1494 2011 Ρ.
1670 1974 1724 2008 15.

373 2039 452 2065 πως
474 2027 516 2071 F,
540 2040 599 2062 πω
625 2026 662 2072 C,
688 2041 761 2063 που
785 2027 824 2063 Ρ.
939 2029 992 2063 16.
1019 2024 1141 2063 αὐτῶν
1169 2041 1242 2065 των
1267 2027 1310 2071 F,
1338 2026 1412 2062 τῶν
1436 2036 1509 2061 om.
1535 2023 1575 2059 P.
1616 2040 1619 2042 ·
1648 2020 1722 2075 ὑπὸ

373 2074 410 2119 C,
434 2073 528 2121 ὑπὲρ
552 2074 592 2111 Ρ.

242 2181 322 2205 mus
347 2173 458 2216 rupto
496 2170 643 2206 foedere
669 2171 907 2208 Antiochiam
944 2172 1134 2218 occupasti
1172 2174 1211 2207 et
1249 2182 1335 2207 cum
1372 2169 1465 2205 alias
1501 2177 1604 2203 arces
1642 2167 1724 2200 tum

241 2219 352 2253 etiam
377 2218 598 2254 Laodiceam
633 2220 703 2255 tibi
730 2221 919 2267 subegisti.
979 2233 1094 2267 quare
1137 2231 1296 2266 aequum
1341 2220 1558 2263 iustumque
1600 2214 1725 2250 colens

243 2267 479 2303 Antiochiam
504 2268 632 2303 urbem
657 2272 869 2315 ceterasque
907 2281 1009 2305 arces
1038 2269 1150 2305 redde
1187 2268 1338 2314 nolique
1371 2278 1470 2303 nova
1501 2266 1541 2300 in
1574 2267 1611 2299 te
1644 2261 1724 2308 ipse

242 2315 337 2371 bella
370 2317 583 2362 proeliaque
622 2318 844 2353 concitare.⁷'
894 2318 952 2354 his
990 2317 1226 2354 Boemundus
1264 2316 1450 2363 perlectis,
1493 2325 1579 2350 cum
1614 2312 1725 2347 solita

242 2364 475 2419 simulatione
493 2366 549 2400 uti
575 2377 648 2401 non
674 2370 796 2411 posset
824 2367 932 2402 rebus
958 2370 1088 2412 aperte
1102 2368 1300 2403 veritatem
1326 2363 1588 2412 probantibus,
1604 2361 1725 2407 specie

242 2412 388 2458 quidem
414 2414 563 2459 scriptis
588 2415 729 2459 annuit,
767 2415 912 2461 culpam
938 2418 1063 2451 tamen
1097 2427 1239 2459 eorum,
1275 2426 1372 2461 quae
1408 2413 1489 2459 ipse
1526 2421 1724 2457 perperam

242 2464 377 2517 egei-at,
403 2462 441 2496 in
456 2462 719 2508 imperatorem
752 2464 943 2499 conferens
971 2465 1025 2499 ita
1049 2468 1083 2500 ei
1108 2464 1323 2510 rescripsit:
1349 2462 1458 2498 “Non
1484 2472 1567 2507 ego,
1592 2458 1656 2494 sed
1682 2461 1725 2493 tu

241 2520 404 2564 omnium
429 2522 466 2545 es
497 2514 637 2546 auctor.
688 2512 775 2547 licet
802 2513 901 2548 enim
927 2513 1059 2549 validis
1087 2513 1204 2559 copiis
1228 2515 1444 2548 secuturum
1479 2512 1517 2545 te
1542 2519 1611 2544 nos
1640 2518 1724 2553 pro-

243 2559 395 2612 miseris,
413 2558 529 2615 ’fact-is
554 2563 679 2595 tamen
702 2561 902 2596 verborum
927 2561 1039 2597 fidem
1066 2564 1257 2608 praestare
1280 2560 1449 2596 noluisti.
1491 2569 1559 2593 nos
1584 2559 1722 2599 autem,

242 2605 307 2640 ubi
336 2605 567 2661 Antiochiam
594 2620 709 2654 usque
732 2611 973 2655 perreximus,
1000 2611 1134 2646 multas
1161 2621 1358 2645 aerumnas
1384 2620 1451 2654 per
1476 2610 1554 2643 tres
1579 2615 1723 2640 menses

244 2665 406 2699 perpessi
433 2667 515 2690 cum
543 2656 712 2692 hostibus
738 2659 1010 2704 pugnavimu83
1036 2671 1104 2695 nec
1128 2660 1325 2705 quisquam
1339 2657 1536 2693 hominum
1562 2653 1722 2690 similem

244 2701 377 2737 famem
405 2707 576 2748 expertus
601 2709 666 2750 est,
704 2718 787 2741 cum
826 2707 979 2752 plurimi
1020 2711 1190 2743 nostrum
1216 2708 1345 2743 vetitis
1370 2706 1465 2742 cibis
1490 2705 1590 2740 vesci
1615 2713 1723 2748 coge·
1763 2730 1765 2732 -

243 2754 383 2806 rentur.
413 2752 589 2806 ‘multum
616 2766 702 2789 vei-o
729 2757 908 2801 temporis
941 2757 1031 2791 haec
1068 2756 1271 2791 tolerantes
1308 2756 1388 2802 ipse
1424 2764 1574 2801 quoque
1614 2762 1724 2798 (luem

244 2798 331 2854 belli
350 2810 485 2855 socium
503 2802 612 2855 nobis
629 2803 798 2838 tribuisti
813 2804 979 2840 Tatieius
994 2805 1056 2840 ille
1074 2808 1160 2840 tuae
1174 2805 1363 2840 maiestati
1375 2803 1578 2839 fidissimus
1596 2810 1724 2836 servus

244 2859 284 2881 in
309 2847 375 2882 tali
400 2847 611 2904 discrimine
627 2863 692 2885 nos
711 2851 885 2887 deseruit.
923 2853 1089 2898 cepimus
1114 2857 1239 2889 tamen
1268 2854 1363 2889 miro
1390 2851 1503 2888 modo
1525 2850 1660 2886 urbem
1682 2859 1725 2884 ae
1764 2882 1767 2883 γ

245 2895 302 2931 vel
322 2901 620 2941 supervenientes
646 2911 666 2933 a
684 2899 894 2936 Chorosane
919 2902 958 2936 in
974 2901 1291 2938 Antiochenorum
1306 2913 1415 2948 opem
1433 2900 1561 2947 copias
1580 2896 1725 2944 proelio
1749 2906 1780 2933 ’τ
