1734 3120
195 220 278 261 408
751 228 896 261 PETRI
927 226 1119 260 Possim

196 343 345 394 λίσκος
375 344 423 386 111
451 356 473 386 e
503 343 654 386 Latino
684 342 811 386 moles
840 342 895 385 ab
927 340 1053 384 Anna
1083 340 1149 383 vel
1189 340 1242 383 ab
1271 340 1358 383 eius
1395 339 1485 383 aevi
1513 339 1683 382 Graecis

198 401 428 445 formatum
458 399 662 442 videatur.

333 456 852 500 MOYAEOYMANOI
880 455 947 497 vel
978 452 1116 518 potius
1154 453 1682 496 ΜΟΥΣΟΥΛΜΛΝΟΙ.

197 515 287 558 Lib.
309 525 372 558 IV.
415 509 644 568 ὁμολογῶν
670 508 759 565 α’μα
793 510 840 553 ἐκ
868 510 1040 553 πολλοῦ
1063 505 1142 567 τὴν
1160 505 1404 564 ἀναμεταξύ
1423 524 1512 551 των
1528 510 1686 551 Z‘Hovst-

198 566 432 625 σουμάνων
460 569 533 612 καὶ
561 570 652 612 τῶν
677 566 902 622 Ῥωμαίων
938 562 1109 625 εἰρήνην
1140 565 1387 608 &nmo-9⁸&
1413 562 1683 609 θεάσασθαι.

199 628 486 671 Musulmanni
506 626 883 669 Muhammedanae
912 592 1220 679 superstitionis
1250 623 1429 666 cultores
1458 624 1582 678 primi
1614 637 1686 667 vo—

199 684 284 728 cati
314 685 425 739 sunt,
457 684 567 739 quod
598 697 693 726 cum
724 681 1039 725 Muhammedes
1079 679 1233 735 dogma
1273 693 1394 723 suum
1439 681 1604 723 armata
1645 681 1687 723 et

199 741 385 785 violenta
413 740 674 796 grassatione
720 738 983 794 propagaret,
1025 749 1092 780 eos
1135 750 1277 780 omnes
1306 737 1572 789 interficiens,
1615 737 1687 792 qui

201 798 406 852 suscipere
435 797 542 840 illud
568 797 739 848 nollent,
761 795 832 850 qui
861 794 1143 849 suscipiebant
1173 795 1374 838 vwnnzbon
1404 794 1482 837 hoc
1511 771 1574 837 est
1602 807 1689 837 ser-

200 855 291 899 vati
320 855 361 897 et
390 854 496 897 salvi
532 854 648 905 facti
687 853 837 908 quippe
877 865 902 895 a
933 852 1066 894 morte
1092 850 1272 903 liberati,
1303 849 1560 894 dicebantur.
1628 851 1688 893 Ex

200 913 279 954 hac
305 911 466 966 origine
495 910 679 953 invaluit
713 909 756 952 id
787 922 937 951 nomen
973 907 1025 951 ad
1056 907 1212 950 Turcos
1251 908 1292 950 et
1323 906 1551 951 Saracenos
1594 908 1689 950 Mu-

200 967 433 1011 hammedis
478 968 657 1010 cultores
695 965 988 1020 designandos.
1050 964 1149 1020 quia
1179 965 1322 1007 tamen
1351 977 1399 1008 ea
1430 978 1513 1007 non
1552 964 1690 1029 gentis

201 1024 440 1090 appellatio,
473 1024 542 1067 sed
572 1021 813 1078 θρησκείας
857 1022 931 1074 est,
969 1021 1225 1065 Musulmani
1271 1034 1352 1064 non
1382 1021 1579 1064 dicuntur
1609 1021 1690 1063 nisi

203 1081 274 1137 qui
306 1081 539 1124 circumcisi
570 1082 680 1132 sunt,
729 1080 764 1122 si
799 1092 934 1122 mares
974 1078 1071 1131 sint,
1118 1078 1153 1120 si
1192 1078 1334 1121 autem
1375 1078 1580 1121 foeminae
1611 1078 1691 1120 nisi

202 1138 497 1194 professionem
515 1135 883 1180 Muhammedismi
904 1112 1080 1178 solemni
1101 1134 1283 1178 formula
1313 1134 1500 1178 fecerint.
1536 1136 1692 1178 Trans-

203 1196 343 1238 ferunt
372 1195 514 1237 autem
551 1194 835 1249 significatum
867 1192 1050 1247 primum
1081 1192 1231 1235 salutis
1261 1204 1480 1246 corporeae
1510 1193 1550 1235 et
1573 1204 1693 1248 prae-

203 1251 452 1295 servationis
485 1265 509 1294 3
546 1251 679 1294 morte
715 1250 767 1293 ad
803 1249 982 1292 salutem
1015 1262 1142 1304 quam
1173 1263 1198 1292 a
1227 1248 1522 1292 Muhammede
1552 1249 1692 1291 miseri

203 1309 383 1363 sperant.
438 1309 487 1350 ut
521 1308 809 1351 Musulmanni
839 1307 925 1349 sint
957 1306 1106 1362 quibus
1136 1306 1481 1349 Muhammedani
1500 1304 1693 1350 Paradisi

204 1365 384 1409 felicitas
413 1366 525 1408 certo
555 1364 759 1420 promissa
790 1365 864 1408 est.

342 1524 694 1566 NAZIPAIOI.
753 1523 842 1567 Lib.
864 1535 944 1569 XV.
988 1525 1082 1580 post
1112 1523 1310 1566 medium.
1356 1520 1432 1564 ἐπὶ
1461 1523 1540 1564 τοῦ
1568 1524 1695 1576 βασι-

206 1580 328 1624 λικοῦ
376 1578 522 1622 τοίνυν
566 1581 619 1646 τῇ
665 1581 760 1634 μετ’
808 1575 942 1640 αυτὴν
986 1581 1187 1648 καθῆστο
1228 1575 1412 1647 θρόνου.
1455 1578 1618 1621 πολλοὶ
1648 1577 1695 1621 δὲ

206 1639 439 1707 τηνικαῦτα
469 1652 675 1706 παρησαν
704 1639 781 1705 τῆς
801 1654 848 1680 τε
878 1633 1119 1708 συγκλήτου
1151 1636 1224 1679 καὶ
1253 1638 1330 1693 τῆς
1356 1631 1476 1690 ιερᾶς
1493 1633 1693 1687 συνόδοι,

208 1694 281 1738 καὶ
309 1696 398 1736 τῶν
430 1693 678 1749 Ναζιραίων
716 1683 860 1737 αυτιῦν
900 1691 1067 1739 ὁπόσοι
1102 1690 1234 1746 λόγου
1273 1695 1477 1748 μετεῖχον
1502 1689 1695 1749 λογάδες.

209 1751 446 1808 Religiosae
491 1752 604 1795 vitae
650 1752 909 1796 Piofessores
953 1752 1123 1796 Graecis
1157 1751 1407 1795 Chiistianis
1451 1750 1555 1794 dicti
1600 1751 1699 1793 sunt

212 1808 346 1863 Υαζιρ
349 1810 442 1850 αῖοι
472 1808 679 1852 translato
712 1823 736 1852 a
766 1810 994 1853 Nazaraeis
1023 1808 1233 1852 veteribus
1264 1808 1442 1850 nomine.
1499 1808 1540 1852 S.
1573 1807 1696 1850 Nilus

208 1866 327 1909 cuius
358 1865 569 1920 Epistolas
600 1866 783 1909 nondum
823 1866 956 1910 editas
986 1866 1269 1910 describebam
1303 1868 1433 1934 nuper
1463 1878 1509 1908 ex
1540 1864 1697 1931 optimo

210 1922 360 1966 Codice
388 1922 675 1966 Bibliothecae
707 1923 945 1967 Medicaeae
977 1923 1166 1992 Epistola
1197 1932 1337 1967 CXLV.
1380 1913 1505 1966 οὗτοι
1534 1917 1697 1972 πάντες

210 1972 290 2039 κᾷν
317 1995 364 2021 τε
384 1978 591 2049 κληρικοὶ
620 1972 700 2038 κάν
729 1995 777 2022 τε
802 1979 1006 2034 βιωτικοὶ
1042 1973 1123 2040 κᾷν
1149 1996 1197 2023 τε
1219 1979 1453 2036 Ναζιραῖοι
1482 1979 1555 2022 καὶ
1584 1973 1699 2020 ἄπο-

210 2035 463 2093 τεταγμένοι
494 2022 727 2090 ὑπάρχωσι
757 2037 836 2082 etc.

346 2095 799 2137 NOYMIEMATA.
861 2094 950 2137 Lib
983 2105 1051 2138 111.
1088 2094 1181 2149 post
1212 2094 1395 2138 medium
1434 2094 1479 2137 in
1510 2092 1701 2148 Epistola

212 2150 349 2194 Alexii
379 2151 432 2193 ad
463 2151 708 2203 Henricum‚
739 2151 927 2195 Nummi.

348 2208 792 2251 ΝΩΒΕΛΙΣΙΜΟΣ.
850 2208 939 2252 Lib.
971 2218 1074 2251 XIII.
1106 2209 1182 2252 sub
1208 2208 1405 2251 medium.
1434 2207 1586 2250 titulus
1605 2206 1701 2261 dig-

143 2286 150 2293 ›
210 2264 356 2308 nitatis
401 2265 446 2307 in
477 2265 589 2308 Aula
636 2265 702 2308 vel
737 2265 877 2320 potius
917 2265 1145 2320 Republica
1184 2265 1443 2320 Byzantinae
1482 2263 1696 2314 Graeciae,

211 2335 257 2364 ex
288 2321 439 2364 Latino
469 2321 734 2365 Nobilissimi
764 2322 890 2365 verbo
921 2322 965 2364 in
994 2321 1202 2365 Graecum
1233 2335 1380 2365 sonum
1413 2321 1601 2364 inflexus,

944 2422 979 2436 ſs·-

935 2437 985 2469 Ξ.

348 2499 817 2546 ΞΥΛΟΚΛΛΣΙΛΙ.
876 2503 966 2546 Lib.
997 2513 1100 2546 XIII.
1131 2501 1210 2546 sub
1241 2501 1436 2544 medium.
1482 2496 1625 2542 πᾶσάν
1653 2516 1700 2542 τε

214 2551 414 2624 ἆτρανξω
444 2555 518 2601 δια
547 2564 636 2601 τῶν
663 2559 943 2626 καλουμένων
973 2558 1266 2613 ξυλοκλασιῶν
1300 2548 1434 2608 αὖθις
1463 2559 1559 2608 τοῖς
1589 2556 1702 2599 Κέλ-

215 2630 309 2664 τοις
335 2608 684 2671 απετάφρευσεν.
727 2613 799 2659 διὰ
827 2617 1111 2660 instrumento
1142 2616 1295 2665 seruit3
1328 2616 1376 2657 111
1406 2614 1509 2658 velit
1533 2614 1702 2658 semitas

218 2671 518 2724 ξιλοκλασιαις
548 2674 698 2716 clusas.
754 2674 948 2717 Alterum
978 2673 1155 2716 duorum
1186 2685 1285 2727 ergo
1323 2673 1384 2715 est
1421 2670 1700 2725 ξυλοκλασίεα

218 2727 278 2770 ve]
312 2729 502 2783 aggestio
540 2730 763 2773 temeraria
798 2743 940 2773 caesae
974 2730 1127 2786 sylvae,
1167 2729 1358 2784 (Tacitus
1389 2728 1611 2772 concaedes
1638 2728 1703 2770 di-

218 2785 344 2838 ceret)
376 2785 440 2826 vel
471 2787 736 2832 cancellatim
775 2787 963 2833 obiectae
1004 2787 1152 2832 crates.
1202 2786 1428 2841 utrumque
1463 2785 1609 2842 aptum
1649 2784 1701 2828 ad

216 2840 466 2886 sententiam
498 2842 592 2885 loci.
