1806 3132
292 229 374 272 662
815 238 993 273 CAROLI
1021 237 1262 273 DUCANGII

65 357 278 406 Pag.401.G
424 349 552 409 Πρὸς
580 355 633 412 τῇ
654 351 849 421 κεφαλῇ]
879 354 986 398 Vide
1002 354 1164 414 Notata
1180 354 1234 398 ad
1252 352 1445 398 Cinnami
1473 354 1546 399 lib.
1563 356 1601 398 2.
1631 356 1685 400 N.
1709 357 1774 400 17.

291 411 334 454 et
363 411 586 455 Dissertat.
607 412 675 454 27.
705 412 759 455 ad
789 412 1045 455 Iomvillam.

251 469 278 505 C
426 464 558 510 Μετὰ
587 464 664 511 δύο
694 464 940 526 χλαμύδων]
968 469 1178 523 Interpres
1198 467 1251 510 ad
1275 469 1461 523 verbum,
1492 483 1585 513 cum
1614 471 1775 525 duplici

289 526 516 581 chlamyde.
575 525 636 568 At
670 526 855 581 chlamys
885 526 964 568 hoc
992 525 1083 572 loco
1124 524 1306 567 sumitur
1341 539 1414 580 pro
1443 527 1579 570 milite
1612 528 1772 582 sagat0.

288 583 482 627 Instabat
527 595 649 638 porro
688 583 969 635 Boemundus,
1016 583 1064 625 ut
1108 581 1188 625 sibi
1231 581 1373 625 liceret
1415 584 1459 626 in
1505 586 1772 639 conspectum

288 640 426 684 Alexii
456 639 627 683 admitti
657 639 702 682 in
733 640 937 683 comitatu
982 638 1160 683 duorum
1204 639 1402 692 militum,
1451 654 1522 684 seu
1568 642 1770 696 equitum,

289 697 404 742 Galli
433 696 631 748 dicerent,
663 711 760 740 avec
789 698 900 741 deux
930 701 1055 740 cottes
1084 696 1288 748 d'armes;
1333 711 1416 752 qua
1460 699 1658 753 loquendi
1688 698 1774 742 for-

288 755 403 798 mula
433 754 572 797 utitur
601 754 854 797 Froissartes
883 755 922 799 4.
944 755 1039 798 Vol.
1070 768 1159 810 cap.
1179 755 1245 797 77.
1279 753 1364 799 Gar
1394 755 1422 798 ὰ
1451 755 1495 798 la
1522 755 1694 799 bataille
1723 756 1774 798 de

283 815 501 866 paravaut
543 811 578 854 il
606 812 720 854 avoit
740 811 882 865 perdu
910 813 1167 856 trente-trois
1211 815 1335 855 cottes
1377 811 1559 856 d'armes
1603 814 1654 857 de
1697 826 1775 856 sori

287 869 480 924 Ziqua9e3
510 868 589 911 hoc
619 868 694 919 est,
725 869 792 911 33.
823 869 994 920 Milites,
1028 883 1099 913 seu
1134 867 1387 922 Ohevaliers,
1424 882 1471 912 ex
1505 882 1581 913 sua
1615 883 1772 924 cogna-

287 926 414 969 tione.
474 925 772 973 Monstreletus
816 927 854 969 2.
891 925 984 968 Vol.
1027 926 1107 969 An.
1156 934 1359 969 Μοῦσαι.
1402 925 1463 969 Et
1495 927 1642 980 fureut
1673 927 1775 981 pris

276 983 498 1038 plusieurs
542 985 684 1024 autres
715 979 962 1036 Capitaiues
991 987 1029 1027 et
1073 982 1422 1026 Geutilshommes
1453 982 1637 1038 Auylois
1668 997 1775 1038 por-

288 1044 385 1083 tans
413 1042 538 1083 cottes
570 1037 763 1082 d'armes.
824 1039 932 1083 Solis
963 1040 1115 1095 quippe
1143 1039 1365 1091 Militibus,
1407 1040 1475 1083 vel
1504 1041 1655 1084 saltem
1684 1041 1774 1083 No-

285 1096 454 1148 bilibus,
485 1108 635 1150 sagum
675 1095 860 1139 militare
899 1096 1056 1140 deferre
1090 1097 1258 1140 licebat.
1318 1097 1438 1141 Unde
1476 1097 1695 1140 Masuerus
1728 1097 1774 1140 in

287 1152 482 1196 Practica
513 1152 595 1194 Tit.
629 1151 679 1195 de
707 1152 856 1196 Talliis
886 1153 940 1196 N.
963 1154 1028 1198 19.
1065 1153 1300 1197 nobilitatis
1344 1166 1431 1197 esse
1475 1154 1772 1208 argumentum

286 1210 404 1264 dixit,
433 1209 473 1252 si
500 1209 590 1262 ipse
618 1209 783 1260 nobilis,
815 1213 853 1253 et
882 1210 961 1253 alii
979 1211 1326 1265 praedecessores
1365 1211 1444 1263 sui,
1476 1214 1774 1254 consueverant

277 1270 457 1321 portare
482 1269 612 1308 vestes
638 1279 690 1308 eu
721 1266 868 1318 devise,
899 1267 943 1309 id
972 1267 1046 1322 est,
1089 1280 1191 1322 saga
1222 1267 1427 1310 militaria
1464 1280 1677 1310 armorum
1707 1268 1774 1310 in-

287 1323 476 1379 signibus
521 1322 738 1374 distincta,
785 1324 1017 1367 cuiusmodi
1061 1325 1189 1379 vulgo
1233 1324 1387 1367 Franci
1431 1324 1564 1367 nostri
1605 1325 1773 1368 loricati

286 1378 653 1434 superinduebant.
715 1379 834 1433 Quod
882 1393 978 1423 vero
1022 1381 1225 1424 eiusmodi
1270 1381 1383 1436 sagis
1421 1381 1677 1424 militaribus
1721 1382 1773 1424 ab

285 1436 466 1479 invicem
496 1435 825 1479 discernerentur
847 1437 1016 1490 Milites,
1048 1438 1090 1480 et
1110 1451 1180 1492 per
1211 1451 1258 1480 ea
1277 1437 1596 1490 innotescerent,
1621 1437 1772 1493 (quui-

286 1494 430 1545 tioues,
462 1492 616 1535 nostris
641 1491 991 1548 ,Goyuoissaucea
1026 1494 1178 1549 Anglis
1200 1493 1475 1549 Ooyuiearice,
1510 1495 1638 1549 vulgo
1669 1507 1773 1550 saga

285 1550 368 1593 ista
400 1549 731 1604 appellabantur,
764 1551 1117 1605 quemadmodum
1139 1550 1309 1603 Graecis
1337 1549 1545 1605 δείγματα
1576 1551 1774 1595 diceban-

285 1607 357 1649 tur
382 1607 509 1661 siyua
541 1605 791 1661 clypeorum.
843 1607 1045 1662 Vegetius
1071 1608 1143 1651 lib.
1167 1609 1202 1650 1.
1235 1621 1323 1662 cap.
1348 1608 1413 1650 18.
1450 1608 1513 1651 De
1542 1608 1772 1651 militibus:

286 1663 464 1707 diversis
492 1662 702 1706 coloribus
731 1663 897 1707 diversa
933 1665 981 1707 iri
1009 1665 1138 1708 scutis
1166 1665 1293 1719 siqua
1325 1664 1573 1720 pinqebani
1604 1668 1651 1708 ut
1689 1665 1773 1718 ipsi

285 1720 519 1774 nominarit,
551 1718 771 1774 δείγματα,
802 1722 911 1764 sicut
944 1722 1071 1764 etiam
1099 1735 1212 1764 uuuc
1241 1722 1372 1764 moris
1409 1725 1469 1764 est
1499 1721 1607 1775 fieri.
1666 1721 1773 1765 Ora-

287 1776 428 1819 culum
472 1776 620 1819 Leonis
668 1777 774 1831 Imp.
818 1777 869 1820 de
910 1777 1151 1822 Andronico
1197 1778 1405 1822 Oomneno
1445 1778 1655 1834 Tyranno,
1700 1778 1772 1833 qui

285 1833 494 1888 Agnetem
524 1832 711 1888 Philippi
740 1834 867 1890 Regis
898 1835 1102 1878 Franciae
1133 1835 1266 1880 filiam
1295 1847 1466 1878 uxorem
1497 1834 1694 1878 duxerat:

550 1885 596 1932 ‘O
623 1891 687 1946 τῷ
717 1889 825 1947 ξένῳ
855 1889 1053 1946 deificam
1082 1889 1438 1946 συγκεκραμένης,

284 1946 335 1989 Id
362 1946 436 1998 est,
467 1946 516 1988 ut
545 1959 760 1990 monemus
788 1948 833 1990 in
858 1948 984 1991 Notis
1014 1948 1067 1992 ad
1091 1947 1355 2000 ffinnamum,
1387 1948 1459 2002 qui
1479 1947 1674 2002 familiae
1703 1961 1772 1990 esc-

285 2007 456 2046 traueae
491 2016 535 2046 se
571 2004 837 2048 commiscuit.
883 2005 1105 2048 Mathaeus
1135 2006 1269 2048 Paris.
1301 2004 1354 2047 A.
1379 2014 1522 2048 MGOL.
1575 2002 1680 2047 Cum
1708 2004 1767 2047 vi-

285 2060 430 2103 derent
458 2059 594 2103 hostes
625 2058 792 2104 Christi
826 2063 972 2117 armis,
1014 2062 1180 2105 vexillis
1210 2066 1248 2105 et
1288 2061 1597 2116 cognitionibus
1629 2060 1772 2114 pictu-

284 2117 405 2168 ratis,
435 2129 541 2171 quas
575 2116 674 2160 bene
714 2122 929 2170 noverant,
975 2132 1068 2162 cum
1110 2118 1391 2162 derisionibus
1426 2117 1653 2172 superbire,
1699 2116 1771 2160 ubi

285 2174 542 2228 coquitioues
575 2174 820 2226 picturatae
856 2175 954 2217 sunt
1001 2188 1103 2230 saga
1146 2176 1238 2229 ipsa
1277 2174 1407 2218 armis
1451 2175 1492 2217 et
1535 2173 1771 2229 insignibus

286 2229 499 2273 distincta.
537 2229 777 2274 Willelmus
807 2231 928 2274 Brito
959 2231 1031 2275 lib.
1058 2233 1123 2274 11.
1155 2231 1338 2286 Philipp.

556 2285 749 2342 Quaeque
768 2292 1013 2331 armaturae
1031 2289 1157 2331 vestis
1175 2291 1371 2332 consueta
1388 2300 1583 2342 supremo

554 2341 710 2395 Seri-ca,
742 2345 889 2398 cuique
913 2345 1021 2397 facit
1049 2346 1175 2388 certis
1201 2345 1416 2388 distinctio
1445 2343 1567 2387 uotis.

286 2398 526 2497 {Villelmus
566 2398 718 2444 Guiart
761 2401 805 2443 in
836 2400 877 2445 S.
909 2401 1134 2454 Ludovic0‚
1180 2402 1253 2444 ubi
1299 2401 1349 2444 de
1378 2400 1597 2444 Manfredo
1629 2400 1770 2444 Siculo

326 2467 400 2508 ege
431 2468 591 2498 occ1so:

553 2513 627 2557 Eu
656 2514 699 2557 la
731 2513 855 2557 chace
880 2518 941 2557 est
969 2514 1187 2568 Maiufroi
1216 2514 1297 2566 tue',

552 2570 651 2613 Mes
677 2584 755 2614 oue
783 2585 865 2614 uus
893 2571 988 2614 hom
1016 2585 1069 2614 ue
1087 2575 1166 2625 pot
1196 2570 1224 2613 ὰ
1253 2570 1346 2614 dire

553 2626 672 2669 Pour
701 2628 836 2671 certiu
867 2629 939 2682 qui
969 2627 1006 2670 le
1030 2631 1111 2681 pot
1139 2628 1261 2679 ocire,

559 2682 644 2726 Car
674 2683 711 2726 le
730 2684 836 2738 jour
867 2684 918 2727 dc
943 2683 1049 2728 celes
1075 2685 1298 2727 nuisauces

553 2739 688 2783 Porta
716 2745 932 2796 estrauyes
960 2741 1289 2784 conuoissaucea

286 2793 336 2835 Id
366 2794 440 2845 est,
472 2807 519 2837 ea
546 2795 612 2838 die
643 2809 726 2851 qua
756 2810 898 2840 caesus
929 2797 1003 2850 est,
1033 2797 1278 2841 Manfredus
1316 2809 1400 2840 non
1435 2809 1558 2840 suum
1589 2809 1638 2839 ac
1668 2796 1769 2839 soli-

285 2849 391 2903 tum,
422 2850 493 2893 sed
523 2852 696 2896 alterius
725 2866 874 2909 sagum
906 2852 1115 2908 induerat,
1146 2867 1197 2897 nc
1218 2853 1525 2910 agnosceretur.
1569 2853 1625 2896 Et
1643 2852 1767 2907 infra,
