1806 3132
266 184 348 225 630
794 191 972 225 GAROLI
997 190 1237 225 DUGANGII

265 318 405 349 rerum
431 306 843 350 administrationem
874 306 1096 358 commisit,
1130 319 1211 361 quo
1245 306 1480 360 interfecto,
1510 305 1757 351 Ababacam

269 363 486 419 Teytakin,
518 364 795 419 cognomento
826 363 1102 416 Dahiroldin,
1123 363 1342 406 Vicarium
1374 364 1415 406 et
1434 364 1756 407 Procuratorem

267 420 500 463 constituit.
574 420 690 464 Obiit
736 421 877 464 autem
919 421 1108 463 Decacus
1150 420 1202 462 A.
1246 420 1355 475 Heg.
1388 430 1619 464 CDXOVIII.
1661 421 1755 464 Chr.

265 486 403 520 MOIII.
448 478 547 520 ante
593 490 715 532 quem
758 490 915 520 annum
956 478 1236 532 expugnatam
1270 477 1491 520 Tortosam
1526 477 1757 532 Scriptores

267 534 402 577 nostri
446 535 789 577 commemorant.
864 534 1018 577 Decaci
1071 534 1264 576 meminit
1317 533 1564 577 Fulcherius
1609 534 1682 577 lib.
1721 535 1757 576 1.

268 604 356 646 cap.
381 590 446 634 14.
479 592 520 634 et
562 591 634 633 lib.
658 592 696 633 2.
743 603 830 645 cap.
856 592 893 633 1.
941 591 1008 633 cui
1037 590 1345 634 Melea-Ducam
1390 591 1431 634 et
1465 590 1648 644 mahat,
1682 604 1758 633 seu

267 647 406 703 potius
451 647 628 691 Duehac
671 648 952 702 nuncupatur.
1025 648 1221 690 Extincto
1259 647 1422 691 Decaco
1466 647 1759 703 Principatum

270 705 576 747 Damascenum
598 704 777 759 arripuit
792 704 1029 756 Ababacas‚
1053 705 1171 747 cuius
1191 704 1385 759 frequens
1406 704 1587 747 occurrit
1602 704 1759 747 mentio

269 761 380 816 apud
411 760 643 816 Scriptores
663 761 822 804 Rerum
841 761 1004 804 Hieros.
1037 761 1151 804 varie
1181 762 1323 804 tamen
1353 761 1478 804 huius
1508 761 1619 804 elata
1635 762 1760 804 Prin-

269 818 371 873 cipis
397 818 726 861 nomenclatura.
763 818 1070 873 Tuldequinum
1090 819 1201 861 enim
1222 818 1346 861 vocat
1366 818 1611 861 Pulcherius
1630 819 1702 861 lib.
1722 819 1760 861 2.

269 887 358 929 cap.
382 875 448 918 51.
481 874 800 930 Daldequimcm
829 875 981 931 Tyrius
1015 875 1088 918 lib.
1114 876 1179 918 11.
1212 888 1301 929 cap.
1322 876 1388 918 20.
1411 876 1478 918 23.
1503 876 1569 918 25.
1600 875 1672 918 lib.
1696 876 1761 917 12.

270 945 358 986 cap.
380 932 418 974 6.
441 932 479 974 8.
505 933 570 974 12.
595 933 660 974 16.
691 932 764 975 lib.
786 933 850 975 13.
884 945 972 986 cap.
992 933 1030 974 9.
1051 933 1115 975 16.
1138 933 1206 974 26.
1235 932 1307 975 lib.
1327 932 1391 975 15.
1423 944 1512 986 cap.
1532 932 1569 974 7.
1601 931 1763 975 Dolde-

269 989 445 1044 quinum
475 987 702 1032 Gauterius
733 988 783 1032 de
814 988 920 1032 Bell.
955 989 1152 1032 Antioc-h.
1184 989 1399 1032 vocabulis
1438 988 1551 1032 haud
1579 989 1763 1031 multum

270 1059 294 1089 a
326 1045 545 1088 Tectakini
574 1057 676 1088 voce
718 1045 1025 1089 abludentibuS.
1096 1046 1315 1089 Interdum
1345 1045 1587 1089 Meieredz'n
1630 1046 1763 1088 eidem

271 1102 397 1158 Tyrio
436 1102 509 1145 lib.
535 1103 599 1146 16.
641 1115 730 1157 cap.
756 1103 794 1145 8.
837 1102 1067 1146 Hertoldin
1097 1103 1273 1146 Alberto
1304 1102 1385 1157 Aq.
1420 1102 1494 1146 lib.
1520 1103 1583 1145 11.
1617 1115 1703 1158 cap.
1727 1104 1763 1146 1.

270 1158 521 1203 Duodechin
551 1160 592 1202 et
622 1159 791 1202 Dochin
822 1159 955 1202 eidem
975 1159 1180 1214 Scriptori
1210 1160 1283 1203 lib.
1308 1161 1372 1202 12.
1404 1172 1493 1214 cap.
1515 1164 1550 1202 7.
1571 1161 1610 1202 9.
1632 1160 1673 1202 61
1698 1161 1761 1202 19.

270 1216 522 1271 appellatur,
570 1229 677 1270 quae
723 1216 919 1259 videntur
964 1217 1134 1260 nomina
1177 1217 1230 1260 ad
1261 1215 1525 1260 Dahiroldin
1565 1217 1762 1271 spectare.

272 1273 463 1327 Denique
495 1272 776 1328 Teyel-Melec
812 1273 1026 1316 interdum
1056 1273 1211 1316 dicitur
1241 1274 1366 1330 Tyrio
1392 1273 1464 1317 lib.
1490 1274 1554 1317 14.
1586 1286 1675 1328 cap.
1699 1274 1764 1316 17.

273 1329 381 1429 Viffe
412 1330 602 1430 eumdem
635 1330 811 1430 Tffirigm
840 1330 913 1373 lib.
938 1331 1005 1373 27.
1040 1343 1128 1386 cap.
1152 1332 1220 1373 26.
1254 1331 1326 1374 lib.
1346 1331 1413 1374 21.
1447 1343 1535 1385 cap.
1555 1331 1593 1373 7.
1625 1331 1667 1373 et
1685 1330 1765 1374 Ni-

274 1399 319 1430 ce
342 1399 412 1430 am
440 1400 485 1429 1n
538 1399 631 1429 oan.
706 1421 715 1430 .
767 1421 776 1430 .

229 1476 261 1512 D
415 1454 702 1515 Τριπόλεως]
765 1460 1053 1516 Tripolitanae
1098 1462 1214 1504 urbis
1259 1461 1388 1504 situm
1433 1462 1474 1504 et
1505 1461 1763 1505 adiacentem

275 1517 425 1572 oppido
458 1517 670 1572 regionem
718 1517 907 1572 pluribus
946 1518 1188 1561 describunt
1227 1520 1391 1573 praeter
1435 1530 1574 1561 rerum
1601 1519 1763 1561 Hieros.

274 1574 506 1628 Scriptores
558 1574 702 1618 Ioann.
739 1575 900 1618 Phocas
937 1576 978 1618 et
1006 1575 1319 1618 Willebrandus
1359 1576 1410 1619 ab
1451 1575 1691 1631 Oldenborg
1721 1576 1765 1617 in

274 1630 480 1686 Descript.
512 1631 560 1674 T.
590 1630 632 1675 S.
666 1630 837 1675 Gabriel
855 1631 1019 1675 Sionita
1045 1633 1085 1675 61
1101 1633 1246 1676 Ioann.
1268 1632 1495 1676 Hesronita
1525 1632 1570 1674 in
1589 1632 1764 1689 Syntag.

275 1688 325 1731 de
355 1688 569 1731 nonnullis
601 1687 759 1732 Orient.
792 1689 939 1732 Urbib.
972 1701 1060 1744 cap.
1085 1690 1150 1731 10.
1187 1690 1281 1744 post
1310 1688 1463 1745 Georg.
1494 1690 1606 1733 Nub.
1645 1690 1694 1731 ut
1725 1690 1766 1732 et

275 1745 397 1787 Dom.
430 1745 481 1788 de
508 1744 668 1788 Breves
696 1745 741 1788 in
772 1745 919 1788 Itiner.

35 1829 259 1875 Pag.330.A
406 1812 656 1876 Ὀχὺρωμα]
695 1819 973 1873 Raimundus,
1005 1820 1127 1875 capta
1159 1820 1350 1872 Tortosa,
1382 1820 1529 1863 anxius
1558 1819 1765 1875 quomodo

276 1875 505 1919 Christiani
526 1876 707 1919 nominis
728 1877 868 1919 hostes
889 1890 913 1920 a
934 1877 1086 1920 finibus
1115 1877 1209 1920 istis
1237 1877 1513 1932 propulsaret,
1545 1877 1765 1920 consilium

274 1933 383 1988 cepit
411 1933 462 1975 de
492 1933 719 1976 obsidenda
736 1933 909 1988 Tripoli,
941 1946 1118 1989 cumque
1148 1947 1297 1989 parum
1331 1934 1377 1977 in
1408 1946 1454 1977 eo
1485 1935 1640 1977 conatu
1669 1946 1767 1988 pro-

273 1990 425 2042 ficeret,
458 1989 570 2045 quod
601 1989 762 2033 civibus
793 1990 968 2034 subinde
1000 1990 1205 2034 auxilium
1235 1991 1555 2034 submitteretur
1580 2004 1605 2034 a
1625 1991 1766 2046 Baby-

271 2047 382 2100 lone,
412 2046 621 2090 Ascalone
648 2047 689 2090 et
720 2046 890 2102 Sagitta
911 2048 952 2091 et
991 2047 1084 2103 Sur,
1121 2060 1277 2091 novum
1296 2048 1564 2103 praesidium,
1587 2047 1765 2090 secundo

274 2104 326 2146 ab
357 2104 458 2146 urbe
487 2103 674 2156 milliari,
705 2104 748 2146 in
781 2104 886 2147 colle
909 2104 1091 2159 quodam
1122 2105 1212 2148 fieri
1232 2105 1431 2157 decrevit,
1449 2118 1472 2148 a
1496 2118 1576 2160 quo
1608 2117 1766 2159 semper

275 2161 369 2203 urbi
399 2160 706 2213 adversaretur,
740 2161 780 2204 et
807 2161 859 2204 ad
892 2161 1002 2216 quod
1034 2162 1099 2204 sui
1138 2162 1304 2206 assidue
1338 2162 1609 2217 protectionis
1642 2174 1766 2205 causa

275 2218 327 2260 ab
348 2217 493 2260 hostili
513 2217 672 2272 impetu
694 2218 950 2273 repedarent.
990 2218 1206 2262 Praesidio
1227 2232 1379 2262 nomen
1401 2219 1585 2262 inditum
1601 2218 1768 2262 Montis

274 2274 619 2329 Peregrinorum,
649 2287 694 2317 eo
726 2275 837 2330 quod
858 2276 1090 2331 peregrinis
1121 2276 1161 2318 et
1182 2275 1433 2319 Christianis
1453 2275 1663 2318 militibus
1678 2275 1767 2318 illic

275 2332 505 2374 maximum
545 2332 691 2374 contra
735 2332 960 2387 gentilium
1002 2332 1109 2375 vires
1152 2345 1314 2387 semper
1353 2333 1590 2376 haberetur.
1652 2332 1768 2375 Haec

275 2387 404 2430 ferme
435 2387 635 2430 Albertus
667 2388 749 2454 Aq.
779 2389 850 2432 lib.
874 2390 912 2432 9.
949 2402 1036 2444 cap.
1058 2390 1125 2432 32.
1173 2389 1324 2445 Tyrius
1355 2390 1408 2433 A.
1436 2399 1574 2433 Mem.
1604 2389 1766 2454 ljb310.

277 2444 1659 2558 323{fi{}·..1{¹³{,‘²p¹³.31.·.}12·.{...Cissis3231005.0{z¹.ffl333.2.f⁰
1693 2446 1767 2488 ¹³¹⁰

232 2597 265 2632 D
414 2576 540 2622 Κατὰ
581 2582 658 2640 τῆς
695 2581 990 2638 Λαοδικείας]
1039 2582 1289 2626 Laodiceam
1337 2582 1507 2626 Graecis
1558 2582 1766 2625 redditam

276 2637 465 2679 tentarat
498 2638 775 2690 Boemundus,
810 2639 859 2682 ut
883 2640 1008 2682 autor
1039 2640 1102 2682 est
1117 2639 1318 2683 Albertus
1333 2640 1414 2695 Aq.
1446 2640 1518 2683 lib.
1533 2640 1572 2682 6.
1596 2652 1684 2693 cap.
1700 2641 1766 2682 55.

275 2694 342 2735 56.
375 2694 416 2736 et
444 2706 527 2748 seq.
559 2707 732 2750 eamque
762 2695 945 2751 tandem,
979 2696 1080 2739 dum
1117 2696 1228 2739 idem
1267 2696 1465 2751 Princeps
1513 2695 1768 2739 detineretur

273 2750 318 2791 in
348 2750 539 2801 vinculis,
571 2752 828 2806 expugnavit
862 2753 1101 2796 Tancredus
1132 2754 1208 2795 sub
1237 2754 1288 2796 A.
1322 2762 1440 2796 MCII.
1464 2753 1663 2796 Albertus
1686 2754 1766 2807 Aq.

275 2806 347 2849 lib.
369 2807 433 2849 10.
456 2819 544 2861 cap.
562 2810 600 2850 9.
624 2806 852 2851 Guibertus
873 2811 945 2853 lib.
964 2811 1002 2853 7.
1033 2822 1121 2865 cap.
1137 2810 1205 2853 34.
1227 2810 1420 2853 Pulcher.
1442 2810 1514 2854 lib.
1534 2810 1572 2852 2.
1595 2822 1684 2864 cap.
1703 2811 1767 2852 12.
