1806 3132
295 196 378 238 634
812 205 990 240 OAROLI
1018 205 1258 241 DUOANGII

296 323 502 375 teremque
530 324 873 365 rememorantem
897 321 1091 376 fabulam
1120 322 1171 365 de
1199 323 1339 366 eodem
1356 322 1524 367 metallo
1553 327 1784 378 centauros,

296 377 373 420 etc.
425 377 544 420 Idem
573 377 646 421 lib.
669 380 706 422 2.
737 378 929 422 Ardebat
958 393 1111 422 aarum
1141 380 1188 422 in
1217 381 1379 432 rostras
1407 380 1599 436 fulyebat
1630 395 1787 436 quoque

297 437 520 490 arqentum
551 436 598 478 m
628 436 762 478 variis
790 436 966 479 navium
992 436 1159 491 ftyum's.

255 495 281 530 C
431 488 822 549 Περιφανεστάτην
859 489 1085 550 κεφαλήν]
1128 491 1250 536 Nova
1284 493 1472 548 dignitas
1516 494 1688 537 inventa
1731 495 1785 538 ab

294 547 442 648 elexilg)
468 549 701 647 ladmodum
733 549 877 593 solerti
906 550 951 592 in
982 549 1268 605 excogitandis
1289 550 1528 594 istiusmodi
1560 550 1785 606 dignitati-

325 617 373 648 us
443 618 467 648 a
486 618 510 648 a
532 619 625 648 11113.

253 667 280 703 c
428 658 743 719 Λαντούλφῳ]
794 662 988 706 Occurrit
1014 662 1249 706 Landulfus
1289 663 1368 707 iste
1404 677 1487 707 non
1517 663 1643 706 semel
1673 664 1785 707 infra

296 731 388 761 cum
419 719 722 773 perhonorifica
755 719 979 772 mentione,
1027 720 1145 762 cuius
1184 721 1503 764 nomenclatura
1541 721 1710 764 natione
1744 722 1785 764 et

293 775 455 830 origine
489 775 690 819 Latinum
727 789 894 830 prorsus
924 776 1052 820 fuisse
1082 776 1238 831 arguit.
1315 778 1404 821 Nec
1449 778 1533 820 scio
1579 790 1634 820 an
1674 777 1785 820 idem

293 832 365 887 qui
408 832 581 876 Falconi
624 833 919 876 Beneventano
964 833 1211 887 Landulfas
1243 835 1295 877 de
1325 834 1510 878 Graecia
1555 834 1710 877 dicitur
1740 835 1784 877 in

292 888 388 932 Chr.
420 889 473 932 ad
505 890 586 933 An.
619 899 793 933 MOXIII.
824 889 1109 945 Landzdphus
1142 890 1334 934 Graecas
1362 891 1420 934 M.
1452 891 1639 934 Antonio
1670 891 1785 934 Mar-

291 945 384 989 31110
415 945 643 990 Columnae
673 947 716 989 in
748 946 838 990 vita
870 947 910 989 et
937 948 1060 990 rebus
1091 947 1221 1003 gestis
1246 947 1287 991 S.
1309 948 1497 992 Mathaei
1528 960 1616 1003 cap.
1641 949 1679 991 8.
1713 949 1784 1003 qui

289 1015 477 1046 reversus
525 1004 791 1058 postmodum
828 1004 873 1046 in
904 1004 1105 1058 Apuliam
1145 1003 1434 1048 Gemestabilis
1470 1004 1785 1048 Beneventano-

289 1073 385 1102 rum
415 1060 579 1103 creatus
610 1061 694 1103 est:
741 1074 869 1115 quam
913 1061 1080 1116 quidem
1126 1062 1300 1105 sortitus
1345 1062 1403 1104 sit
1446 1062 1782 1116 appellationem,

290 1115 402 1171 quod
433 1116 506 1159 diu
531 1116 575 1159 in
608 1117 786 1161 Graecia
815 1118 856 1160 et
891 1118 1002 1173 apud
1019 1118 1215 1161 Alexium
1234 1119 1422 1162 moratus
1442 1118 1582 1161 fuerit.
1613 1119 1782 1171 Verum,

290 1186 341 1215 ne
371 1173 415 1215 id
445 1173 664 1226 affirmem,
693 1174 799 1217 facit
841 1174 977 1228 ipsum
1009 1175 1249 1230 Landulphi
1294 1188 1536 1231 cognomen,
1582 1175 1695 1231 quod
1738 1176 1784 1218 in

289 1229 498 1285 plerisque
527 1229 655 1274 Codd.
688 1231 882 1274 Falconis
924 1232 975 1275 de
1008 1231 1175 1276 Graeca
1213 1233 1438 1283 scribitur3
1486 1246 1569 1287 qua
1598 1232 1783 1287 appella-

288 1287 403 1330 tione
432 1287 628 1339 occurrit,
661 1288 705 1330 ni
741 1288 879 1339 fallor,
914 1288 1109 1331 Castrum
1148 1289 1320 1344 aliquod
1356 1289 1401 1332 in
1435 1302 1537 1345 agro
1569 1290 1784 1332 Beneven-

268 1343 403 1386 tano.
460 1343 567 1387 Vide
598 1345 825 1400 Ughellum
859 1345 977 1388 Tom.
999 1346 1038 1388 6.
1071 1346 1223 1389 Italiae
1251 1346 1403 1390 Sacrae
1434 1359 1529 1401 pag.
1551 1347 1647 1389 457.

44 1406 227 1453 Pag.336.
245 1408 278 1443 A
427 1396 584 1457 Κόμης
611 1417 679 1452 τις
708 1398 1100 1461 Πελοποννήσιος]
1135 1402 1234 1446 Νο11
1249 1402 1395 1446 Comes
1425 1403 1470 1446 in
1485 1403 1782 1457 Peloponneso,

288 1457 361 1500 sed
392 1457 616 1512 dignitate,
648 1472 720 1502 seu
751 1459 888 1502 officio
919 1460 963 1501 in
999 1460 1129 1503 classe
1161 1459 1320 1514 Comes,
1353 1460 1514 1516 origine
1529 1459 1784 1515 Peloponne-

289 1514 387 1558 sius.
434 1515 542 1558 Vide
576 1529 702 1570 supra
731 1529 831 1571 pag.
852 1517 948 1559 291.

250 1592 276 1628 C
423 1578 624 1639 Σεύτλῳ]
678 1583 853 1637 Seatlos,
896 1584 1041 1627 Ioniae
1082 1585 1222 1628 insula
1259 1585 1369 1628 circa
1401 1585 1609 1638 Rhodum,
1642 1585 1781 1628 Plinio

290 1638 498 1692 Seutlusa,
530 1639 742 1695 Stephano
783 1634 1079 1685 Ίᾶύτλουσσα.

242 1714 274 1749 D
424 1704 702 1762 Βαϊμοὺντου
746 1702 1038 1765 ἀδελφιδοῦν]
1099 1709 1202 1764 Quis
1243 1710 1316 1753 ille
1360 1710 1595 1753 Boemundi
1641 1723 1779 1765 nepos,

288 1764 353 1807 vel
383 1765 534 1818 affinis,
568 1778 690 1820 quem
722 1779 817 1808 cum
848 1767 1015 1810 Pisanis
1045 1767 1267 1822 navigasse
1294 1767 1356 1810 ait
1385 1766 1522 1820 Anna,
1551 1780 1598 1810 ex
1627 1767 1782 1810 nostris

288 1821 572 1876 Scriptoribus
603 1823 715 1865 haud
745 1823 892 1878 liquet.
939 1823 1046 1867 Vide
1076 1837 1172 1880 pag.
1194 1824 1290 1867 394.

57 1891 274 1938 Pag.337.G
421 1886 588 1946 Συκήν]
634 1890 779 1946 Sycae,
820 1891 942 1935 hodie
973 1891 1137 1935 Galata
1185 1893 1226 1935 et
1252 1892 1379 1945 Pera,
1419 1892 1520 1935 olim
1549 1892 1665 1935 urbis
1698 1892 1779 1935 CP.

287 1957 390 1990 ΧΙΠ.
423 1947 569 2003 Regio.
621 1948 728 1992 Vide
754 1949 867 1991 Hist.
898 1950 1085 1992 nostram
1107 1948 1432 2005 Gallo-Byzant.
1464 1949 1537 1993 lib.
1559 1950 1598 1992 5.
1630 1949 1683 1992 N.
1707 1949 1775 1991 32.

241 2017 274 2051 D
423 2012 677 2074 Κούρυκον]
723 2016 897 2060 Ciliciae
928 2018 1040 2069 urbS,
1067 2018 1110 2060 in
1143 2031 1225 2072 qua
1256 2018 1517 2060 Iustinianus
1552 2017 1657 2072 Imp.
1688 2017 1781 2060 bal-

288 2085 411 2115 neum
443 2073 484 2115 et
513 2076 737 2126 πτωχεῖον
773 2075 1006 2127 renovavit,
1046 2075 1093 2116 ut
1128 2075 1252 2117 autor
1287 2075 1350 2116 est
1383 2074 1611 2130 Procopius
1642 2074 1714 2117 lib.
1738 2075 1777 2116 5.

287 2129 337 2171 de
352 2129 491 2172 Aedif.
513 2131 618 2173 Iust.
650 2131 845 2184 extremo,
873 2130 1055 2174 Curcum
1071 2131 1232 2174 Sauuto
1261 2132 1336 2174 lib.
1353 2133 1391 2174 2.
1414 2132 1522 2186 part.
1539 2133 1579 2174 4.
1603 2144 1691 2186 cap.
1710 2132 1776 2174 26.

290 2184 427 2229 Garca
478 2187 694 2242 Tagenoni
738 2188 888 2231 Patav.
939 2187 1122 2244 Corycus
1162 2188 1207 2230 in
1270 2189 1423 2231 notitia
1476 2187 1620 2232 Graec.
1672 2187 1780 2232 Care

286 2243 577 2287 Willebrando
622 2245 675 2288 ab
715 2244 956 2300 Oldenborg
996 2245 1041 2287 in
1071 2245 1215 2288 Itiner.
1250 2245 1296 2287 T.
1329 2245 1370 2288 S.
1403 2245 1475 2289 ubi
1504 2245 1778 2288 describitur:

286 2299 407 2342 hodie
448 2299 595 2344 Gurco.
674 2302 822 2344 Eiusce
867 2302 1021 2356 oppidi,
1070 2302 1180 2357 quod
1228 2302 1306 2345 sub
1336 2302 1562 2345 Armeniae
1592 2302 1778 2357 Regibus

287 2356 617 2410 munitissimum
638 2358 765 2400 fuisse
786 2359 997 2401 testantur
1019 2358 1262 2413 Scriptores,
1295 2359 1489 2402 dominus
1520 2359 1603 2401 fuit
1624 2358 1776 2402 Aitho-

286 2425 377 2464 nus,
409 2414 532 2456 autor
561 2415 722 2457 Histor.
757 2415 984 2458 Orientalis
1013 2416 1090 2458 sub
1111 2415 1164 2458 A.
1194 2425 1369 2460 MOOOV.
1403 2416 1534 2470 pater,
1564 2416 1608 2458 ni
1638 2416 1775 2468 fallor,

288 2469 425 2512 Ossini
457 2470 632 2513 Comitis
663 2471 828 2523 Curchi,
868 2473 941 2527 qui
966 2472 1101 2515 Leone
1131 2472 1205 2515 IV.
1239 2473 1462 2516 Armeniae
1491 2472 1605 2527 Rege
1645 2473 1777 2527 impe-

287 2526 407 2568 rante
437 2526 625 2570 florebat.
672 2529 776 2571 Vide
803 2529 1028 2572 Odoricum
1060 2529 1267 2584 Raynald.
1291 2529 1342 2572 A.
1365 2538 1613 2572 MOCGXXII.
1634 2529 1686 2572 N.
1705 2531 1771 2572 33.

288 2583 328 2624 et
358 2583 425 2625 46.
459 2585 500 2626 et
530 2584 751 2639 Iosephum
782 2586 1021 2629 Barbarum
1049 2586 1094 2628 in
1124 2586 1347 2629 Itinerario
1373 2586 1529 2629 Persic.
1561 2599 1657 2641 pag.
1679 2587 1776 2629 461.

44 2646 132 2692 Pflg·
145 2648 224 2681 338.
243 2647 272 2681 Α
427 2653 515 2693 Τοῦ
550 2652 811 2695 Κανικλείου
842 2647 988 2710 eglog]
1017 2649 1062 2696 Ὁ
1092 2652 1167 2695 ἐπὶ
1196 2653 1459 2696 Κανικλείου
1480 2653 1630 2706 dictus,
1649 2667 1773 2708 penes

285 2718 405 2760 quem
440 2708 530 2750 erat
561 2722 646 2760 vas,
677 2710 721 2751 in
752 2723 832 2764 11110
864 2711 1161 2754 asservabatur
1193 2723 1357 2753 sacrum
1388 2711 1660 2762 Encaustum,
1694 2723 1775 2765 quo

282 2763 559 2816 Imperatores
591 2766 835 2820 Diplomata
865 2767 931 2809 vel
962 2767 1172 2821 Epistolas
1202 2767 1532 2811 subscribebant.
1590 2767 1775 2810 Anasta-

282 2818 367 2862 sius
398 2819 749 2865 Bibliothecarius
778 2824 831 2866 ad
862 2824 958 2867 Act.
985 2825 1048 2867 10.
1080 2823 1264 2868 Octavae
1281 2823 1461 2880 Synodi:
1492 2823 1770 2878 Praepositae
