1806 3132
507 238 563 276 m
588 237 879 276 mmm
907 237 1071 277 Nom:
1448 229 1533 278 499

46 356 123 400 sed
147 356 349 400 incurvae
375 355 435 399 ad
457 354 783 398 similitudinem
799 353 969 397 Lunae.-
1000 354 1064 397 ita
1082 358 1130 397 ut
1145 354 1370 409 productis
1398 357 1537 400 corni-

48 414 127 457 bus
154 414 268 457 acies
301 412 443 456 media
483 412 688 463 sinuetur,
718 415 766 453 ut
792 412 832 454 si
874 411 1115 454 adversarii
1145 425 1424 466 perrumpere
1450 417 1536 456 ten-

49 470 243 522 taverint,
272 469 373 524 ipsa
399 468 670 512 ordinatione
697 467 950 511 circumdati
979 467 1286 521 deprimantur.

184 521 390 582 Πῦργους
415 540 466 568 τε
497 523 719 579 ξυλίνους]
748 524 979 567 Malaterra
1006 524 1081 567 lib.
1104 525 1143 567 3.
1177 537 1267 579 cap.
1290 526 1356 568 26.
1385 525 1436 568 de
1458 526 1578 572 hocB

49 583 192 627 navali
218 582 375 639 praelio
405 581 614 625 scribens:
655 580 876 624 Venetiani
904 594 1033 624 naves
1064 594 1166 623 suas
1197 581 1401 635 pluribus
1428 595 1535 625 com-

47 640 254 684 meatibus
281 642 540 695 ayyreyatas
566 641 773 681 nocturno
800 637 969 680 silentio
1003 638 1269 681 exonerando
1296 638 1535 693 leviyantes,

48 702 89 741 et
111 698 159 740 in
183 697 424 740 summitate
450 695 558 739 mali
584 695 914 749 uniuscuiusque
940 695 1065 737 navis
1093 694 1247 737 solium
1266 695 1457 750 duorum,
1474 695 1538 738 vel

49 755 180 797 trium
207 753 423 797 hominum
463 756 556 796 arte
599 755 888 805 componentes
930 750 1226 805 lapidibusque
1262 755 1301 794 et
1326 751 1438 806 pilis
1480 752 1539 795 ad

48 811 291 854 iaciendum
318 810 554 853 munientes
596 822 686 851 sese
714 808 774 850 ad
800 807 1081 861 defensionem
1113 808 1272 862 potius,
1314 822 1441 863 quam
1481 809 1538 851 ad

49 868 305 911 deditionem
330 870 495 924 aptant.
539 865 589 908 In
618 864 849 908 maioribus
872 877 994 919 porro
1014 864 1192 907 liburnis
1223 865 1539 920 propugnacula

48 925 269 979 turresque
313 922 697 973 constituebantur,
741 921 804 964 ait
836 921 1038 976 Vegetius
1081 921 1153 963 lib.
1174 922 1214 964 5.
1243 933 1331 976 cap.
1356 922 1421 963 14.
1484 920 1539 965 Ut

49 985 265 1035 tamquam
310 980 364 1024 de
404 994 539 1032 muro,
582 979 647 1022 ita
689 978 742 1021 de
784 978 1082 1021 excelsioribus
1124 977 1329 1021 tabulatis
1365 977 1540 1031 facilius

48 1038 324 1081 vulnerarent
351 1037 558 1080 inimicos.
617 1034 873 1089 Castellatas
911 1047 1040 1078 navos
1070 1035 1194 1077 vocat
1229 1034 1433 1077 eiusmodi
1463 1047 1539 1077 na-

51 1095 168 1150 vigia
196 1094 357 1138 Paulus
383 1094 504 1137 Diae.
531 1093 605 1136 lib.
628 1093 695 1135 18.
748 1091 861 1135 Hist.
891 1091 1010 1134 Misc.
1048 1089 1188 1133 πλοῖα
1217 1087 1539 1145 καστελλόμενα

50 1151 344 1207 Theophanes:
386 1150 479 1206 ipsa
520 1162 616 1193 vero
660 1148 835 1191 castella
894 1143 1179 1201 ξυλόκαστρα,
1224 1148 1307 1191 Leo
1342 1148 1388 1190 in
1417 1148 1537 1191 Tact.

50 1221 139 1263 cap.
164 1209 230 1251 19.
261 1207 300 1262 ἕ.
318 1208 357 1250 7.
385 1220 408 1250 e
439 1207 592 1262 quibus
634 1205 791 1248 milites
836 1205 882 1247 in
921 1205 1105 1248 mediam
1150 1205 1344 1247 hostilem
1388 1217 1538 1247 navem

49 1265 261 1308 iaciebant
303 1259 333 1323 ἢ
359 1263 520 1314 uena-g
547 1262 788 1317 μολίσκους
829 1256 856 1320 ἢ
885 1258 1043 1317 σι’ὁηρα
1069 1262 1240 1316 βαρεῖα,
1274 1253 1374 1303 οἷον
1401 1256 1539 1315 μάζας

50 1321 305 1391 ξιφοειδεῖς,
335 1321 392 1364 δι’
426 1310 490 1363 ὧν
522 1316 550 1379 ἢ
577 1318 656 1378 τὴν
683 1319 787 1360 ναῦν
814 1314 1147 1375 διατρύφουσιν,
1176 1313 1206 1377 ἢ
1236 1315 1341 1368 τοὺς
1359 1316 1538 1360 ὑποκει-

48 1394 209 1433 μενους
236 1372 565 1421 συνθλᾶσουσιν
595 1375 807 1435 σφοδρῶς
830 1371 1182 1432 καταφερόμενα.
1239 1375 1413 1418 Tactica
1436 1374 1540 1417 Phi-

49 1435 153 1491 lippi
183 1435 315 1478 Ducis
345 1434 550 1479 Clivensis
580 1434 633 1477 D.
663 1432 915 1476 Ravoetani:
957 1431 1090 1475 Aussi
1123 1431 1420 1486 pareillement
1450 1431 1540 1473 leur
1588 1454 1595 1460 ·

50 1507 104 1535 ne
151 1492 306 1536 devant
332 1495 372 1535 et
399 1491 586 1535 derriere
615 1494 677 1533 est
704 1493 817 1532 toute
838 1489 1043 1543 pomptee‚
1078 1492 1117 1531 et
1146 1492 1332 1531 converte
1359 1488 1411 1531 de
1439 1500 1541 1543 yros

50 1549 217 1592 chables
249 1562 368 1604 pour
409 1549 571 1604 yarder
614 1548 674 1590 les
714 1547 880 1600 pierres
907 1550 947 1588 et
984 1545 1045 1588 les
1076 1545 1223 1588 barres
1258 1545 1309 1588 de
1342 1545 1424 1599 fer,
1463 1558 1541 1599 que

51 1620 155 1650 ceux
184 1606 259 1649 des
285 1605 418 1649 hunes
445 1607 591 1648 iettent
627 1618 679 1647 en
727 1603 832 1646 bas:
874 1616 951 1646 ear
988 1601 1086 1645 c’est
1116 1601 1161 1645 la
1189 1602 1308 1645 chose
1350 1601 1422 1656 qui
1455 1601 1539 1654 fait

51 1663 211 1764 lach-spi&
233 1662 381 1718 quand
406 1661 496 1706 l’on
525 1665 586 1705 est
615 1661 643 1704 ὰ
672 1660 867 1712 aborder,
897 1673 975 1714 que
1006 1659 1067 1702 les
1094 1672 1221 1713 coups
1248 1659 1321 1713 qui
1347 1659 1541 1701 viennent

210 1733 297 1762 nes.

188 1773 418 1831 Πώγωνα]
449 1774 654 1818 Est'sane
667 1773 779 1830 quod
799 1773 1012 1824 miremur,
1034 1785 1109 1815 cur
1123 1771 1275 1815 Veneti
1295 1769 1538 1813 Boemundo
1553 1779 1581 1812 B

53 1833 217 1886 Latino,
247 1846 319 1876 seu
348 1833 524 1884 Franco,
555 1832 730 1876 barbam
758 1830 1059 1885 exprobra-rint,
1092 1842 1186 1871 cum
1217 1841 1265 1871 ea
1293 1827 1541 1881 tempestate

53 1890 165 1946 apud
195 1890 367 1933 Latinos
395 1890 439 1933 et
467 1889 652 1932 Francos
670 1888 845 1931 barbam
863 1886 1041 1929 rasitare
1058 1885 1212 1940 passim
1232 1897 1310 1927 usu
1330 1884 1540 1937 receptum

51 1948 171 1990 esset.
243 1946 472 1990 Gnibertus
516 1946 766 1989 coaetaneus
810 1943 1000 1997 Scriptor
1039 1942 1112 1994 lib,
1133 1943 1171 1984 5.
1201 1940 1315 1984 Gaet.
1346 1940 1423 1982 Dei
1469 1951 1541 1993 per

51 2004 200 2047 Franc.
229 2015 321 2058 cap.
340 2004 381 2046 6.
429 2003 604 2046 Nostris
646 2005 785 2045 autem
828 2001 876 2042 in
905 1999 1076 2042 assiduo
1111 1998 1269 2052 positis
1301 1996 1539 2050 procinctu,

46 2061 336 2114 fatiscentium
372 2074 580 2116 yenarum
614 2059 788 2102 maciem
829 2055 1052 2099 horribilis
1082 2055 1275 2110 primum
1317 2053 1425 2095 situs
1453 2065 1541 2094 am-

52 2117 199 2168 bierat,
228 2121 268 2160 et
292 2116 507 2160 Francico
545 2130 661 2159 more
700 2114 871 2158 incuria
916 2113 1144 2155 diuturnae
1178 2108 1541 2165 pereyrinationis

52 2175 218 2225 omisso,
247 2173 468 2217 barbulam
488 2174 662 2228 quisque
681 2173 868 2215 rasitare
892 2168 1128 2212 distulerat.
1172 2167 1221 2209 Id
1240 2167 1377 2221 ipsum
1396 2165 1446 2207 de
1462 2164 1541 2206 La·

0 2278 1 2289 ἵ
51 2231 154 2273 tinis
173 2230 639 2274 tffitanturWillelmus
649 2229 801 2284 Tyrius
821 2227 892 2270 lib.
907 2227 970 2268 11.
993 2238 1081 2280 cap.
1096 2225 1159 2267 11.
1205 2222 1380 2266 Iacobus
1402 2221 1452 2263 de
1464 2220 1541 2261 vi-

0 2295 2 2312 [
50 2288 190 2331 triaco
213 2287 287 2330 lib.
311 2288 349 2330 1.
382 2300 473 2342 cap.
491 2287 558 2330 73.
597 2285 834 2329 Radevicus
862 2284 934 2326 lib.
956 2282 997 2324 4.
1031 2281 1146 2324 Gest.
1176 2279 1332 2322 Frider.
1362 2290 1450 2331 cap.
1471 2277 1539 2319 30.

53 2344 228 2387 Nicetas
264 2344 309 2386 in
352 2345 486 2388 Isaac.
526 2343 600 2386 lib.
626 2344 663 2385 1.
702 2342 756 2384 N.
781 2342 844 2383 10.
881 2339 1090 2393 Gregoras
1118 2337 1190 2379 lib.
1216 2337 1255 2378 9.
1280 2336 1322 2377 et
1351 2334 1426 2376 alii
1451 2333 1540 2374 sine

53 2413 239 2444 nume-ro.
299 2400 380 2444 Sed
407 2400 654 2456 praesertim
700 2410 858 2440 morem
901 2397 1012 2438 hunc
1039 2391 1295 2436 Normannis
1334 2389 1434 2444 ipsis
1464 2388 1541 2431 ad-

53 2457 204 2500 scribit
222 2457 466 2501 Willelmus
485 2456 757 2499 Malmesbur.
788 2454 859 2495 lib.
882 2454 921 2495 3.
951 2451 1002 2494 de
1024 2449 1137 2493 Gest.
1160 2449 1262 2502 Reg.
1282 2447 1348 2489 An
1380 2446 1410 2487 l.
1439 2445 1541 2508 dum

55 2516 203 2557 narrat
231 2514 513 2569 speculatores
547 2513 600 2556 ab
628 2510 830 2554 Haraldo
860 2507 1100 2563 Anylorum
1127 2505 1242 2560 Reqe
1267 2505 1316 2546 in
1388 2501 1542 2566 'illelmi

52 2570 187 2613 Nothi
213 2574 357 2614 castra
383 2570 612 2614 submissos
640 2567 843 2617 retulisse,
879 2578 992 2619 pene
1016 2575 1157 2606 omnes
1181 2563 1229 2604 in
1258 2562 1443 2602 exercitu
1466 2556 1541 2599 illo

52 2627 328 2682 Presbyteros
370 2628 522 2681 videri,
565 2626 677 2680 quod
720 2627 850 2666 totam
890 2621 1044 2674 faciem
1089 2632 1182 2661 cum
1223 2620 1404 2679 utroque·
1422 2613 1543 2656 labro

54 2697 201 2727 rasam
239 2684 452 2727 haberent.
510 2684 568 2726 Et
597 2681 839 2725 Matthaeus
867 2677 1001 2720 Paris,
1019 2676 1070 2718 A.
1099 2683 1295 2717 MCXCVI.
1315 2669 1543 2736 ‘Willelmo

52 2741 196 2795 itaque
232 2741 324 2795 filio
369 2741 559 2793 Roberti,
602 2739 870 2793 coynomento
913 2747 1005 2776 cum
1051 2731 1195 2781 barba,
1256 2741 1376 2771 cuius
1412 2738 1545 2782 yemis

54 2798 216 2840 avitum
241 2797 293 2841 ob
321 2797 662 2852 indiynationem
690 2793 1038 2836 Normannorum
1066 2787 1216 2830 radere
1244 2783 1429 2848 barbam·
1447 2795 1542 2825 con-

57 2854 228 2908 tempsit
257 2855 335 2898 etc.
408 2854 519 2908 Quin
560 2853 603 2895 et
636 2852 724 2907 ipse
768 2846 1049 2898 Boemnndus‚
1098 2842 1208 2899 qnod
1251 2842 1377 2884 Anna
1418 2838 1545 2882 msert
