1806 3132
555 245 611 280 m
635 245 921 281 mmmmm
952 247 1113 282 NOTAE
1482 239 1565 284 667

97 360 172 417 qui
210 360 391 405 abeunte
433 360 531 405 hinc
570 361 727 406 Ioanne
769 362 1023 408 Graecorum
1065 365 1311 410 Patriarcha
1352 365 1406 410 ad
1457 366 1566 410 hanc

97 418 237 462 fuerat
263 418 478 473 promotus
504 418 771 475 dignitatem,
799 433 848 464 ea
875 421 1034 476 potitus
1058 422 1214 478 legitur
1241 436 1371 477 usque
1398 422 1452 467 ad
1477 424 1566 468 An-

97 487 199 518 num
223 484 460 520 Mcmlv.
490 476 564 531 qni
605 476 689 519 fuit
715 487 864 521 xxxv.
893 478 1163 532 promotionis
1205 479 1398 531 eiusdem,
1441 481 1490 523 ut
1518 494 1565 524 ex

8 549 15 554 ·
97 531 324 575 'I'abnlario
350 531 613 576 Manoscensi
640 533 797 576 discere
822 534 904 577 est:
939 535 1049 578 unde
1077 535 1254 578 electum
1294 536 1420 579 fuisse
1447 537 1566 580 colli-

95 588 214 642 gitur
241 587 294 631 A.
323 597 493 632 chlx.
550 589 738 644 Idipsum
781 590 952 634 Manuel
994 591 1130 634 Alexii
1169 605 1215 635 ex
1260 592 1347 635 filio
1386 605 1510 646 nepos
1539 607 1565 637 a

96 644 284 688 Renaldo
300 643 564 689 Antiocheno
584 645 790 702 Principe,
820 660 941 702 quem
963 647 1035 691 ille
1056 649 1100 690 in
1126 648 1309 692 ordinem
1338 649 1564 704 redegerat,

95 701 302 745 obtinuit:
339 698 495 771 mi'dvj
524 701 596 744 καὶ
624 696 828 770 ἀρχιερέα
863 702 910 745 ἐκ
942 703 1178 749 Βυζαντίου
1210 701 1273 755 εἷς
1300 699 1566 757 Ἀντιόχειαν

16 765 20 767 “
94 753 205 799 κατὰ
233 753 348 809 ἔθος
377 761 642 813 πεμπεσθαι
670 775 722 801 το
754 756 954 811 παλαιόν,
1003 753 1050 804 fit
1088 762 1210 804 autor
1250 762 1313 804 aet
1341 761 1565 805 Cinnamus

94 814 168 858 lib.
186 814 228 859 4.
269 814 427 859 Verum
468 815 566 859 idne
607 817 855 871 praestitum
899 818 966 870 sit,
1011 819 1100 862 iure
1137 818 1389 861 controverti
1418 819 1565 873 potest,

95 884 190 914 cum
234 872 397 916 constet
435 872 706 916 Patriarchas
749 873 1031 918 Antiochenos
1073 887 1119 917 ex
1164 874 1364 917 Romanis
1406 874 1566 918 Latinis

94 941 257 983 semper
299 928 451 972 electos
489 929 629 981 fuisse,
672 929 947 974 Graecanicos
990 943 1086 974 vero
1131 931 1184 974 ab
1227 931 1327 985 ipsis
1362 930 1566 986 Augustis

93 984 324 1085 igistitutos,
354 985 522 1029 nomine
562 987 686 1029 tenus
727 986 934 1042 dignitate
976 988 1143 1042 potitos
1203 987 1309 1030 Vide
1336 987 1469 1030 Notas
1511 986 1564 1030 ad

145 1054 360 1085 nnamum.

227 1094 487 1154 Ποδανδόν]
518 1099 768 1143 Podandum
795 1101 979 1143 vicinum
999 1100 1130 1143 Tarso
1147 1099 1298 1143 statuit
1314 1099 1439 1142 etiam
1456 1099 1563 1143 Gon·
1574 1094 1605 1130 Β

92 1154 305 1198 stantinus
333 1155 379 1198 in
407 1156 582 1212 Basilio,
611 1157 653 1200 et
682 1170 707 1200 a
751 1158 917 1200 nomine
954 1157 1073 1200 fluvii
1118 1157 1209 1200 loco
1245 1156 1561 1211 appellationem

91 1210 274 1254 inditam
298 1212 458 1265 scribit,
489 1225 577 1268 cap.
595 1214 663 1257 36.

234 1269 325 1310 Τοῦ
353 1266 606 1327 Animi-mv]
651 1270 842 1314 Ducatns
877 1269 1146 1318 Antiocheni3
1188 1282 1285 1312 nam
1319 1268 1565 1312 Antiochiae
1575 1267 1794 1315 PagAuA

93 1323 334 1368 Praefectos
360 1325 526 1369 Ducum
555 1327 683 1370 titulo
709 1327 894 1382 insignes
921 1326 1047 1369 fuisse
1076 1325 1328 1369 ostendimus
1356 1325 1409 1368 ad
1435 1325 1509 1367 lib.
1527 1326 1564 1368 1.

93 1376 321 1423 Δοσκάτον
350 1382 499 1426 neutro
529 1396 679 1438 genere
708 1396 791 1426 non
817 1383 943 1426 semel
963 1383 1139 1426 efferunt
1158 1381 1386 1436 Scriptores
1406 1379 1565 1433 Graeci,

93 1437 493 1493 Porphyrogenneta
520 1439 571 1483 de
596 1440 722 1484 Adm.
751 1441 901 1495 Imper.
930 1453 1020 1494 cap.
1041 1439 1107 1481 50.
1134 1439 1204 1481 lib.
1227 1439 1263 1480 1.
1294 1438 1343 1480 de
1374 1437 1563 1480 Themat.

94 1507 184 1548 cap.
208 1494 246 1537 1.
279 1494 405 1538 Nilus
424 1495 719 1551 Doxapatrius,
748 1493 800 1538 τὸ
822 1491 1048 1539 Δουκάτον
1066 1490 1211 1550 πάσης
1229 1492 1563 1548 Λογγιβαρδιάς.

93 1549 309 1594 Dumium
344 1553 493 1596 neutro
528 1553 658 1596 etiam
693 1566 841 1608 genere
876 1553 981 1595 dixit
1012 1552 1092 1595 Leo
1130 1551 1218 1595 Ost.
1252 1551 1323 1593 lib.
1347 1551 1384 1592 1.
1414 1562 1502 1605 cap.
1523 1551 1563 1593 6.

94 1606 345 1652 Comitatum
371 1609 549 1652 Ioannes
568 1609 687 1652 VIII.
718 1610 803 1653 PP.
831 1610 876 1652 in
908 1609 1039 1663 Epist.

224 1657 399 1723 Ἐτήσια
425 1662 639 1723 τάλαντα]
685 1666 851 1709 Talenti
894 1678 972 1708 vox
1014 1664 1128 1708 varie
1168 1663 1278 1718 apud
1293 1719 1302 1728 ,
1319 1663 1410 1706 aevi
1437 1660 1602 1706 mediiC

92 1720 324 1775 Scriptores
349 1722 574 1777 accipitur;
607 1722 817 1766 interdum
849 1722 958 1766 enim
985 1734 1059 1776 pro
1086 1720 1343 1770 contemno,
1379 1719 1457 1762 hoc
1486 1719 1560 1783 est,

92 1777 259 1820 centum
288 1777 408 1821 libris
447 1779 538 1822 auri
570 1780 742 1835 signati,
771 1779 821 1821 nt
856 1778 966 1834 apud
998 1777 1285 1831 Theophanem
1308 1775 1362 1818 A.
1391 1785 1456 1818 lx.
1486 1774 1564 1817 N1-

94 1833 260 1888 oephori
286 1834 463 1890 Logoth.
493 1831 686 1878 τάλαντα
714 1834 763 1878 δὲ
803 1825 855 1893 ἦν
883 1830 948 1890 ιγ’.
994 1829 1211 1887 γινόμεναι
1248 1830 1389 1884 λίτραι
1430 1829 1559 1883 χίλιαι

90 1885 350 1943 τριακόσιαι,
381 1890 527 1935 Erant
558 1896 694 1936 autem
722 1892 881 1936 talenta
909 1890 1114 1941 tredecim,
1153 1887 1269 1931 mille
1297 1891 1336 1930 et
1362 1890 1564 1951 ἐνθῶ-πέσε

90 1946 225 1991 ubres
253 1947 527 2002 conficientia.
577 1949 703 2004 Apud
732 1950 898 1991 Annam
929 1959 1024 1990 vero
1046 1958 1120 2001 pro
1148 1945 1256 1988 libra
1283 1956 1487 2009 usurpari,
1516 1955 1563 1985 ex

91 2003 146 2046 iis
175 2016 283 2058 quae
310 2017 406 2048 mox
443 2006 677 2060 sequuntur
702 2005 806 2048 satis
835 2004 1070 2059 colligitur:
1114 2014 1208 2044 cum
1246 2013 1356 2043 emm
1372 1998 1563 2068 ἱ(ξιιξιειθὺ

92 2059 362 2104 Boemundus
389 2062 445 2105 ab
474 2061 621 2106 Alexio
645 2061 848 2117 promissa
867 2060 947 2103 sibi
974 2071 1112 2103 annua
1131 2057 1302 2109 talenta,
1331 2071 1386 2098 τα
1415 2068 1563 2111 ετησια

6 2139 10 2141 -
89 2111 298 2167 τάλαντα,
327 2117 492 2167 subdjt;
535 2117 646 2173 λέγω
676 2115 728 2175 δὴ
764 2114 843 2165 τὰς
886 2113 1135 2165 διακοσίους
1175 2111 1323 2166 λίτρας
1365 2113 1443 2162 τ”ς
1471 2112 1563 2152 Μ-

91 2168 307 2228 Χαηλᾶτου
333 2176 534 2230 χαραγῆς.
596 2175 710 2229 Quas
740 2173 907 2229 quidem
949 2171 1146 2237 ducentas
1181 2169 1310 2212 libras
1340 2168 1407 2236 in³
1480 2166 1563 2234 ἵζε.-

92 2229 303 2273 lentorum
342 2231 547 2275 vocabulo
581 2231 731 2275 donat:
775 2224 941 2286 ὀφείλω
984 2228 1216 2281 λαμβανειν
1254 2223 1354 2290 κατ’,
1388 2236 1563 2287 ετησιαὲ

90 2281 216 2328 δόσιν
243 2280 336 2329 ἆπὸ
366 2287 458 2330 τῶν
482 2287 720 2341 βασιλικῶν
748 2285 988 2341 θησαυρῶν
1016 2280 1206 2348 τάλανξα
1233 2281 1444 2348 διακοσια,
1475 2293 1557 2344 ‘conv

89 2339 548 2396 προβεβασιλευκότος
577 2347 730 2398 Κυροῦ
759 2338 937 2395 Μιχαῖλ
965 2337 1181 2394 ποιότητα
1208 2352 1256 2379 τε
1285 2351 1357 2378 και
1376 2349 1562 2392 χαραγην
1627 2346 1633 2352 ·

89 2391 388 2456 ἀποφέροντα.
445 2399 515 2444 Sic
543 2401 653 2454 apud
683 2399 855 2443 Latinos
916 2397 1116 2451 criptores
1154 2407 1235 2437 non
1264 2392 1389 2435 semel
1417 2390 1560 2455 eadem

89 2456 335 2510 usurpatam
363 2457 533 2500 notione
562 2456 729 2500 Talenti
758 2468 899 2498 vocem
926 2454 1141 2497 observare
1174 2450 1247 2493 est.
1289 2447 1561 2513 'tabularium

90 2510 273 2555 Monast.
303 2512 590 2567 Bellilocensis
618 2513 662 2555 in
686 2511 967 2555 Lemovicibus
992 2508 1046 2551 N.
1066 2509 1134 2550 66.
1167 2505 1340 2550 Coactus
1366 2501 1561 2547 mdmal·

82 2571 291 2621 potestate
318 2570 546 2613 secundum
560 2570 712 2625 Leyem
740 2569 960 2621 componat
979 2565 1077 2609 auri
1095 2562 1346 2626 talen-torum
1365 2558 1561 2624 pondera

89 2627 273 2668 centmn:
301 2625 413 2680 quod
443 2626 489 2668 in
515 2626 611 2669 aliis
644 2624 800 2679 passim
821 2622 987 2666 Chartis
1015 2620 1079 2663 his
1100 2630 1259 2682 concrpr
1288 2616 1424 2659 verbls
1442 2614 1559 2665 solet,

88 2681 274 2724 sociante
296 2681 399 2735 fisco
426 2684 527 2725 aun·
567 2682 701 2725 libras
741 2683 904 2723 centum
938 2678 1014 2720 etc.
1060 2677 1227 2730 argenta
1260 2672 1453 2727 pondera
1481 2671 1559 2735 etc.

87 2740 255 2781 coactus
297 2738 443 2782 solvat.
500 2738 655 2782 Charta
700 2737 753 2779 A.
795 2742 1079 2778 Dccccxcm.
1120 2729 1230 2785 apud
1266 2728 1471 2792 Dnchesn.
1514 2739 1558 2768 111

87 2792 201 2836 Hist.
225 2794 424 2838 Luxemb.
456 2808 551 2850 pag.
572 2796 610 2837 8.
645 2794 686 2836 et
714 2793 752 2835 9.
799 2790 1051 2843 Coactmque
1088 2787 1279 2830 thesauro
1305 2783 1438 2848 Reqts
1465 2795 1560 2846 oequ-

88 2852 178 2893 tum
218 2850 354 2895 libras
395 2852 495 2895 auri
537 2855 577 2895 et
617 2849 731 2893 mille
771 2847 930 2891 talenta
965 2843 1180 2901 persolvat
1221 2844 1397 2898 arqentt.
1459 2838 1558 2882 Aha
