1806 3132
506 234 562 269 m
588 233 877 271 nimum
903 234 1066 273 NOTAE
1442 233 1526 278 595

49 350 177 395 Leod.
207 363 298 406 cap.
320 351 387 394 16.
419 350 462 395 et
495 350 556 394 ibi
585 349 893 406 chapeavillus,
938 352 1006 395 Fr.
1037 353 1266 398 Petrarcha
1303 356 1376 400 lib.
1397 358 1436 400 2.
1478 357 1529 401 de

51 408 155 452 Vita
183 407 296 451 solit.
324 407 452 451 tract.
471 407 512 450 4.
542 419 633 461 cap,
656 408 694 449 1.
729 407 924 451 Molanus
967 409 1013 451 in
1046 409 1119 454 SS.
1143 411 1262 467 Belg.
1286 413 1350 456 15.
1374 413 1455 456 Iul.
1485 415 1528 457 et

50 463 201 508 Petrus
232 463 572 507 Doutremannus
600 463 802 518 peculiari
828 464 983 517 libello,
1014 479 1138 521 quem
1166 466 1217 510 de
1244 469 1344 512 Vita
1381 470 1423 512 et
1444 468 1526 513 Ge·

46 520 240 576 nealogia
285 520 403 564 Petri
429 520 655 574 inscripsit,
686 533 811 575 quam
840 521 969 564 etiam
999 522 1147 578 attigit
1173 523 1384 569 Adrianus
1412 525 1527 569 Mor-

52 577 181 621 lerius
213 576 286 620 lib.
307 577 347 619 1.
376 576 588 631 Antiquit.
619 576 819 620 Ambian.

48 690 84 732 Τ
178 627 251 733 (ἧς
275 627 415 732 Ῑόμφῇ
449 629 581 732 {glad
627 632 792 676 AJbert.
845 633 925 689 Aq.
955 634 1028 678 lib.
1053 635 1089 678 1.
1130 648 1220 698 cap.
1241 637 1279 679 5.
1323 636 1757 693 Willelm.Pag.284.A

136 723 147 733 .
242 723 253 732 .
303 723 314 732 .
344 701 394 733 ca
424 723 435 732 .
513 722 524 731 .

84 702 135 746 Υι-
179 702 502 801 Σταυρούςρὲῶ
534 737 691 802 ὤμων]
723 746 972 790 Tudebodus
998 747 1070 791 lib.
1094 749 1131 791 1.
1187 748 1245 792 In
1272 749 1432 802 dextra,
1461 750 1567 796 veZB

46 803 159 846 inter
177 806 378 858 masque
396 802 596 856 scapulas
619 801 792 846 Crucem
813 802 974 847 Christi
998 804 1204 848 baiulant.
1235 805 1403 849 Robert.
1434 807 1527 850 Μο-

51 860 173 903 nach.
204 859 278 903 lib.
303 860 343 902 2.
402 858 460 902 In
481 859 624 913 fronte
650 863 725 902 aut
751 860 800 902 in
826 861 1014 915 scapulis
1042 861 1204 905 dextris
1226 863 1395 917 siquam
1416 863 1527 917 fere-

50 915 151 959 bant
182 915 366 960 Sanctae
409 915 569 960 amois.
627 915 872 959 Fulcherius
902 916 1070 960 Carnot.
1107 918 1179 960 lib.
1205 919 1241 961 1.
1284 931 1373 974 cap.
1396 921 1432 962 1.
1493 919 1529 963 Ο

50 986 180 1028 quam
206 973 385 1028 diffluum
432 976 525 1015 erat
566 976 606 1015 et
633 986 852 1016 amoenum
887 974 1003 1017 vobis
1030 974 1221 1018 omnibus
1252 973 1404 1019 Oruces
1430 975 1530 1019 illas

48 1029 312 1073 cernentibus
346 1028 411 1072 vel
433 1030 615 1093 sericas„
644 1029 710 1072 vel
753 1043 860 1072 auro
889 1034 1035 1083 textas,
1078 1035 1152 1074 aut
1180 1031 1357 1086 quolibet
1382 1046 1531 1088 yenere

40 1086 176 1141 pallii
218 1086 405 1142 decoras,
450 1099 556 1141 quas
595 1099 644 1128 m
680 1086 971 1142 chlamydibus
1011 1089 1113 1140 suis,
1159 1092 1235 1131 aut
1276 1088 1416 1142 birris,
1444 1089 1530 1132 sive

51 1143 219 1198 tunicis,
243 1143 468 1198 pereyrini
498 1167 551 1172 —
578 1156 707 1196 super
750 1143 941 1187 humeros
981 1157 1081 1187 suos
1113 1145 1376 1188 consuebant.
1449 1145 1529 1189 Sed

52 1200 154 1243 haec
179 1200 294 1243 nota.
363 1199 426 1242 De
464 1199 600 1242 colore
630 1212 726 1242 vero
757 1199 966 1252 Crucium,
998 1214 1121 1255 quem
1147 1201 1428 1255 phoeniceum,
1457 1214 1528 1245 seu

53 1256 293 1299 coccineum
341 1255 470 1299 fuisse
516 1256 585 1299 hic
625 1256 688 1298 ait
733 1256 879 1308 Anna,
921 1257 1031 1299 idem
1084 1258 1267 1301 testatur
1312 1258 1529 1313 Walsing-

50 1313 201 1356 hamus
228 1312 274 1355 in
301 1312 511 1356 Richardo
539 1312 596 1355 Π.
634 1313 716 1355 Α11.
740 1323 1073 1356 Mcchxxxm.
1102 1327 1197 1369 pag.
1218 1315 1314 1357 301.
1358 1314 1528 1357 Lando-

47 1371 135 1412 niis
161 1367 284 1412 multi
312 1369 581 1423 apprenticii,
599 1369 753 1423 plures
777 1370 889 1412 servi
915 1371 1095 1424 sumptis
1123 1370 1232 1413 albis
1276 1371 1463 1425 capuciis
1490 1374 1529 1413 et

47 1426 189 1469 rubeis
215 1425 408 1469 crucibus
432 1426 480 1469 in
503 1430 631 1480 parte
659 1426 822 1478 deaetra,
870 1451 920 1456 —
954 1427 1139 1480 profecti
1165 1431 1275 1470 sunt.
1334 1427 1528 1470 Postmo-

50 1482 151 1526 dum
179 1483 324 1525 tamen
351 1482 396 1525 in
425 1482 502 1525 illa
522 1495 649 1538 quam
675 1483 728 1525 A.
748 1492 1054 1526 MCLXXXVIII.
1079 1483 1300 1538 Philippus
1328 1483 1529 1526 Franciae

50 1540 94 1582 et
122 1538 329 1582 Henricus
346 1538 406 1582 II.
435 1539 618 1595 Angliae
648 1539 783 1595 Reges
820 1540 1006 1582 inierunt
1036 1540 1417 1593 Hierosolymitana
1446 1540 1527 1582 Ex-

49 1595 259 1650 peditione
284 1594 500 1639 Statutum
531 1599 571 1638 ct
610 1597 829 1650 provisum
870 1599 932 1639 est
956 1596 1068 1639 inter
1105 1610 1183 1649 eos,
1227 1600 1275 1638 ut
1311 1610 1450 1639 omnes
1478 1596 1529 1638 de

47 1652 196 1707 Reyno
238 1651 512 1696 Francorum
544 1666 687 1695 cruces
731 1653 892 1704 rubeas,
937 1653 988 1696 de
1030 1654 1157 1695 terris
1198 1652 1330 1707 Reyis
1366 1652 1527 1708 Anyto·

50 1722 147 1751 rum
188 1708 320 1761 albas,
365 1709 417 1752 de
445 1712 562 1752 terra
593 1708 767 1752 Comitis
795 1708 1086 1752 Flandrensis
1127 1709 1284 1752 virides
1318 1709 1526 1763 haberent,

50 1766 115 1808 uti
156 1765 347 1808 scribunt
377 1765 599 1808 Mathaeus
626 1766 760 1808 Paris.
789 1766 978 1821 Rogerus
1007 1765 1276 1818 Hovedenus,
1318 1764 1525 1808 Radulfus

52 1822 103 1865 de
130 1822 279 1865 Diceto
307 1822 349 1865 et
368 1821 570 1865 Nicolaus
601 1822 828 1865 Trivettus.

184 1875 363 1933 Ἀκρίς]
392 1878 615 1922 Baldricus
635 1879 827 1921 Dolensis
847 1879 972 1922 autor
987 1879 1050 1921 oet
1069 1877 1381 1932 Expeditionem
1400 1876 1526 1919 istam
1539 1880 1566 1916 C

57 1935 297 1978 nostrorum
329 1935 535 1990 quaedam
561 1935 829 1990 praecessisse
861 1936 902 1978 et
928 1934 1175 1989 praedixisse
1203 1933 1405 1989 prodigia.
1463 1933 1527 1975 De

52 1991 241 2044 locustis,
270 2004 376 2046 quas
404 1991 473 2034 hic
493 1993 791 2035 commemorat
811 1992 949 2041 Anna,
979 1992 1160 2034 testatur
1183 1991 1325 2034 Abbas
1355 1990 1527 2045 Usperg.

49 2048 103 2091 A.
132 2057 267 2091 MXCI.
349 2047 443 2091 Visa·
469 2052 569 2091 sunt
602 2062 688 2102 per
713 2048 868 2091 multas
910 2049 1101 2103 regiones
1142 2045 1357 2089 vermiculi
1399 2047 1528 2089 nimis

47 2105 196 2160 tancti,
233 2118 320 2148 non
348 2104 472 2160 lonqe
499 2120 528 2148 a
554 2108 671 2148 terra
701 2104 899 2157 volantes,
942 2104 1018 2147 hoc
1046 2108 1117 2155 est,
1147 2107 1195 2146 ut
1219 2103 1285 2146 vel
1310 2116 1439 2145 manu
1464 2101 1528 2145 vel

51 2162 176 2216 virya
218 2162 341 2217 tanyi
375 2165 565 2216 possent,
612 2161 897 2216 qrossitudine
941 2160 1106 2215 quidem
1141 2161 1295 2202 muscis
1324 2158 1527 2223 aequales,

46 2218 122 2261 sed
149 2217 414 2273 lonyitudine
426 2219 534 2261 satis
562 2218 834 2272 deductiores,
865 2231 1040 2272 quorum
1068 2221 1154 2260 tam
1172 2216 1364 2269 infinitus
1391 2218 1529 2257 extztzt

47 2275 266 2327 exercitus,
308 2277 357 2317 ut
394 2288 526 2317 unum
560 2289 668 2329 pene
701 2275 951 2317 milliarium
978 2275 1024 2316 in
1067 2273 1301 2327 latitudine,
1339 2272 1422 2314 duo
1463 2270 1528 2314 vel

49 2332 136 2374 tria
164 2331 212 2374 in
245 2331 509 2386 lonyitudine
551 2332 795 2375 viderentur
833 2344 1048 2384 occupare,
1078 2330 1282 2372 densitate
1317 2341 1412 2370 vero
1447 2340 1527 2370 sua

51 2388 192 2441 {psam
226 2386 342 2431 Solis
383 2387 515 2431 lucem
556 2389 683 2431 terris
719 2402 886 2442 neyare.
961 2385 1047 2429 Per
1075 2399 1198 2440 quam
1233 2384 1526 2439 prodiyiosmn

47 2445 250 2487 visionem
273 2443 407 2496 illam,
438 2458 543 2499 quae
554 2448 657 2499 post
685 2443 1009 2499 quadriennium
1031 2442 1148 2495 facta
1177 2445 1248 2491 est,
1278 2439 1526 2504 Hienosoly-

47 2514 163 2544 mam
191 2501 449 2545 tendentium
470 2501 773 2555 profectionem
800 2500 973 2554 quidam
1001 2502 1099 2541 sunt
1126 2499 1404 2550 interpretata.
1447 2496 1524 2539 Us-

48 2557 240 2612 pergensi
277 2556 400 2612 plane
430 2559 706 2601 consentanea
742 2556 875 2598 tradit
904 2556 1096 2606 Zonaras,
1142 2554 1249 2596 hanc
1288 2553 1525 2595 nostrorum

190 2613 365 2656 itionem
385 2627 732 2658 commemorans:
761 2602 822 2655 ὧν
846 2608 924 2669 τήν
943 2609 1187 2666 συγκίνησιν
1206 2606 1430 2664 θεοσημία
1457 2622 1524 2658 τις

48 2665 373 2728 προεμήνυσεν·
448 2664 656 2725 ἄκριδίων
701 2666 780 2724 γὰρ
834 2661 1021 2722 ἔπειρόν
1048 2682 1091 2708 τι
1136 2665 1315 2723 πλῆθος
1350 2663 1398 2707 ἐκ
1446 2665 1525 2722 τῆς

47 2721 264 2781 Ἑσπέρας
301 2726 381 2795 τῂν
424 2726 591 2782 γένεσιν
635 2721 818 2782 ἐσχηκός
871 2723 943 2766 καὶ
976 2723 1205 2772 τοσοῦτον,
1250 2718 1311 2773 ὥς
1348 2719 1525 2789 νέφεσιν

0 2812 2 2814 ψ
44 2777 291 2837 {maweu
320 2779 657 2838 απεικάζεσθαι,
686 2781 759 2824 καὶ
788 2775 1036 2834 συσκιάζειν
1069 2775 1147 2846 τῲ
1175 2776 1312 2837 ἥλιον,
1342 2777 1416 2820 δια
1442 2777 1521 2843 τῆΙς

7 2873 10 2875 Α
47 2837 254 2897 μεγίστης
279 2840 371 2883 τῶν
399 2837 579 2884 πόλεων
616 2838 689 2882 καὶ
714 2834 872 2894 ταύτης
915 2833 1048 2892 ὁρίων
1074 2851 1153 2879 τνν
1180 2836 1340 2892 πτῆσιν
1367 2848 1525 2878 ποιου-
