1806 3132
523 235 578 271 m
605 235 891 272 ALEXIADEM
921 239 1083 274 NOTAE
1456 236 1535 279 601

66 349 179 406 quod
218 363 436 406 nunquam
471 351 562 416 sint
596 351 679 395 sibi
716 353 910 406 nocituri,
954 354 1019 399 vel
1054 355 1155 399 suis.
1200 355 1272 399 lib.
1293 358 1331 400 2.
1362 370 1449 414 cap.
1472 360 1535 404 19.

20 446 23 449 .
208 421 290 461 per
315 421 410 451 eum
435 411 548 451 vitae
571 422 674 452 suae
706 410 930 454 ethonoris
949 426 1132 465 prorsus
1157 413 1365 458 indemnis
1391 416 1536 459 existe-

64 468 139 509 ret.
195 464 334 521 Aegre
364 464 547 520 primum
576 466 618 509 et
647 466 716 509 vix
745 467 897 510 adduci
932 469 1153 522 potuerant
1185 469 1378 514 Palatini
1404 473 1536 515 nostri

67 522 257 578 Comites,
286 521 350 564 uti
378 523 584 565 vocantur
612 524 666 566 ab
696 523 837 567 eodem
870 523 1084 576 Guibert0‚
1116 526 1165 568 ut
1193 526 1422 570 hominium
1453 529 1537 584 By-

64 578 233 622 zantino
270 578 455 633 facerent
485 579 747 634 Imperatori,
793 593 887 623 cum
932 594 1007 624 nec
1050 582 1137 624 eius
1181 584 1315 626 essent
1358 584 1536 639 Imperio

63 635 233 687 subditi,
261 647 337 679 nec
365 635 534 689 praedia
565 636 680 679 illius
711 637 926 680 clientelae
955 639 1128 681 obnoxia
1152 639 1415 693 possiderent.
1459 641 1537 684 Le-

62 692 239 747 gitimus
267 693 478 747 praeterea
505 692 601 736 illos
631 693 845 737 invaserat
873 695 1021 747 metus,
1042 708 1092 738 ne
1112 695 1315 739 Franciae
1334 696 1432 749 Rex,
1463 698 1537 740 aut

65 748 298 792 Germanus
324 748 558 804 Augustus,
588 750 739 804 quibus
778 750 964 805 plerique
1001 751 1305 803 beneficiorum,
1344 754 1419 796 aut
1452 754 1535 797 foe·

63 805 208 848 derum
240 805 408 848 nomine
436 806 601 849 obnoxii
632 807 763 859 erant,
791 820 879 850 rem
907 808 952 850 in
981 808 1046 851 sui
1076 808 1371 851 contumeliam
1402 810 1443 852 et
1471 810 1537 852 in-

62 862 216 905 iuriam
243 862 402 905 factam
429 862 819 918 interpretarentur.
878 864 1018 919 Atque
1061 864 1105 907 id
1149 877 1296 908 causae
1342 865 1423 908 fuit
1464 879 1537 909 cur

62 918 325 962 Raimundus
355 918 733 976 Sanctaegidianus
764 919 909 964 Comes
950 921 1151 964 eiusmodi
1182 922 1438 965 sacramento
1467 923 1536 966 ob-

61 975 214 1031 stringi
244 975 451 1031 abnuerit,
478 976 542 1019 uti
580 977 756 1020 narrant
785 976 1029 1020 Pulcherius
1056 978 1128 1020 lib.
1151 979 1187 1021 1.
1217 990 1306 1032 cap.
1325 979 1364 1021 4.
1393 979 1434 1021 et
1463 979 1534 1022 alii

61 1032 196 1075 eiusce
218 1033 312 1076 aevi
341 1031 586 1088 Scriptores,
617 1034 665 1075 ut
694 1034 736 1076 et
764 1034 1030 1087 postmodum
1050 1034 1255 1077 Robertus
1273 1034 1535 1087 Porticensis,

60 1101 132 1132 seu
161 1089 382 1132 Drocensis
414 1089 574 1141 Comes,
607 1090 735 1145 Regis
764 1090 965 1134 Ludovici
995 1091 1091 1134 VII.
1121 1103 1355 1145 germanus,
1386 1092 1458 1146 qui
1486 1104 1536 1134 ne

61 1145 247 1189 Manueli
271 1145 522 1202 Imperatori
553 1146 799 1198 hominium,
831 1147 882 1190 de
911 1161 993 1202 quo
1022 1147 1139 1190 enixe
1174 1148 1348 1202 rogatus
1384 1148 1534 1199 fuerat,

60 1202 337 1256 profiteretur,
367 1202 476 1246 clam
505 1216 549 1246 se
571 1202 933 1258 Constantinopoli
953 1204 1228 1255 subtraxerat,
1248 1204 1289 1246 et
1310 1204 1535 1247 insalutato

60 1258 235 1313 hospite,
268 1259 567 1315 Propontidem
609 1273 812 1312 emensus,
850 1261 1071 1304 traiecerat
1107 1261 1149 1303 in
1181 1260 1337 1303 Asiam.
1375 1261 1537 1316 'Turpe

61 1316 227 1371 quippe,
256 1315 410 1367 aiebat,
439 1317 488 1359 in
507 1317 730 1370 praesenti
757 1321 844 1360 tam
872 1317 1101 1371 yloriosum
1131 1317 1282 1360 habere
1310 1317 1533 1370 dominum,

59 1376 98 1416 et
128 1372 293 1426 infideli
314 1373 456 1427 facere
481 1373 726 1417 hominium.
786 1374 880 1417 Alii
915 1388 1011 1417 vero
1057 1387 1233 1428 quorum
1272 1387 1471 1417 numerus
1497 1379 1536 1418 et

58 1429 169 1472 ratio
195 1430 422 1484 superavit,
458 1430 698 1474 huiusmodi
739 1431 1059 1484 respondebant.
1132 1429 1205 1473 Eoe
1244 1431 1537 1475 consuetudine

50 1490 152 1541 post
179 1485 337 1542 Regem
355 1486 509 1541 plures
534 1487 725 1531 dominos
754 1487 904 1531 habere
927 1501 1164 1542 possumus,
1193 1501 1369 1541 quorum
1393 1488 1537 1540 feodos

53 1543 328 1598 possidemus,
358 1543 435 1588 sed
464 1544 533 1587 illi
552 1545 682 1598 fidem
702 1545 1006 1598 principaliter
1025 1544 1299 1587 observamus.
1345 1543 1396 1588 Si
1423 1545 1535 1587 iudi-

57 1613 202 1644 camus
231 1599 306 1644 hoc
326 1614 413 1644 esse
438 1601 758 1656 turpitudinem,
780 1601 991 1645 deleamus
1014 1600 1364 1644 consuetudinem.
1409 1600 1534 1644 Nunc

59 1660 199 1700 autem
226 1656 481 1713 Imperator,
510 1658 595 1702 sibi
637 1659 797 1713 timens,
843 1662 1032 1701 nostrum
1072 1657 1251 1711 requirit
1290 1657 1532 1700 kmninium.

0 1747 2 1751 ,
59 1713 109 1757 Si
137 1727 236 1769 erqo
265 1717 389 1768 turpe
417 1718 477 1758 est
503 1728 582 1758 nos
610 1715 663 1758 ab
693 1729 738 1758 eo
767 1715 917 1767 timeri,
955 1715 994 1758 si
1024 1713 1286 1758 inhonestum
1321 1714 1430 1768 quod
1457 1715 1533 1756 mi-

59 1770 233 1814 noribus
254 1770 451 1824 facimus,
480 1785 559 1815 nos
581 1772 724 1825 facere
747 1771 1013 1826 Imperatori,
1045 1771 1305 1814 dimittamus
1321 1773 1534 1813 consuetu-

57 1828 215 1871 dinem.
273 1826 324 1871 Si
352 1841 448 1872 vero
475 1832 609 1872 metus
636 1828 931 1882 Imperatoris,
960 1827 1025 1871 vel
1056 1840 1145 1870 mos
1171 1829 1340 1869 nostrae
1367 1840 1532 1870 consue-

56 1884 232 1937 tudinis,
260 1898 334 1928 nec
364 1884 476 1940 Reyi
500 1885 609 1938 facit
636 1885 855 1936 iniuriam,
883 1898 957 1928 nec
985 1884 1106 1927 nobis
1123 1882 1424 1934 verecundiam,
1457 1883 1531 1926 ad-

57 1941 316 1995 quiescamus
343 1945 514 1985 nostrae
541 1942 846 1996 consuetudini,
875 1955 957 1995 pro
987 1945 1129 1984 nostro
1158 1939 1366 1982 commodo
1386 1940 1531 1993 provi-

57 1997 201 2040 dentes
226 1998 393 2042 itineris
419 1999 669 2042 necessitati.
710 1998 843 2041 Nemo
873 2001 1061 2041 nostrum
1088 1997 1203 2039 novit
1231 1995 1339 2038 hano
1364 1999 1530 2039 terram.

55 2053 198 2109 Iyitur
225 2067 331 2108 opus
358 2058 420 2098 est
446 2055 571 2099 duce.-
607 2059 755 2099 contra
774 2068 975 2110 payanos
1000 2064 1288 2108 properamu8‚
1324 2050 1531 2095 Christia-

55 2124 207 2154 norum
242 2114 414 2154 utamur
444 2126 568 2165 pace.
625 2112 764 2155 Verba
796 2111 896 2154 sunt
925 2110 1080 2154 Odonis
1121 2109 1171 2151 de
1201 2107 1368 2162 Diogilo
1398 2108 1470 2151 lib.
1489 2108 1529 2150 4.

57 2179 164 2222 quae
192 2167 271 2211 hoc
298 2167 390 2211 loco
420 2168 602 2223 proferre
632 2168 824 2211 duximus
862 2180 1008 2222 operae
1036 2165 1254 2221 praetium,
1286 2165 1334 2228 ut
1361 2164 1529 2207 tandem

57 2223 230 2276 constet,
261 2224 413 2279 quibus
441 2224 541 2268 fulti
571 2225 804 2268 rationibus
823 2224 1019 2267 Proceres
1049 2221 1179 2265 nostri
1199 2220 1344 2263 Alexio
1377 2221 1419 2263 et
1438 2220 1532 2263 Ma-

56 2279 170 2323 nueli
198 2280 526 2336 Imperatoribus
557 2280 1031 2335 Constantinopolitanis
1066 2277 1297 2321 hominium
1334 2277 1376 2319 et
1405 2276 1528 2319 clien-

56 2336 185 2379 telam
213 2337 426 2391 praaetare
453 2351 537 2380 non
565 2338 861 2381 recusaverint.

191 2392 508 2447 Kassauwvog]
540 2394 653 2437 Edit.
670 2394 846 2437 Hoesch.
877 2391 1002 2435 habet
1028 2389 1350 2443 Βοϊβαλίωνος.
1382 2388 1573 2453 LocUS,D

54 2450 105 2492 ut
135 2449 300 2493 videtur
327 2450 558 2506 Dyrrachio
587 2451 760 2502 vicinus,
791 2450 834 2492 in
868 2449 943 2491 has
986 2447 1094 2490 enim
1137 2446 1282 2501 plagas
1323 2444 1530 2509 appuhsse

56 2506 347 2606 Boemundtssm
382 2508 596 2551 testantur
623 2505 872 2550 Tudebodus
895 2505 967 2547 lib.
991 2505 1028 2546 1.
1059 2503 1257 2546 Albertus
1286 2502 1367 2556 Aq.
1395 2500 1468 2544 hb.
1489 2501 1528 2542 2.

58 2575 107 2606 ca
138 2597 148 2606 .
172 2563 237 2606 18.
267 2575 290 2606 e
337 2563 425 2607 alii.

109 2575 136 2618 p
191 2614 350 2675 Κόμης
378 2619 677 2676 Πρεβέντζης]
719 2617 980 2661 Raimundus
1009 2613 1253 2658 Provinciae
1286 2614 1327 2657 et
1357 2613 1576 2677 Tolosa-en

57 2674 216 2731 Comes,
253 2676 327 2732 qui
367 2690 463 2720 mox
505 2677 653 2720 Annae
696 2669 941 2729 Ἰσαγγέλης,
985 2684 1056 2714 seu
1101 2670 1245 2734 Comes
1276 2669 1319 2713 S.
1350 2668 1529 2724 Aegidii,

6 2777 12 2782 ,
55 2731 277 2776 Fulcherio
304 2733 378 2776 lib.
398 2734 436 2776 1.
468 2745 556 2788 cap.
578 2735 617 2776 2.
649 2731 792 2776 Comes
819 2727 1112 2779 Prouincialis,
1152 2726 1246 2769 alus
1277 2723 1422 2770 Comes
1453 2725 1530 2789 To:

55 2788 171 2832 losae
197 2789 446 2844 appellatur.
500 2790 667 2833 Profert
687 2787 871 2831 Catellus
890 2785 1085 2840 Diploma
1104 2782 1285 2826 eiusdem
1304 2780 1531 2825 Raimundl

0 2853 10 2869 ¹*
60 2845 113 2888 A.
143 2855 421 2891 MLxxxvm.
463 2845 520 2890 In
548 2859 628 2902 quo
658 2844 799 2889 Comes
821 2842 1005 2894 Tolosae,
1024 2839 1130 2884 Dux
1147 2839 1387 2895 Narbonae,
1404 2837 1529 2880 Mar-
