1734 3120
538 207 806 245 ALEXIADIS
834 207 929 243 Lm.
956 207 1043 242 XII.
1071 204 1111 242 9.
1486 199 1564 240 171

73 321 346 381 κατάκροτον
374 325 710 370 ἑπικτυποῖσαν
736 327 836 377 ταῖς
864 327 956 368 τῶν
984 325 1153 368 κωπῶν
1181 325 1405 380 συνεχέσιν
1429 325 1568 381 ἐπεμ-

72 394 241 449 βολαῒς,
273 390 419 451 κύκλῳ
449 393 497 437 δὲ
525 395 605 437 τοῦ
632 389 846 437 τοιούτου
864 389 1029 437 στόλου
1056 389 1273 448 συντάξας
1300 391 1568 450 στρογγύλας

72 465 178 522 νῆας
206 462 257 518 ἕξ
280 460 490 518 ἑκατέρου
518 461 683 518 μέρους
715 458 927 519 καθάπερ
959 462 1203 519 περίβολον
1230 459 1358 515 ἐντὸς
1383 460 1463 507 τὸν
1479 480 1567 506 πο-

71 528 253 587 λεμικὸν
283 531 504 575 συνέκλειε
533 528 710 575 στόλον.
762 530 836 574 καὶ
866 525 995 583 εἶπες
1014 527 1069 574 ἶὶν
1098 527 1208 575 ἰδών
1226 531 1299 574 καὶ
1320 528 1568 588 πόρρωθεν

35 594 164 645 5ἅπό
190 601 390 652 σκοπιᾶς
417 595 701 655 θεασάμενος
720 599 855 643 πόλιν
884 594 997 643 εἶναι
1017 596 1279 643 διαπόντιον
1296 597 1376 656 τὴν
1405 599 1568 643 πλέου-

69 683 152 713 σαν
186 668 458 712 νατστολίαν.
505 668 778 723 συνεπέβαλε
807 664 887 724 γάρ
917 685 961 712 τι
991 668 1065 712 καὶ
1093 665 1148 712 τά
1169 671 1249 727 τῆς
1275 665 1408 726 τύχης
1433 663 1567 726 αὐτῷ.

73 737 148 781 καὶ
177 734 258 794 γὰρ
286 734 315 795 ἥ
335 753 383 794 γε
414 734 624 781 θάλασσα
650 731 901 792 ,ἅκύμαντος
932 728 995 795 ἦν,
1028 735 1068 781 εἱ
1098 734 1160 795 μὴ
1191 733 1300 781 ὅσον
1341 734 1462 787 κατὰ
1490 735 1569 781 τὸν

71 802 202 849 νότον
230 805 502 865 ἒπέφρισσεν
530 798 668 861 αἴρας
704 805 868 862 λιγείας
905 801 1205 863 ὲπιπνεοῦσης
1243 806 1317 849 καὶ
1357 803 1464 850 ὅσον
1500 805 1569 861 ἐξ·

70 869 285 932 ογκοῦσης
327 870 384 917 τὰ
423 876 515 917 τῶν
558 870 762 918 ὁλκάδων
804 870 936 918 ἱστία.
983 873 1131 917 ἐποίει
1174 870 1254 931 γὰρ
1288 873 1455 926 ἐκείνας
1488 874 1610 930 μὲνΟ

12 954 57 988 10
69 937 395 999 σι’·ριοδρομεῖν,
426 939 507 995 τὰς
536 943 574 986 δ’
606 942 900 999 ἑρεσσομένας
927 959 1018 986 των
1048 944 1164 1000 νηῶν
1200 945 1299 994 ταῖς
1327 939 1570 996 πλεούσαις

67 1006 374 1067 ευθιδρομεῖν
410 1011 485 1055 καὶ
515 1008 678 1067 κρότον
718 1009 985 1067 ἑξάκοιστον
1014 1011 1087 1055 καὶ
1115 1028 1162 1055 εν
1189 1010 1312 1069 μέσῳ
1347 1008 1570 1068 πελάγοις

67 1082 149 1125 τοῦ
178 1075 486 1136 Ἁδριαντικοῦ
512 1078 738 1136 ἑκατέραις
770 1085 870 1133 ταῖς
899 1075 1105 1160 ἠπείροις
1130 1073 1268 1137 ηχεῖν.
1335 1078 1479 1132 οὕτως
1517 1071 1570 1140 ἦν

68 1149 220 1205 θέαμα
246 1146 461 1205 θάμβους
487 1142 613 1205 αξιον
640 1147 665 1193 ὁ
698 1146 970 1231 βαρβαρικὸς
998 1166 1131 1202 οιτος
1157 1145 1319 1201 στόλος
1346 1151 1428 1194 τοῦ
1458 1151 1569 1193 Βαι-

66 1214 275 1298 poorw'v,
306 1234 358 1261 ον
386 1215 427 1262 εἶ
455 1217 529 1262 καὶ
558 1235 602 1263 οι
643 1218 750 1274 περὶ
782 1235 888 1271 τοις
917 1214 1320 1277 Κοντοστεφάνους
1354 1211 1568 1275 ωρρώδη-

9 1298 54 1333 15
66 1303 160 1339 σαν,
193 1302 275 1330 ουκ
303 1282 359 1329 ἂν
386 1286 653 1345 μεμψαίμην
682 1280 772 1331 οὔτ’
796 1283 852 1330 ἂν
880 1286 1046 1339 δειλίας
1063 1303 1169 1338 τους
1199 1286 1359 1341 ἄνδρας
1377 1287 1567 1343 γραφαί-

66 1371 164 1412 μην.
224 1354 299 1401 καὶ
326 1353 408 1412 γὰρ
436 1372 490 1398 αν
516 1357 679 1399 τοῦτον
708 1355 782 1399 καὶ
813 1352 895 1399 τὸν
935 1352 1085 1408 οὕτως
1115 1353 1275 1410 ἔχοντα
1303 1351 1467 1400 στόλον
1494 1355 1566 1399 καὶ

122 1417 136 1434 >

66 1420 91 1467 ό
121 1420 462 1480 Λργοναυτικὸς
490 1423 660 1476 ἐκεῖνος
682 1423 897 1468 ἐδεδοίκει
926 1419 1099 1476 στόλος,
1131 1421 1191 1482 w}
1223 1421 1291 1468 ὅτι
1322 1440 1370 1481 γε
1393 1427 1610 1469 Κοντο-Ι)

64 1490 278 1551 στέφανοι
322 1492 396 1536 καὶ
440 1493 736 1551 Λαντοῦλφοι
775 1492 848 1536 καὶ
892 1493 1093 1537 τοιοῦτοί
1137 1510 1263 1546 τινες.
1324 1490 1350 1538 ὁ
1379 1490 1466 1551 γάρ
1494 1510 1565 1537 τοι

64 1561 367 1618 Λαποῦλφος
407 1557 488 1605 τὸν
531 1563 813 1617 Βαϊμοῦντον
860 1558 1145 1617 θεασάμενος
1189 1559 1308 1606 οὕτω
1368 1563 1568 1620 φρικτῶς

1376 1627 1389 1644 (

0 1625 448 1685 ι2οδιαπλωϊζόμενον
495 1627 608 1685 μετὰ
651 1628 947 1690 Ιπερισφύριον
986 1627 1207 1682 ὁλκάδων,
1259 1627 1321 1683 ὥς
1364 1646 1389 1674 ο
1436 1627 1568 1687 λόγος

66 1693 253 1756 φθάσας
282 1694 506 1756 ἐδήλωσεν
533 1693 860 1755 ἀκριβέστερον,
893 1699 995 1743 ἐπεὶ
1025 1693 1106 1755 οὔχ
1136 1694 1237 1752 οἷός
1264 1716 1314 1743 τε
1342 1699 1459 1756 πρὸς
1490 1715 1567 1743 το·-
1602 1692 1604 1695 ’

200 1853 236 1889 4.
265 1854 451 1889 συνέκλειε
479 1853 555 1900 FC,
583 1856 794 1891 συνέκλεισε
818 1854 861 1890 Ρ.
996 1855 1031 1891 6.
1057 1852 1102 1889 τὰ
1130 1854 1203 1897 FC,
1228 1852 1271 1890 τὸ
1296 1854 1337 1890 P.
1463 1855 1496 1891 7.
1522 1867 1566 1900 γε

201 1902 352 1949 scripsi:
376 1914 415 1938 τε
439 1902 479 1938 Ρ.
592 1905 626 1939 8.
655 1904 889 1952 ἐπεφρίασεν
910 1903 951 1949 P,
977 1904 1136 1940 correxi.
1236 1904 1295 1939 10.
1320 1903 1356 1938 δ’
1381 1903 1427 1947 F,
1454 1903 1497 1938 δὲ
1522 1903 1565 1940 Ρ.

65 2063 155 2099 gum
177 2063 266 2087 vero
291 2054 437 2088 tantam
463 2053 623 2099 copiam,
647 2056 692 2089 ut
719 2065 899 2100 magnum
926 2065 1059 2089 sonum
1088 2052 1354 2100 fragoremque
1377 2052 1567 2099 frequenti

65 2112 255 2136 remorum
293 2101 404 2147 pulsu
441 2101 606 2137 ederent.
658 2114 770 2148 quam
809 2102 961 2148 quidem
997 2102 1148 2139 classem
1187 2101 1365 2148 cingebat
1391 2102 1567 2138 rotundis

66 2148 324 2195 compluribus
351 2150 521 2191 navibus,
543 2150 681 2196 quibus
705 2151 788 2197 ipsa
812 2150 1004 2197 expeditio
1029 2150 1136 2197 quasi
1155 2150 1372 2194 vallaretur,
1395 2150 1507 2196 plane
1522 2154 1567 2186 ut

0 2222 7 2228 ι
66 2198 99 2233 si
122 2198 208 2244 quis
244 2197 293 2234 de
316 2198 470 2244 specula
501 2202 694 2234 natantem
720 2199 851 2245 procul
875 2200 1029 2236 classem
1055 2199 1298 2245 prospiceret,
1325 2199 1459 2234 urbem
1482 2210 1566 2235 eam

66 2258 146 2282 esee
170 2246 211 2282 in
228 2247 325 2282 mari
344 2247 455 2282 sitam
475 2250 639 2293 putaret.
666 2249 795 2294 quain
814 2259 855 2283 re
872 2247 1150 2294 quodammodo
1172 2259 1256 2282 eum
1282 2247 1393 2283 etiam
1414 2247 1568 2283 fortuna

66 2294 223 2331 adiuvit.
261 2294 337 2331 fuit
352 2297 450 2331 enim
469 2307 572 2331 mare
588 2299 681 2332 tunc
697 2296 957 2342 tranquillum.
972 2308 1047 2332 uno
1064 2300 1155 2332 noto
1169 2296 1208 2331 in
1224 2299 1374 2331 tantum
1391 2295 1507 2332 flante
1523 2300 1567 2332 ut

66 2355 169 2379 mare
194 2343 467 2380 inhorresceret
493 2347 532 2379 et
547 2345 806 2380 onerariarum
831 2345 913 2380 vela
936 2345 1204 2390 implerentur3
1230 2356 1305 2390 quo
1332 2344 1473 2379 factum
1498 2348 1566 2389 est,

64 2395 109 2427 ut
121 2391 190 2427 hae
216 2391 377 2428 secundo
401 2395 515 2428 vento
540 2405 692 2428 cursum
712 2397 897 2436 tenerent,
916 2394 1029 2429 remis
1045 2405 1134 2429 vero
1150 2396 1234 2429 aeta
1250 2393 1402 2438 navigia
1418 2392 1564 2439 aequali

67 2451 216 2486 semper
241 2441 290 2476 ab
314 2440 391 2476 illis
414 2441 596 2477 distantia
622 2441 812 2478 ferrentur
840 2445 879 2478 et
902 2454 947 2477 ex
973 2442 1097 2478 medio
1122 2441 1220 2477 mari
1234 2441 1432 2477 Adriatico
1448 2453 1566 2488 usque

65 2488 111 2524 ad
137 2488 366 2524 continentis
391 2490 589 2535 utriusque
614 2490 747 2526 littora
770 2492 903 2537 ingens
930 2490 1056 2526 classis
1074 2493 1257 2536 strepitus
1281 2493 1485 2525 resonaret.
1511 2490 1565 2526 sic

66 2537 319 2583 spectaculum
347 2537 598 2574 admiratione
627 2538 785 2585 dignum
802 2539 966 2575 barbara
992 2539 1057 2574 illa
1082 2538 1155 2574 fnit
1182 2538 1310 2574 classis
1334 2538 1563 2583 Boemundi;

64 2596 160 2631 quae
185 2586 217 2620 si
246 2585 558 2632 Contostephanis
594 2590 779 2623 terrorem
821 2587 1022 2628 iniecisset,
1055 2599 1117 2622 eos
1144 2599 1219 2622 non
1251 2586 1563 2632 reprehenderem

64 2645 186 2679 neque
217 2634 389 2681 ignaviae
416 2636 517 2671 viros
550 2636 817 2672 insimularem.
868 2635 1051 2672 eiusmodi
1085 2636 1185 2671 enim
1219 2635 1347 2670 elassis
1371 2638 1484 2681 atque
1509 2635 1563 2670 ita

65 2682 253 2718 instructa
281 2683 396 2719 etiam
422 2684 717 2730 Argonautieam
753 2685 853 2719 illam
883 2685 1019 2719 timore
1045 2683 1278 2729 perculisset,
1309 2683 1447 2719 nedum
1470 2683 1562 2719 Con·

65 2730 307 2776 tostephanos
330 2735 369 2767 et
392 2730 627 2778 Lantulphos
651 2733 743 2768 istos
769 2733 935 2778 aliosque
961 2731 1145 2768 eiusmodi
1170 2732 1280 2768 viros.
1322 2731 1562 2777 Lautulphus

63 2779 163 2814 enim
198 2791 287 2814 cum
322 2779 578 2821 Boemundum
608 2785 685 2816 tam
718 2781 883 2816 terribili
920 2780 1031 2816 modo
1063 2784 1277 2816 extructum
1315 2792 1401 2816 cum
1433 2781 1561 2815 vastis·

65 2827 169 2862 simis
191 2828 384 2871 onerariis,
409 2832 454 2864 ut
477 2829 693 2865 distinctius
718 2841 832 2875 supra
863 2830 1115 2874 exposuimus,
1152 2828 1389 2864 invehentem
1416 2828 1562 2863 videret

75 2887 118 2912 ac
144 2875 298 2912 minime
324 2888 394 2924 par
418 2880 526 2920 esset,
552 2878 620 2925 qui
643 2890 727 2914 cum
753 2882 861 2916 tanto
878 2879 1044 2914 exercitu
1071 2877 1257 2924 proelium
1273 2877 1400 2924 iniret,
1413 2877 1564 2923 paulum
