<?xml version="1.0" encoding="UTF-8"?>
<!DOCTYPE html PUBLIC "-//W3C//DTD XHTML 1.0 Transitional//EN"
    "http://www.w3.org/TR/xhtml1/DTD/xhtml1-transitional.dtd">
<html xmlns="http://www.w3.org/1999/xhtml" xml:lang="en" lang="en">
 <head>
  <title>
</title>
<meta http-equiv="Content-Type" content="text/html;charset=utf-8" />
  <meta name='ocr-system' content='tesseract 3.04.00' />
  <meta name='ocr-capabilities' content='ocr_page ocr_carea ocr_par ocr_line ocrx_word'/>
</head>
<body>
  <div class='ocr_page' id='page_1' title='image "./corpusscriptorum03niebuoft/corpusscriptorum03niebuoft_0654.png"; bbox 0 0 1806 3132; ppageno 0'>
   <div class='ocr_carea' id='block_1_1' title="bbox 290 194 1253 238">
    <p class='ocr_par' dir='ltr' id='par_1_1' title="bbox 290 194 1253 238">
     <span class='ocr_line' id='line_1_1' title="bbox 290 194 1253 238; baseline 0.003 -3"><span class='ocrx_word' id='word_1_1' title='bbox 290 194 374 236; x_wconf 85' lang='grc'><strong>636</strong></span> <span class='ocrx_word' id='word_1_2' title='bbox 602 211 605 215; x_wconf 69' lang='grc'><strong>“</strong></span> <span class='ocrx_word' id='word_1_3' title='bbox 808 203 986 238; x_wconf 87' lang='lat' dir='ltr'>OAROLI</span> <span class='ocrx_word' id='word_1_4' title='bbox 1013 203 1253 238; x_wconf 79' lang='lat' dir='ltr'><strong>DUGANGII</strong></span> 
     </span>
    </p>
   </div>
   <div class='ocr_carea' id='block_1_2' title="bbox 47 313 1779 2292">
    <p class='ocr_par' dir='ltr' id='par_1_2' title="bbox 245 313 1779 430">
     <span class='ocr_line' id='line_1_2' title="bbox 245 313 1779 377; baseline 0.005 -19"><span class='ocrx_word' id='word_1_5' title='bbox 245 317 278 352; x_wconf 94' lang='lat' dir='ltr'><strong>A</strong></span> <span class='ocrx_word' id='word_1_6' title='bbox 425 313 703 375; x_wconf 81' lang='grc' dir='ltr'><strong><em>Σελεύκειαν]</em></strong></span> <span class='ocrx_word' id='word_1_7' title='bbox 763 318 825 361; x_wconf 88' lang='grc'>1)6</span> <span class='ocrx_word' id='word_1_8' title='bbox 869 318 949 361; x_wconf 90' lang='lat' dir='ltr'>hac</span> <span class='ocrx_word' id='word_1_9' title='bbox 978 318 1080 362; x_wconf 88' lang='lat' dir='ltr'>urbe</span> <span class='ocrx_word' id='word_1_10' title='bbox 1124 319 1289 373; x_wconf 86' lang='lat' dir='ltr'>praeter</span> <span class='ocrx_word' id='word_1_11' title='bbox 1321 319 1591 377; x_wconf 79' lang='lat' dir='ltr'>Geographos</span> <span class='ocrx_word' id='word_1_12' title='bbox 1630 334 1779 365; x_wconf 88' lang='lat' dir='ltr'>consu-</span> 
     </span>
     <span class='ocr_line' id='line_1_3' title="bbox 290 373 1651 430; baseline 0.003 -14"><span class='ocrx_word' id='word_1_13' title='bbox 290 373 437 417; x_wconf 88' lang='lat' dir='ltr'>lendus</span> <span class='ocrx_word' id='word_1_14' title='bbox 471 373 699 418; x_wconf 84' lang='lat' dir='ltr'>Guibertus</span> <span class='ocrx_word' id='word_1_15' title='bbox 729 375 802 418; x_wconf 92' lang='lat' dir='ltr'>lib.</span> <span class='ocrx_word' id='word_1_16' title='bbox 825 376 864 418; x_wconf 86' lang='lat'>6.</span> <span class='ocrx_word' id='word_1_17' title='bbox 896 388 985 430; x_wconf 86' lang='lat' dir='ltr'>cap.</span> <span class='ocrx_word' id='word_1_18' title='bbox 1008 376 1072 418; x_wconf 79' lang='lat'>16.</span> <span class='ocrx_word' id='word_1_19' title='bbox 1647 405 1651 410; x_wconf 91' lang='lat'><em>-</em></span> 
     </span>
    </p>

    <p class='ocr_par' dir='ltr' id='par_1_3' title="bbox 249 426 1612 489">
     <span class='ocr_line' id='line_1_4' title="bbox 249 426 1612 489; baseline 0.007 -20"><span class='ocrx_word' id='word_1_20' title='bbox 249 433 276 469; x_wconf 90' lang='lat' dir='ltr'>C</span> <span class='ocrx_word' id='word_1_21' title='bbox 422 426 659 482; x_wconf 81' lang='grc' dir='ltr'><em>Ιένούσιος</em></span> <span class='ocrx_word' id='word_1_22' title='bbox 688 427 870 489; x_wconf 79' lang='grc' dir='ltr'><strong>στόλος]</strong></span> <span class='ocrx_word' id='word_1_23' title='bbox 903 432 1022 475; x_wconf 93' lang='lat' dir='ltr'>Will.</span> <span class='ocrx_word' id='word_1_24' title='bbox 1054 432 1204 488; x_wconf 83' lang='lat' dir='ltr'>Tyrius</span> <span class='ocrx_word' id='word_1_25' title='bbox 1234 433 1307 477; x_wconf 88' lang='lat' dir='ltr'>lib.</span> <span class='ocrx_word' id='word_1_26' title='bbox 1334 435 1398 476; x_wconf 88' lang='lat'>10.</span> <span class='ocrx_word' id='word_1_27' title='bbox 1431 446 1521 489; x_wconf 90' lang='lat' dir='ltr'>cap,</span> <span class='ocrx_word' id='word_1_28' title='bbox 1544 436 1612 478; x_wconf 92' lang='lat'>28.</span> 
     </span>
    </p>

    <p class='ocr_par' dir='ltr' id='par_1_4' title="bbox 47 484 1778 872">
     <span class='ocr_line' id='line_1_5' title="bbox 47 484 1778 546; baseline 0.005 -19"><span class='ocrx_word' id='word_1_29' title='bbox 47 495 273 542; x_wconf 78' lang='lat' dir='ltr'>Pag.339.c</span> <span class='ocrx_word' id='word_1_30' title='bbox 422 484 689 546; x_wconf 78' lang='grc' dir='ltr'><strong><em>Μἀρκάπιν]</em></strong></span> <span class='ocrx_word' id='word_1_31' title='bbox 721 489 963 544; x_wconf 86' lang='lat' dir='ltr'>Legendum</span> <span class='ocrx_word' id='word_1_32' title='bbox 994 485 1256 543; x_wconf 79' lang='grc' dir='ltr'><em>Μαρκάτιν;</em></span> <span class='ocrx_word' id='word_1_33' title='bbox 1287 491 1350 533; x_wconf 87' lang='lat' dir='ltr'>est</span> <span class='ocrx_word' id='word_1_34' title='bbox 1381 491 1491 534; x_wconf 89' lang='lat' dir='ltr'>enim</span> <span class='ocrx_word' id='word_1_35' title='bbox 1521 492 1620 535; x_wconf 88' lang='lat' dir='ltr'>urbs</span> <span class='ocrx_word' id='word_1_36' title='bbox 1648 493 1778 536; x_wconf 87' lang='lat' dir='ltr'>mari-</span> 
     </span>
     <span class='ocr_line' id='line_1_6' title="bbox 282 543 1778 603; baseline 0.004 -16"><span class='ocrx_word' id='word_1_37' title='bbox 282 543 402 597; x_wconf 90' lang='lat' dir='ltr'>tima,</span> <span class='ocrx_word' id='word_1_38' title='bbox 436 544 575 588; x_wconf 90' lang='lat' dir='ltr'>vicina</span> <span class='ocrx_word' id='word_1_39' title='bbox 605 545 852 597; x_wconf 87' lang='lat' dir='ltr'>Maracleae,</span> <span class='ocrx_word' id='word_1_40' title='bbox 875 545 1087 598; x_wconf 89' lang='lat' dir='ltr'>Valeniae,</span> <span class='ocrx_word' id='word_1_41' title='bbox 1120 545 1284 589; x_wconf 85' lang='lat' dir='ltr'>Gabulo</span> <span class='ocrx_word' id='word_1_42' title='bbox 1312 547 1388 590; x_wconf 91' lang='lat' dir='ltr'>etc.</span> <span class='ocrx_word' id='word_1_43' title='bbox 1422 561 1549 603; x_wconf 85' lang='lat' dir='ltr'>quam</span> <span class='ocrx_word' id='word_1_44' title='bbox 1583 547 1778 593; x_wconf 76' lang='lat' dir='ltr'><em>Castrum</em></span> 
     </span>
     <span class='ocr_line' id='line_1_7' title="bbox 282 600 1774 660; baseline 0.005 -18"><span class='ocrx_word' id='word_1_45' title='bbox 282 600 494 656; x_wconf 70' lang='lat' dir='ltr'>Maryath</span> <span class='ocrx_word' id='word_1_46' title='bbox 532 602 660 658; x_wconf 88' lang='lat' dir='ltr'>vulgo</span> <span class='ocrx_word' id='word_1_47' title='bbox 708 602 860 645; x_wconf 88' lang='lat' dir='ltr'>vocant</span> <span class='ocrx_word' id='word_1_48' title='bbox 904 602 1082 646; x_wconf 86' lang='lat' dir='ltr'>lacobus</span> <span class='ocrx_word' id='word_1_49' title='bbox 1128 602 1178 646; x_wconf 90' lang='lat' dir='ltr'>de</span> <span class='ocrx_word' id='word_1_50' title='bbox 1200 603 1390 647; x_wconf 85' lang='lat' dir='ltr'>Vitriaco</span> <span class='ocrx_word' id='word_1_51' title='bbox 1424 605 1498 648; x_wconf 86' lang='lat' dir='ltr'>lib.</span> <span class='ocrx_word' id='word_1_52' title='bbox 1526 606 1562 648; x_wconf 94' lang='lat'>1.</span> <span class='ocrx_word' id='word_1_53' title='bbox 1595 618 1683 660; x_wconf 90' lang='lat' dir='ltr'>cap.</span> <span class='ocrx_word' id='word_1_54' title='bbox 1706 607 1774 650; x_wconf 88' lang='grc'>44.</span> 
     </span>
     <span class='ocr_line' id='line_1_8' title="bbox 284 657 1775 716; baseline 0.005 -17"><span class='ocrx_word' id='word_1_55' title='bbox 284 657 436 713; x_wconf 82' lang='lat' dir='ltr'>Tyrius</span> <span class='ocrx_word' id='word_1_56' title='bbox 470 658 544 701; x_wconf 89' lang='lat' dir='ltr'>lib.</span> <span class='ocrx_word' id='word_1_57' title='bbox 564 660 602 701; x_wconf 88' lang='lat'>7.</span> <span class='ocrx_word' id='word_1_58' title='bbox 633 672 721 714; x_wconf 86' lang='lat' dir='ltr'>cap.</span> <span class='ocrx_word' id='word_1_59' title='bbox 747 659 813 702; x_wconf 88' lang='lat'>17.</span> <span class='ocrx_word' id='word_1_60' title='bbox 841 658 1027 702; x_wconf 86' lang='lat' dir='ltr'>Sanutus</span> <span class='ocrx_word' id='word_1_61' title='bbox 1056 659 1129 703; x_wconf 90' lang='lat' dir='ltr'>lib.</span> <span class='ocrx_word' id='word_1_62' title='bbox 1152 661 1190 702; x_wconf 88' lang='lat'>3.</span> <span class='ocrx_word' id='word_1_63' title='bbox 1218 660 1329 715; x_wconf 84' lang='lat' dir='ltr'>part.</span> <span class='ocrx_word' id='word_1_64' title='bbox 1354 662 1418 704; x_wconf 92' lang='grc'>14.</span> <span class='ocrx_word' id='word_1_65' title='bbox 1451 674 1540 716; x_wconf 84' lang='lat' dir='ltr'>cap.</span> <span class='ocrx_word' id='word_1_66' title='bbox 1563 664 1602 705; x_wconf 90' lang='lat'>2.</span> <span class='ocrx_word' id='word_1_67' title='bbox 1635 664 1675 706; x_wconf 91' lang='lat' dir='ltr'>et</span> <span class='ocrx_word' id='word_1_68' title='bbox 1697 663 1775 706; x_wconf 91' lang='lat' dir='ltr'>Ai-</span> 
     </span>
     <span class='ocr_line' id='line_1_9' title="bbox 282 714 1775 771; baseline 0.004 -14"><span class='ocrx_word' id='word_1_69' title='bbox 282 714 438 757; x_wconf 88' lang='lat' dir='ltr'>thonus</span> <span class='ocrx_word' id='word_1_70' title='bbox 469 727 557 770; x_wconf 88' lang='lat' dir='ltr'>cap.</span> <span class='ocrx_word' id='word_1_71' title='bbox 581 716 648 758; x_wconf 89' lang='lat'>59.</span> <span class='ocrx_word' id='word_1_72' title='bbox 691 715 955 758; x_wconf 75' lang='lat' dir='ltr'>Describitur</span> <span class='ocrx_word' id='word_1_73' title='bbox 984 728 1081 759; x_wconf 89' lang='lat' dir='ltr'>vero</span> <span class='ocrx_word' id='word_1_74' title='bbox 1123 717 1189 760; x_wconf 88' lang='lat' dir='ltr'>sat</span> <span class='ocrx_word' id='word_1_75' title='bbox 1219 717 1409 771; x_wconf 90' lang='lat' dir='ltr'>pluribus</span> <span class='ocrx_word' id='word_1_76' title='bbox 1440 732 1464 761; x_wconf 90' lang='lat' dir='ltr'>a</span> <span class='ocrx_word' id='word_1_77' title='bbox 1485 719 1775 763; x_wconf 89' lang='lat' dir='ltr'>Willebrando</span> 
     </span>
     <span class='ocr_line' id='line_1_10' title="bbox 285 770 1775 828; baseline 0.004 -14"><span class='ocrx_word' id='word_1_78' title='bbox 285 770 339 814; x_wconf 90' lang='lat' dir='ltr'>ab</span> <span class='ocrx_word' id='word_1_79' title='bbox 370 770 612 828; x_wconf 87' lang='lat' dir='ltr'>Oldenborg</span> <span class='ocrx_word' id='word_1_80' title='bbox 656 772 700 814; x_wconf 91' lang='lat' dir='ltr'>in</span> <span class='ocrx_word' id='word_1_81' title='bbox 730 772 876 815; x_wconf 87' lang='lat' dir='ltr'>Itiner.</span> <span class='ocrx_word' id='word_1_82' title='bbox 923 785 1018 827; x_wconf 82' lang='lat' dir='ltr'>pag.</span> <span class='ocrx_word' id='word_1_83' title='bbox 1045 774 1137 816; x_wconf 86' lang='lat'>130.</span> <span class='ocrx_word' id='word_1_84' title='bbox 1199 774 1347 817; x_wconf 84' lang='lat' dir='ltr'>Eiusce</span> <span class='ocrx_word' id='word_1_85' title='bbox 1393 774 1532 818; x_wconf 82' lang='lat' dir='ltr'>Castri</span> <span class='ocrx_word' id='word_1_86' title='bbox 1573 776 1775 820; x_wconf 91' lang='lat' dir='ltr'>Dominos</span> 
     </span>
     <span class='ocr_line' id='line_1_11' title="bbox 286 827 886 872; baseline 0.002 -2"><span class='ocrx_word' id='word_1_87' title='bbox 286 827 433 870; x_wconf 87' lang='lat' dir='ltr'>damus</span> <span class='ocrx_word' id='word_1_88' title='bbox 464 828 508 870; x_wconf 91' lang='lat' dir='ltr'>in</span> <span class='ocrx_word' id='word_1_89' title='bbox 537 829 690 872; x_wconf 87' lang='lat' dir='ltr'>Famil.</span> <span class='ocrx_word' id='word_1_90' title='bbox 723 829 886 872; x_wconf 87' lang='lat' dir='ltr'>Hieros.</span> 
     </span>
    </p>

    <p class='ocr_par' dir='ltr' id='par_1_5' title="bbox 244 881 1776 2292">
     <span class='ocr_line' id='line_1_12' title="bbox 244 881 1776 943; baseline 0.006 -18"><span class='ocrx_word' id='word_1_91' title='bbox 244 887 271 923; x_wconf 87' lang='lat' dir='ltr'>C</span> <span class='ocrx_word' id='word_1_92' title='bbox 419 881 621 939; x_wconf 81' lang='grc' dir='ltr'><strong><em>Γάβαλα]</em></strong></span> <span class='ocrx_word' id='word_1_93' title='bbox 669 885 893 938; x_wconf 74' lang='lat' dir='ltr'>Gabalum,</span> <span class='ocrx_word' id='word_1_94' title='bbox 935 886 1034 930; x_wconf 87' lang='lat' dir='ltr'>urbs</span> <span class='ocrx_word' id='word_1_95' title='bbox 1065 886 1323 943; x_wconf 85' lang='lat' dir='ltr'>Coelesyriae</span> <span class='ocrx_word' id='word_1_96' title='bbox 1353 889 1581 942; x_wconf 88' lang='lat' dir='ltr'>maritima,</span> <span class='ocrx_word' id='word_1_97' title='bbox 1615 903 1638 934; x_wconf 86' lang='lat' dir='ltr'>a</span> <span class='ocrx_word' id='word_1_98' title='bbox 1669 891 1776 934; x_wconf 88' lang='lat' dir='ltr'>Lao·</span> 
     </span>
     <span class='ocr_line' id='line_1_13' title="bbox 283 940 1773 995; baseline 0.005 -12"><span class='ocrx_word' id='word_1_99' title='bbox 283 940 401 984; x_wconf 89' lang='lat' dir='ltr'>dicea</span> <span class='ocrx_word' id='word_1_100' title='bbox 424 942 489 984; x_wconf 90' lang='lat'>12.</span> <span class='ocrx_word' id='word_1_101' title='bbox 512 943 765 986; x_wconf 84' lang='lat' dir='ltr'>milliaribus</span> <span class='ocrx_word' id='word_1_102' title='bbox 787 942 948 995; x_wconf 86' lang='lat' dir='ltr'>dissita,</span> <span class='ocrx_word' id='word_1_103' title='bbox 971 943 1018 985; x_wconf 87' lang='lat' dir='ltr'>ut</span> <span class='ocrx_word' id='word_1_104' title='bbox 1040 944 1196 987; x_wconf 89' lang='lat' dir='ltr'>habent</span> <span class='ocrx_word' id='word_1_105' title='bbox 1217 945 1393 988; x_wconf 86' lang='lat' dir='ltr'>Iacobus</span> <span class='ocrx_word' id='word_1_106' title='bbox 1426 945 1476 988; x_wconf 91' lang='lat' dir='ltr'>de</span> <span class='ocrx_word' id='word_1_107' title='bbox 1497 946 1607 989; x_wconf 89' lang='lat' dir='ltr'>Vitr.</span> <span class='ocrx_word' id='word_1_108' title='bbox 1638 947 1711 990; x_wconf 91' lang='lat' dir='ltr'>lib.</span> <span class='ocrx_word' id='word_1_109' title='bbox 1738 949 1773 990; x_wconf 91' lang='lat'>1.</span> 
     </span>
     <span class='ocr_line' id='line_1_14' title="bbox 282 999 1772 1057; baseline 0.005 -17"><span class='ocrx_word' id='word_1_110' title='bbox 282 1010 371 1052; x_wconf 88' lang='lat' dir='ltr'>cap.</span> <span class='ocrx_word' id='word_1_111' title='bbox 394 999 462 1041; x_wconf 87' lang='lat'>44.</span> <span class='ocrx_word' id='word_1_112' title='bbox 506 1000 547 1041; x_wconf 89' lang='lat' dir='ltr'>et</span> <span class='ocrx_word' id='word_1_113' title='bbox 593 999 743 1055; x_wconf 86' lang='lat' dir='ltr'>Tyrius</span> <span class='ocrx_word' id='word_1_114' title='bbox 788 999 861 1042; x_wconf 90' lang='lat' dir='ltr'>lib.</span> <span class='ocrx_word' id='word_1_115' title='bbox 883 1000 920 1042; x_wconf 91' lang='grc'><strong>7.</strong></span> <span class='ocrx_word' id='word_1_116' title='bbox 962 1012 1050 1054; x_wconf 87' lang='lat' dir='ltr'>cap.</span> <span class='ocrx_word' id='word_1_117' title='bbox 1077 1001 1141 1043; x_wconf 90' lang='lat'>17.</span> <span class='ocrx_word' id='word_1_118' title='bbox 1187 1001 1260 1045; x_wconf 90' lang='lat' dir='ltr'>lib.</span> <span class='ocrx_word' id='word_1_119' title='bbox 1286 1002 1350 1044; x_wconf 85' lang='lat'>13.</span> <span class='ocrx_word' id='word_1_120' title='bbox 1383 1015 1471 1057; x_wconf 88' lang='lat' dir='ltr'>cap.</span> <span class='ocrx_word' id='word_1_121' title='bbox 1495 1004 1562 1046; x_wconf 91' lang='lat'>27.</span> <span class='ocrx_word' id='word_1_122' title='bbox 1608 1003 1682 1047; x_wconf 89' lang='lat' dir='ltr'>lib.</span> <span class='ocrx_word' id='word_1_123' title='bbox 1708 1006 1772 1048; x_wconf 95' lang='lat'>18.</span> 
     </span>
     <span class='ocr_line' id='line_1_15' title="bbox 281 1055 1775 1115; baseline 0.004 -18"><span class='ocrx_word' id='word_1_124' title='bbox 281 1067 369 1109; x_wconf 92' lang='lat' dir='ltr'>cap.</span> <span class='ocrx_word' id='word_1_125' title='bbox 392 1055 432 1098; x_wconf 88' lang='lat'>4.</span> <span class='ocrx_word' id='word_1_126' title='bbox 463 1055 536 1099; x_wconf 88' lang='lat' dir='ltr'>lib.</span> <span class='ocrx_word' id='word_1_127' title='bbox 556 1057 623 1099; x_wconf 91' lang='lat'>20.</span> <span class='ocrx_word' id='word_1_128' title='bbox 653 1069 742 1111; x_wconf 90' lang='lat' dir='ltr'>cap.</span> <span class='ocrx_word' id='word_1_129' title='bbox 764 1057 829 1098; x_wconf 84' lang='lat'>19.</span> <span class='ocrx_word' id='word_1_130' title='bbox 863 1056 1050 1100; x_wconf 75' lang='lat' dir='ltr'>Giabala</span> <span class='ocrx_word' id='word_1_131' title='bbox 1081 1057 1237 1100; x_wconf 88' lang='lat' dir='ltr'>dicitur</span> <span class='ocrx_word' id='word_1_132' title='bbox 1258 1057 1470 1102; x_wconf 85' lang='lat' dir='ltr'>Alderisio</span> <span class='ocrx_word' id='word_1_133' title='bbox 1502 1073 1598 1115; x_wconf 85' lang='lat' dir='ltr'>pag.</span> <span class='ocrx_word' id='word_1_134' title='bbox 1619 1061 1712 1104; x_wconf 87' lang='lat'>195.</span> <span class='ocrx_word' id='word_1_135' title='bbox 1735 1063 1775 1104; x_wconf 89' lang='lat' dir='ltr'>et</span> 
     </span>
     <span class='ocr_line' id='line_1_16' title="bbox 278 1110 1772 1169; baseline 0.005 -16"><span class='ocrx_word' id='word_1_136' title='bbox 278 1111 324 1153; x_wconf 91' lang='grc'>111</span> <span class='ocrx_word' id='word_1_137' title='bbox 355 1110 558 1156; x_wconf 86' lang='lat' dir='ltr'>Chronico</span> <span class='ocrx_word' id='word_1_138' title='bbox 581 1112 739 1156; x_wconf 89' lang='lat' dir='ltr'>Orient.</span> <span class='ocrx_word' id='word_1_139' title='bbox 762 1112 898 1157; x_wconf 75' lang='lat' dir='ltr'>Gebal</span> <span class='ocrx_word' id='word_1_140' title='bbox 919 1113 1168 1169; x_wconf 86' lang='lat' dir='ltr'>Benjamino</span> <span class='ocrx_word' id='word_1_141' title='bbox 1195 1115 1340 1157; x_wconf 83' lang='lat' dir='ltr'>Tudel.</span> <span class='ocrx_word' id='word_1_142' title='bbox 1369 1115 1538 1159; x_wconf 79' lang='lat' dir='ltr'>Gavala</span> <span class='ocrx_word' id='word_1_143' title='bbox 1558 1116 1601 1159; x_wconf 90' lang='lat' dir='ltr'>in</span> <span class='ocrx_word' id='word_1_144' title='bbox 1628 1118 1772 1162; x_wconf 88' lang='lat' dir='ltr'>Itiner.</span> 
     </span>
     <span class='ocr_line' id='line_1_17' title="bbox 278 1167 1772 1226; baseline 0.005 -16"><span class='ocrx_word' id='word_1_145' title='bbox 278 1167 394 1211; x_wconf 88' lang='lat' dir='ltr'>Hier.</span> <span class='ocrx_word' id='word_1_146' title='bbox 420 1169 462 1212; x_wconf 89' lang='lat' dir='ltr'>et</span> <span class='ocrx_word' id='word_1_147' title='bbox 482 1168 671 1212; x_wconf 89' lang='lat' dir='ltr'>Arnoldo</span> <span class='ocrx_word' id='word_1_148' title='bbox 687 1170 838 1213; x_wconf 88' lang='lat' dir='ltr'>Lubec.</span> <span class='ocrx_word' id='word_1_149' title='bbox 876 1170 948 1213; x_wconf 90' lang='grc'><strong>110.</strong></span> <span class='ocrx_word' id='word_1_150' title='bbox 964 1171 1003 1213; x_wconf 85' lang='grc'>5.</span> <span class='ocrx_word' id='word_1_151' title='bbox 1026 1183 1113 1226; x_wconf 87' lang='lat' dir='ltr'>cap.</span> <span class='ocrx_word' id='word_1_152' title='bbox 1131 1173 1169 1214; x_wconf 88' lang='lat'>3.</span> <span class='ocrx_word' id='word_1_153' title='bbox 1196 1171 1401 1215; x_wconf 75' lang='lat' dir='ltr'>Gabelum</span> <span class='ocrx_word' id='word_1_154' title='bbox 1423 1173 1576 1217; x_wconf 87' lang='lat' dir='ltr'>Iacobo</span> <span class='ocrx_word' id='word_1_155' title='bbox 1598 1174 1647 1216; x_wconf 88' lang='lat' dir='ltr'>de</span> <span class='ocrx_word' id='word_1_156' title='bbox 1663 1174 1772 1218; x_wconf 89' lang='lat' dir='ltr'>Vitr.</span> 
     </span>
     <span class='ocr_line' id='line_1_18' title="bbox 278 1224 1772 1280; baseline 0.005 -13"><span class='ocrx_word' id='word_1_157' title='bbox 278 1224 350 1268; x_wconf 89' lang='lat' dir='ltr'>lib.</span> <span class='ocrx_word' id='word_1_158' title='bbox 378 1226 414 1268; x_wconf 97' lang='lat'>1.</span> <span class='ocrx_word' id='word_1_159' title='bbox 447 1238 536 1280; x_wconf 88' lang='lat' dir='ltr'>cap.</span> <span class='ocrx_word' id='word_1_160' title='bbox 559 1227 627 1269; x_wconf 84' lang='lat'>99.</span> <span class='ocrx_word' id='word_1_161' title='bbox 653 1226 874 1278; x_wconf 78' lang='lat' dir='ltr'>Gibellum,</span> <span class='ocrx_word' id='word_1_162' title='bbox 909 1226 1034 1270; x_wconf 73' lang='lat' dir='ltr'>Gibel</span> <span class='ocrx_word' id='word_1_163' title='bbox 1064 1228 1198 1271; x_wconf 88' lang='lat' dir='ltr'>eidem</span> <span class='ocrx_word' id='word_1_164' title='bbox 1227 1229 1268 1271; x_wconf 90' lang='lat' dir='ltr'>et</span> <span class='ocrx_word' id='word_1_165' title='bbox 1290 1229 1474 1272; x_wconf 88' lang='lat' dir='ltr'>Roberto</span> <span class='ocrx_word' id='word_1_166' title='bbox 1490 1230 1605 1273; x_wconf 92' lang='lat' dir='ltr'>Mon.</span> <span class='ocrx_word' id='word_1_167' title='bbox 1642 1231 1714 1275; x_wconf 91' lang='lat' dir='ltr'>lib.</span> <span class='ocrx_word' id='word_1_168' title='bbox 1734 1233 1772 1275; x_wconf 90' lang='lat'>8.</span> 
     </span>
     <span class='ocr_line' id='line_1_19' title="bbox 278 1282 1771 1342; baseline 0.005 -18"><span class='ocrx_word' id='word_1_169' title='bbox 278 1294 373 1336; x_wconf 86' lang='lat' dir='ltr'>pag.</span> <span class='ocrx_word' id='word_1_170' title='bbox 397 1283 461 1324; x_wconf 90' lang='lat'>72.</span> <span class='ocrx_word' id='word_1_171' title='bbox 491 1282 715 1326; x_wconf 80' lang='lat' dir='ltr'>Tudebodo</span> <span class='ocrx_word' id='word_1_172' title='bbox 737 1297 833 1338; x_wconf 83' lang='lat' dir='ltr'>pag.</span> <span class='ocrx_word' id='word_1_173' title='bbox 851 1285 946 1326; x_wconf 89' lang='lat'>808.</span> <span class='ocrx_word' id='word_1_174' title='bbox 977 1283 1152 1328; x_wconf 83' lang='lat' dir='ltr'>Alberto</span> <span class='ocrx_word' id='word_1_175' title='bbox 1170 1286 1252 1340; x_wconf 90' lang='lat' dir='ltr'>Aq.</span> <span class='ocrx_word' id='word_1_176' title='bbox 1275 1285 1348 1329; x_wconf 92' lang='lat' dir='ltr'>lib.</span> <span class='ocrx_word' id='word_1_177' title='bbox 1372 1287 1411 1329; x_wconf 90' lang='lat'>5.</span> <span class='ocrx_word' id='word_1_178' title='bbox 1443 1299 1531 1342; x_wconf 87' lang='lat' dir='ltr'>cap.</span> <span class='ocrx_word' id='word_1_179' title='bbox 1551 1288 1617 1330; x_wconf 84' lang='lat'>34.</span> <span class='ocrx_word' id='word_1_180' title='bbox 1640 1288 1713 1332; x_wconf 88' lang='lat' dir='ltr'>lib.</span> <span class='ocrx_word' id='word_1_181' title='bbox 1733 1290 1771 1332; x_wconf 89' lang='grc'>6.</span> 
     </span>
     <span class='ocr_line' id='line_1_20' title="bbox 279 1338 1772 1400; baseline 0.005 -19"><span class='ocrx_word' id='word_1_182' title='bbox 279 1351 366 1393; x_wconf 90' lang='lat' dir='ltr'>cap.</span> <span class='ocrx_word' id='word_1_183' title='bbox 383 1339 452 1382; x_wconf 90' lang='lat'>55.</span> <span class='ocrx_word' id='word_1_184' title='bbox 485 1338 687 1383; x_wconf 83' lang='lat' dir='ltr'>Guiberto</span> <span class='ocrx_word' id='word_1_185' title='bbox 708 1340 781 1383; x_wconf 90' lang='lat' dir='ltr'>lib.</span> <span class='ocrx_word' id='word_1_186' title='bbox 800 1341 838 1383; x_wconf 88' lang='lat'>2.</span> <span class='ocrx_word' id='word_1_187' title='bbox 863 1353 950 1395; x_wconf 86' lang='lat' dir='ltr'>cap.</span> <span class='ocrx_word' id='word_1_188' title='bbox 971 1342 1038 1383; x_wconf 84' lang='lat'>21.</span> <span class='ocrx_word' id='word_1_189' title='bbox 1059 1341 1270 1385; x_wconf 69' lang='lat' dir='ltr'>Zibellum</span> <span class='ocrx_word' id='word_1_190' title='bbox 1290 1342 1529 1387; x_wconf 88' lang='lat' dir='ltr'>Raimundo</span> <span class='ocrx_word' id='word_1_191' title='bbox 1562 1344 1612 1387; x_wconf 90' lang='lat' dir='ltr'>de</span> <span class='ocrx_word' id='word_1_192' title='bbox 1626 1345 1772 1400; x_wconf 82' lang='lat' dir='ltr'>Agiles</span> 
     </span>
     <span class='ocr_line' id='line_1_21' title="bbox 277 1396 1770 1456; baseline 0.005 -19"><span class='ocrx_word' id='word_1_193' title='bbox 277 1408 372 1450; x_wconf 87' lang='lat' dir='ltr'>pag.</span> <span class='ocrx_word' id='word_1_194' title='bbox 401 1396 493 1439; x_wconf 88' lang='lat'>165.</span> <span class='ocrx_word' id='word_1_195' title='bbox 527 1397 567 1439; x_wconf 89' lang='lat' dir='ltr'>et</span> <span class='ocrx_word' id='word_1_196' title='bbox 584 1397 731 1440; x_wconf 83' lang='lat' dir='ltr'>Ioanni</span> <span class='ocrx_word' id='word_1_197' title='bbox 758 1396 920 1440; x_wconf 88' lang='lat' dir='ltr'>Phocae</span> <span class='ocrx_word' id='word_1_198' title='bbox 941 1398 994 1440; x_wconf 89' lang='lat' dir='ltr'>N.</span> <span class='ocrx_word' id='word_1_199' title='bbox 1014 1399 1051 1441; x_wconf 90' lang='lat'>7.</span> <span class='ocrx_word' id='word_1_200' title='bbox 1083 1398 1209 1442; x_wconf 81' lang='lat' dir='ltr'>Zebel</span> <span class='ocrx_word' id='word_1_201' title='bbox 1225 1399 1357 1442; x_wconf 89' lang='lat' dir='ltr'>eidem</span> <span class='ocrx_word' id='word_1_202' title='bbox 1380 1400 1529 1444; x_wconf 83' lang='lat' dir='ltr'>Annae</span> <span class='ocrx_word' id='word_1_203' title='bbox 1559 1415 1656 1456; x_wconf 85' lang='lat' dir='ltr'>pag.</span> <span class='ocrx_word' id='word_1_204' title='bbox 1674 1403 1770 1446; x_wconf 86' lang='lat'>413.</span> 
     </span>
     <span class='ocr_line' id='line_1_22' title="bbox 276 1452 1772 1512; baseline 0.005 -18"><span class='ocrx_word' id='word_1_205' title='bbox 276 1452 386 1495; x_wconf 92' lang='lat' dir='ltr'>unde</span> <span class='ocrx_word' id='word_1_206' title='bbox 415 1452 555 1496; x_wconf 79' lang='lat' dir='ltr'>Pelles</span> <span class='ocrx_word' id='word_1_207' title='bbox 586 1453 840 1506; x_wconf 75' lang='lat' dir='ltr'>Zebellinae,</span> <span class='ocrx_word' id='word_1_208' title='bbox 875 1455 986 1509; x_wconf 91' lang='lat' dir='ltr'>quod</span> <span class='ocrx_word' id='word_1_209' title='bbox 1025 1455 1121 1498; x_wconf 85' lang='lat' dir='ltr'>inde</span> <span class='ocrx_word' id='word_1_210' title='bbox 1151 1456 1414 1500; x_wconf 86' lang='lat' dir='ltr'>Marturinae</span> <span class='ocrx_word' id='word_1_211' title='bbox 1454 1458 1581 1512; x_wconf 90' lang='lat' dir='ltr'>pelles</span> <span class='ocrx_word' id='word_1_212' title='bbox 1611 1459 1656 1501; x_wconf 91' lang='lat' dir='ltr'>in</span> <span class='ocrx_word' id='word_1_213' title='bbox 1686 1459 1772 1502; x_wconf 87' lang='lat' dir='ltr'>Eu-</span> 
     </span>
     <span class='ocr_line' id='line_1_23' title="bbox 276 1511 1772 1571; baseline 0.005 -20"><span class='ocrx_word' id='word_1_214' title='bbox 276 1521 423 1563; x_wconf 88' lang='lat' dir='ltr'>ropam</span> <span class='ocrx_word' id='word_1_215' title='bbox 454 1523 477 1552; x_wconf 89' lang='lat' dir='ltr'>a</span> <span class='ocrx_word' id='word_1_216' title='bbox 508 1511 811 1554; x_wconf 73' lang='lat' dir='ltr'>mercatoribus</span> <span class='ocrx_word' id='word_1_217' title='bbox 840 1511 1147 1555; x_wconf 76' lang='lat' dir='ltr'>inveherentur.</span> <span class='ocrx_word' id='word_1_218' title='bbox 1194 1513 1254 1555; x_wconf 83' lang='lat' dir='ltr'>Ex</span> <span class='ocrx_word' id='word_1_219' title='bbox 1283 1513 1469 1557; x_wconf 89' lang='lat' dir='ltr'>laudatis</span> <span class='ocrx_word' id='word_1_220' title='bbox 1492 1527 1614 1569; x_wconf 88' lang='lat' dir='ltr'>porro</span> <span class='ocrx_word' id='word_1_221' title='bbox 1631 1515 1772 1571; x_wconf 83' lang='lat' dir='ltr'>Scrip-</span> 
     </span>
     <span class='ocr_line' id='line_1_24' title="bbox 274 1566 1770 1616; baseline 0.005 -8"><span class='ocrx_word' id='word_1_222' title='bbox 274 1566 437 1609; x_wconf 90' lang='lat' dir='ltr'>toribus</span> <span class='ocrx_word' id='word_1_223' title='bbox 484 1568 651 1610; x_wconf 84' lang='lat' dir='ltr'>constat</span> <span class='ocrx_word' id='word_1_224' title='bbox 697 1566 852 1610; x_wconf 83' lang='lat' dir='ltr'>Gabuli</span> <span class='ocrx_word' id='word_1_225' title='bbox 900 1568 1158 1611; x_wconf 86' lang='lat' dir='ltr'>obsidionem</span> <span class='ocrx_word' id='word_1_226' title='bbox 1203 1583 1227 1612; x_wconf 87' lang='lat' dir='ltr'>a</span> <span class='ocrx_word' id='word_1_227' title='bbox 1273 1570 1388 1613; x_wconf 85' lang='lat' dir='ltr'>Duce</span> <span class='ocrx_word' id='word_1_228' title='bbox 1427 1571 1682 1615; x_wconf 86' lang='lat' dir='ltr'>Gothofredo</span> <span class='ocrx_word' id='word_1_229' title='bbox 1729 1574 1770 1616; x_wconf 89' lang='lat' dir='ltr'>et</span> 
     </span>
     <span class='ocr_line' id='line_1_25' title="bbox 274 1622 1770 1684; baseline 0.005 -20"><span class='ocrx_word' id='word_1_230' title='bbox 274 1622 523 1666; x_wconf 86' lang='lat' dir='ltr'>Flandrensi</span> <span class='ocrx_word' id='word_1_231' title='bbox 545 1623 707 1667; x_wconf 86' lang='lat' dir='ltr'>Comite</span> <span class='ocrx_word' id='word_1_232' title='bbox 737 1625 960 1677; x_wconf 72' lang='lat' dir='ltr'>tentatam,</span> <span class='ocrx_word' id='word_1_233' title='bbox 991 1626 1189 1680; x_wconf 82' lang='lat' dir='ltr'>posthaec</span> <span class='ocrx_word' id='word_1_234' title='bbox 1209 1627 1407 1670; x_wconf 88' lang='lat' dir='ltr'>omissam</span> <span class='ocrx_word' id='word_1_235' title='bbox 1438 1629 1607 1683; x_wconf 89' lang='lat' dir='ltr'>propter</span> <span class='ocrx_word' id='word_1_236' title='bbox 1628 1642 1770 1684; x_wconf 86' lang='lat' dir='ltr'>super-</span> 
     </span>
     <span class='ocr_line' id='line_1_26' title="bbox 273 1680 1769 1738; baseline 0.005 -16"><span class='ocrx_word' id='word_1_237' title='bbox 273 1680 484 1722; x_wconf 87' lang='lat' dir='ltr'>venientes</span> <span class='ocrx_word' id='word_1_238' title='bbox 515 1680 756 1733; x_wconf 85' lang='lat' dir='ltr'>Saracenos,</span> <span class='ocrx_word' id='word_1_239' title='bbox 779 1681 852 1724; x_wconf 74' lang='lat' dir='ltr'>‘ob</span> <span class='ocrx_word' id='word_1_240' title='bbox 892 1681 1016 1737; x_wconf 90' lang='lat' dir='ltr'>idque</span> <span class='ocrx_word' id='word_1_241' title='bbox 1061 1695 1156 1725; x_wconf 90' lang='lat' dir='ltr'>cum</span> <span class='ocrx_word' id='word_1_242' title='bbox 1187 1683 1382 1738; x_wconf 85' lang='lat' dir='ltr'>Principe</span> <span class='ocrx_word' id='word_1_243' title='bbox 1426 1685 1613 1728; x_wconf 87' lang='lat' dir='ltr'>civitatis</span> <span class='ocrx_word' id='word_1_244' title='bbox 1661 1686 1769 1730; x_wconf 85' lang='lat' dir='ltr'>inita</span> 
     </span>
     <span class='ocr_line' id='line_1_27' title="bbox 273 1736 1769 1787; baseline 0.005 -9"><span class='ocrx_word' id='word_1_245' title='bbox 273 1736 452 1780; x_wconf 87' lang='lat' dir='ltr'>foedera.</span> <span class='ocrx_word' id='word_1_246' title='bbox 514 1737 696 1780; x_wconf 86' lang='lat' dir='ltr'>Proinde</span> <span class='ocrx_word' id='word_1_247' title='bbox 740 1739 851 1781; x_wconf 89' lang='lat' dir='ltr'>recte</span> <span class='ocrx_word' id='word_1_248' title='bbox 890 1738 1016 1782; x_wconf 85' lang='lat' dir='ltr'>Anna</span> <span class='ocrx_word' id='word_1_249' title='bbox 1063 1739 1169 1782; x_wconf 79' lang='lat' dir='ltr'>dixit</span> <span class='ocrx_word' id='word_1_250' title='bbox 1215 1740 1436 1784; x_wconf 86' lang='lat' dir='ltr'>Saracenis</span> <span class='ocrx_word' id='word_1_251' title='bbox 1482 1742 1672 1785; x_wconf 84' lang='lat' dir='ltr'>ablatum</span> <span class='ocrx_word' id='word_1_252' title='bbox 1716 1744 1769 1787; x_wconf 91' lang='lat' dir='ltr'>ab</span> 
     </span>
     <span class='ocr_line' id='line_1_28' title="bbox 274 1792 1766 1850; baseline 0.006 -16"><span class='ocrx_word' id='word_1_253' title='bbox 274 1792 490 1836; x_wconf 86' lang='lat' dir='ltr'>Alexianis</span> <span class='ocrx_word' id='word_1_254' title='bbox 512 1793 739 1847; x_wconf 84' lang='lat' dir='ltr'>Gabulum,</span> <span class='ocrx_word' id='word_1_255' title='bbox 771 1795 882 1850; x_wconf 87' lang='lat' dir='ltr'>quod</span> <span class='ocrx_word' id='word_1_256' title='bbox 913 1795 956 1837; x_wconf 91' lang='lat' dir='ltr'>in</span> <span class='ocrx_word' id='word_1_257' title='bbox 977 1796 1237 1839; x_wconf 85' lang='lat' dir='ltr'>Francorum</span> <span class='ocrx_word' id='word_1_258' title='bbox 1267 1798 1332 1840; x_wconf 88' lang='lat' dir='ltr'>ius</span> <span class='ocrx_word' id='word_1_259' title='bbox 1364 1798 1550 1841; x_wconf 89' lang='lat' dir='ltr'>nondum</span> <span class='ocrx_word' id='word_1_260' title='bbox 1582 1803 1766 1843; x_wconf 88' lang='lat' dir='ltr'>venerat.</span> 
     </span>
     <span class='ocr_line' id='line_1_29' title="bbox 274 1849 1768 1908; baseline 0.005 -16"><span class='ocrx_word' id='word_1_261' title='bbox 274 1849 350 1892; x_wconf 84' lang='lat' dir='ltr'>Est</span> <span class='ocrx_word' id='word_1_262' title='bbox 380 1851 594 1904; x_wconf 86' lang='lat' dir='ltr'>praeterea</span> <span class='ocrx_word' id='word_1_263' title='bbox 624 1852 669 1893; x_wconf 89' lang='lat' dir='ltr'>in</span> <span class='ocrx_word' id='word_1_264' title='bbox 705 1852 847 1895; x_wconf 87' lang='lat' dir='ltr'>eodem</span> <span class='ocrx_word' id='word_1_265' title='bbox 893 1853 1034 1895; x_wconf 86' lang='lat' dir='ltr'>tractu</span> <span class='ocrx_word' id='word_1_266' title='bbox 1080 1854 1278 1908; x_wconf 91' lang='lat' dir='ltr'>oppidum</span> <span class='ocrx_word' id='word_1_267' title='bbox 1323 1854 1439 1897; x_wconf 86' lang='lat' dir='ltr'>aliud</span> <span class='ocrx_word' id='word_1_268' title='bbox 1472 1854 1648 1907; x_wconf 74' lang='lat' dir='ltr'>Gibelet,</span> <span class='ocrx_word' id='word_1_269' title='bbox 1696 1870 1768 1899; x_wconf 91' lang='lat' dir='ltr'>seu</span> 
     </span>
     <span class='ocr_line' id='line_1_30' title="bbox 276 1905 1765 1967; baseline 0.005 -18"><span class='ocrx_word' id='word_1_270' title='bbox 276 1905 442 1950; x_wconf 61' lang='lat' dir='ltr'>Gihdot</span> <span class='ocrx_word' id='word_1_271' title='bbox 470 1907 618 1950; x_wconf 83' lang='lat' dir='ltr'>iisdem</span> <span class='ocrx_word' id='word_1_272' title='bbox 641 1908 924 1963; x_wconf 86' lang='lat' dir='ltr'>Scriptoribus</span> <span class='ocrx_word' id='word_1_273' title='bbox 957 1909 1131 1962; x_wconf 89' lang='lat' dir='ltr'>dictum,</span> <span class='ocrx_word' id='word_1_274' title='bbox 1165 1909 1331 1966; x_wconf 74' lang='lat' dir='ltr'>Byblus</span> <span class='ocrx_word' id='word_1_275' title='bbox 1361 1911 1462 1954; x_wconf 91' lang='lat' dir='ltr'>olim</span> <span class='ocrx_word' id='word_1_276' title='bbox 1493 1913 1765 1967; x_wconf 85' lang='lat' dir='ltr'>appellatum,</span> 
     </span>
     <span class='ocr_line' id='line_1_31' title="bbox 274 1962 1767 2021; baseline 0.006 -17"><span class='ocrx_word' id='word_1_277' title='bbox 274 1962 391 2005; x_wconf 89' lang='lat' dir='ltr'>cuius</span> <span class='ocrx_word' id='word_1_278' title='bbox 435 1963 668 2007; x_wconf 89' lang='lat' dir='ltr'>dominium</span> <span class='ocrx_word' id='word_1_279' title='bbox 714 1965 888 2020; x_wconf 86' lang='lat' dir='ltr'>adeptus</span> <span class='ocrx_word' id='word_1_280' title='bbox 932 1967 995 2008; x_wconf 86' lang='lat' dir='ltr'>est</span> <span class='ocrx_word' id='word_1_281' title='bbox 1033 1967 1160 2021; x_wconf 86' lang='lat' dir='ltr'>Hugo</span> <span class='ocrx_word' id='word_1_282' title='bbox 1191 1967 1438 2011; x_wconf 85' lang='lat' dir='ltr'>Embriacus</span> <span class='ocrx_word' id='word_1_283' title='bbox 1467 1969 1637 2012; x_wconf 86' lang='lat' dir='ltr'>Nobilis</span> <span class='ocrx_word' id='word_1_284' title='bbox 1685 1970 1767 2013; x_wconf 86' lang='lat' dir='ltr'>Ge-</span> 
     </span>
     <span class='ocr_line' id='line_1_32' title="bbox 271 2019 1766 2078; baseline 0.005 -17"><span class='ocrx_word' id='word_1_285' title='bbox 271 2020 451 2063; x_wconf 86' lang='lat' dir='ltr'>nuensis.</span> <span class='ocrx_word' id='word_1_286' title='bbox 514 2019 728 2064; x_wconf 85' lang='lat' dir='ltr'>Gabulum</span> <span class='ocrx_word' id='word_1_287' title='bbox 773 2035 882 2073; x_wconf 84' lang='lat' dir='ltr'>vero,</span> <span class='ocrx_word' id='word_1_288' title='bbox 931 2035 1003 2065; x_wconf 84' lang='lat' dir='ltr'>seu</span> <span class='ocrx_word' id='word_1_289' title='bbox 1036 2023 1332 2067; x_wconf 73' lang='lat' dir='ltr'>Giabalensem</span> <span class='ocrx_word' id='word_1_290' title='bbox 1362 2025 1516 2078; x_wconf 76' lang='lat' dir='ltr'>urbem,</span> <span class='ocrx_word' id='word_1_291' title='bbox 1564 2028 1766 2070; x_wconf 87' lang='lat' dir='ltr'>concessit</span> 
     </span>
     <span class='ocr_line' id='line_1_33' title="bbox 271 2077 1766 2138; baseline 0.006 -20"><span class='ocrx_word' id='word_1_292' title='bbox 271 2077 538 2130; x_wconf 84' lang='lat' dir='ltr'>postmodum</span> <span class='ocrx_word' id='word_1_293' title='bbox 579 2078 1023 2134; x_wconf 86' lang='lat' dir='ltr'>Raimundus-Rupini</span> <span class='ocrx_word' id='word_1_294' title='bbox 1063 2081 1261 2135; x_wconf 85' lang='lat' dir='ltr'>Princeps</span> <span class='ocrx_word' id='word_1_295' title='bbox 1292 2081 1580 2125; x_wconf 85' lang='lat' dir='ltr'>Antiochenus</span> <span class='ocrx_word' id='word_1_296' title='bbox 1610 2083 1766 2138; x_wconf 86' lang='lat' dir='ltr'>Hospi-</span> 
     </span>
     <span class='ocr_line' id='line_1_34' title="bbox 269 2133 1764 2194; baseline 0.006 -20"><span class='ocrx_word' id='word_1_297' title='bbox 269 2133 435 2177; x_wconf 86' lang='lat' dir='ltr'>talariis</span> <span class='ocrx_word' id='word_1_298' title='bbox 465 2134 687 2188; x_wconf 86' lang='lat' dir='ltr'>Militibus,</span> <span class='ocrx_word' id='word_1_299' title='bbox 719 2150 742 2179; x_wconf 88' lang='grc'>3</span> <span class='ocrx_word' id='word_1_300' title='bbox 777 2136 928 2191; x_wconf 88' lang='lat' dir='ltr'>quibus</span> <span class='ocrx_word' id='word_1_301' title='bbox 956 2137 999 2179; x_wconf 91' lang='lat' dir='ltr'>in</span> <span class='ocrx_word' id='word_1_302' title='bbox 1032 2138 1312 2192; x_wconf 86' lang='lat' dir='ltr'>recuperando</span> <span class='ocrx_word' id='word_1_303' title='bbox 1356 2139 1604 2194; x_wconf 87' lang='lat' dir='ltr'>Principatu</span> <span class='ocrx_word' id='word_1_304' title='bbox 1647 2142 1764 2184; x_wconf 79' lang='lat' dir='ltr'>auxi-</span> 
     </span>
     <span class='ocr_line' id='line_1_35' title="bbox 270 2189 1763 2247; baseline 0.006 -16"><span class='ocrx_word' id='word_1_305' title='bbox 270 2189 376 2232; x_wconf 91' lang='lat' dir='ltr'>lium</span> <span class='ocrx_word' id='word_1_306' title='bbox 406 2203 489 2233; x_wconf 89' lang='lat' dir='ltr'>non</span> <span class='ocrx_word' id='word_1_307' title='bbox 534 2192 741 2235; x_wconf 86' lang='lat' dir='ltr'>mediocre</span> <span class='ocrx_word' id='word_1_308' title='bbox 784 2193 1036 2236; x_wconf 88' lang='lat' dir='ltr'>submissum</span> <span class='ocrx_word' id='word_1_309' title='bbox 1083 2195 1233 2247; x_wconf 88' lang='lat' dir='ltr'>fuerat,</span> <span class='ocrx_word' id='word_1_310' title='bbox 1278 2195 1326 2237; x_wconf 90' lang='lat' dir='ltr'>ut</span> <span class='ocrx_word' id='word_1_311' title='bbox 1369 2197 1431 2238; x_wconf 87' lang='lat' dir='ltr'>est</span> <span class='ocrx_word' id='word_1_312' title='bbox 1461 2197 1506 2239; x_wconf 89' lang='lat' dir='ltr'>in</span> <span class='ocrx_word' id='word_1_313' title='bbox 1537 2197 1763 2241; x_wconf 86' lang='lat' dir='ltr'>Tabulario</span> 
     </span>
     <span class='ocr_line' id='line_1_36' title="bbox 272 2245 876 2292; baseline 0.007 -4"><span class='ocrx_word' id='word_1_314' title='bbox 272 2245 532 2290; x_wconf 90' lang='lat' dir='ltr'>Monoscensi</span> <span class='ocrx_word' id='word_1_315' title='bbox 561 2248 606 2290; x_wconf 94' lang='lat' dir='ltr'>in</span> <span class='ocrx_word' id='word_1_316' title='bbox 636 2249 876 2292; x_wconf 86' lang='lat' dir='ltr'>Provincia.</span> 
     </span>
    </p>
   </div>
   <div class='ocr_carea' id='block_1_3' title="bbox 32 2299 1762 2477">
    <p class='ocr_par' dir='ltr' id='par_1_6' title="bbox 32 2299 1762 2477">
     <span class='ocr_line' id='line_1_37' title="bbox 224 2299 1762 2361; baseline 0.007 -17"><span class='ocrx_word' id='word_1_317' title='bbox 224 2315 257 2350; x_wconf 86' lang='lat' dir='ltr'>D</span> <span class='ocrx_word' id='word_1_318' title='bbox 410 2299 640 2361; x_wconf 77' lang='grc' dir='ltr'><strong><em>Κόμητος]</em></strong></span> <span class='ocrx_word' id='word_1_319' title='bbox 682 2306 787 2349; x_wconf 84' lang='lat' dir='ltr'>Erat</span> <span class='ocrx_word' id='word_1_320' title='bbox 817 2319 864 2349; x_wconf 91' lang='lat' dir='ltr'>ea</span> <span class='ocrx_word' id='word_1_321' title='bbox 896 2307 1145 2361; x_wconf 85' lang='lat' dir='ltr'>tempestate</span> <span class='ocrx_word' id='word_1_322' title='bbox 1175 2308 1404 2352; x_wconf 86' lang='lat' dir='ltr'>Laodiceae</span> <span class='ocrx_word' id='word_1_323' title='bbox 1435 2309 1581 2353; x_wconf 83' lang='lat' dir='ltr'>Comes</span> <span class='ocrx_word' id='word_1_324' title='bbox 1611 2311 1762 2354; x_wconf 86' lang='lat' dir='ltr'>Marti-</span> 
     </span>
     <span class='ocr_line' id='line_1_38' title="bbox 271 2361 1044 2418; baseline 0.006 -17"><span class='ocrx_word' id='word_1_325' title='bbox 271 2372 359 2402; x_wconf 86' lang='lat' dir='ltr'>nus.</span> <span class='ocrx_word' id='word_1_326' title='bbox 391 2361 554 2404; x_wconf 86' lang='lat' dir='ltr'>Albert.</span> <span class='ocrx_word' id='word_1_327' title='bbox 587 2364 668 2417; x_wconf 85' lang='lat' dir='ltr'>Aq.</span> <span class='ocrx_word' id='word_1_328' title='bbox 700 2363 771 2405; x_wconf 90' lang='lat' dir='ltr'>lib.</span> <span class='ocrx_word' id='word_1_329' title='bbox 795 2364 832 2406; x_wconf 88' lang='grc'>6.</span> <span class='ocrx_word' id='word_1_330' title='bbox 866 2376 955 2418; x_wconf 85' lang='lat' dir='ltr'>cap.</span> <span class='ocrx_word' id='word_1_331' title='bbox 976 2364 1044 2406; x_wconf 92' lang='lat'>41.</span> 
     </span>
     <span class='ocr_line' id='line_1_39' title="bbox 32 2414 1758 2477; baseline 0.005 -19"><span class='ocrx_word' id='word_1_332' title='bbox 32 2424 256 2470; x_wconf 84' lang='lat' dir='ltr'>Pag.340.D</span> <span class='ocrx_word' id='word_1_333' title='bbox 404 2414 696 2477; x_wconf 72' lang='grc' dir='ltr'>Λογγινιάδα]</span> <span class='ocrx_word' id='word_1_334' title='bbox 728 2420 969 2475; x_wconf 85' lang='lat' dir='ltr'>Longinias,</span> <span class='ocrx_word' id='word_1_335' title='bbox 1003 2420 1171 2473; x_wconf 82' lang='lat' dir='ltr'>TarsuS,</span> <span class='ocrx_word' id='word_1_336' title='bbox 1204 2422 1368 2475; x_wconf 86' lang='lat' dir='ltr'>Adana,</span> <span class='ocrx_word' id='word_1_337' title='bbox 1392 2423 1605 2476; x_wconf 86' lang='lat' dir='ltr'>Mamista,</span> <span class='ocrx_word' id='word_1_338' title='bbox 1638 2425 1758 2467; x_wconf 87' lang='lat' dir='ltr'>urbes</span> 
     </span>
    </p>
   </div>
   <div class='ocr_carea' id='block_1_4' title="bbox 266 2471 1761 2866">
    <p class='ocr_par' dir='ltr' id='par_1_7' title="bbox 266 2471 1761 2866">
     <span class='ocr_line' id='line_1_40' title="bbox 271 2471 1761 2534; baseline 0.007 -20"><span class='ocrx_word' id='word_1_339' title='bbox 271 2471 453 2525; x_wconf 87' lang='lat' dir='ltr'>Ciliciae,</span> <span class='ocrx_word' id='word_1_340' title='bbox 487 2488 589 2529; x_wconf 88' lang='lat' dir='ltr'>quas</span> <span class='ocrx_word' id='word_1_341' title='bbox 623 2476 863 2519; x_wconf 87' lang='lat' dir='ltr'>Boemundo</span> <span class='ocrx_word' id='word_1_342' title='bbox 894 2478 946 2519; x_wconf 86' lang='lat' dir='ltr'>ab</span> <span class='ocrx_word' id='word_1_343' title='bbox 964 2476 1179 2521; x_wconf 86' lang='lat' dir='ltr'>Alexianis</span> <span class='ocrx_word' id='word_1_344' title='bbox 1211 2480 1372 2534; x_wconf 85' lang='lat' dir='ltr'>ereptas</span> <span class='ocrx_word' id='word_1_345' title='bbox 1401 2480 1605 2534; x_wconf 73' lang='lat' dir='ltr'>intelligit</span> <span class='ocrx_word' id='word_1_346' title='bbox 1624 2482 1761 2524; x_wconf 76' lang='lat' dir='ltr'>Autol-</span> 
     </span>
     <span class='ocr_line' id='line_1_41' title="bbox 273 2528 1758 2591; baseline 0.007 -20"><span class='ocrx_word' id='word_1_347' title='bbox 273 2528 433 2572; x_wconf 86' lang='lat' dir='ltr'>Gestor.</span> <span class='ocrx_word' id='word_1_348' title='bbox 468 2531 615 2575; x_wconf 79' lang='lat' dir='ltr'>Franc.</span> <span class='ocrx_word' id='word_1_349' title='bbox 646 2533 746 2587; x_wconf 86' lang='lat' dir='ltr'>Exp.</span> <span class='ocrx_word' id='word_1_350' title='bbox 769 2533 884 2575; x_wconf 89' lang='lat' dir='ltr'>Hier.</span> <span class='ocrx_word' id='word_1_351' title='bbox 917 2546 1006 2587; x_wconf 92' lang='lat' dir='ltr'>cap.</span> <span class='ocrx_word' id='word_1_352' title='bbox 1024 2535 1090 2576; x_wconf 88' lang='lat'>52.</span> <span class='ocrx_word' id='word_1_353' title='bbox 1114 2535 1429 2590; x_wconf 84' lang='lat' dir='ltr'>Longiniadem,</span> <span class='ocrx_word' id='word_1_354' title='bbox 1463 2550 1568 2591; x_wconf 84' lang='lat' dir='ltr'>quae</span> <span class='ocrx_word' id='word_1_355' title='bbox 1585 2538 1758 2581; x_wconf 86' lang='lat' dir='ltr'>Alberto</span> 
     </span>
     <span class='ocr_line' id='line_1_42' title="bbox 269 2586 1758 2648; baseline 0.007 -22"><span class='ocrx_word' id='word_1_356' title='bbox 269 2587 348 2640; x_wconf 90' lang='lat' dir='ltr'>Aq.</span> <span class='ocrx_word' id='word_1_357' title='bbox 382 2586 632 2642; x_wconf 71' lang='lat' dir='ltr'>Lonyinach</span> <span class='ocrx_word' id='word_1_358' title='bbox 662 2591 941 2644; x_wconf 83' lang='lat' dir='ltr'>nuncupatur,</span> <span class='ocrx_word' id='word_1_359' title='bbox 981 2591 1152 2645; x_wconf 86' lang='lat' dir='ltr'>regebat</span> <span class='ocrx_word' id='word_1_360' title='bbox 1185 2593 1438 2645; x_wconf 82' lang='lat' dir='ltr'>Bernardus,</span> <span class='ocrx_word' id='word_1_361' title='bbox 1484 2596 1758 2648; x_wconf 86' lang='lat' dir='ltr'>cognomento</span> 
     </span>
     <span class='ocr_line' id='line_1_43' title="bbox 269 2641 1758 2704; baseline 0.007 -21"><span class='ocrx_word' id='word_1_362' title='bbox 269 2641 512 2695; x_wconf 83' lang='lat' dir='ltr'>Extranens,</span> <span class='ocrx_word' id='word_1_363' title='bbox 542 2647 666 2700; x_wconf 84' lang='lat' dir='ltr'>gente</span> <span class='ocrx_word' id='word_1_364' title='bbox 697 2648 738 2688; x_wconf 91' lang='lat' dir='ltr'>et</span> <span class='ocrx_word' id='word_1_365' title='bbox 766 2646 942 2698; x_wconf 83' lang='lat' dir='ltr'>familia,</span> <span class='ocrx_word' id='word_1_366' title='bbox 975 2647 1017 2689; x_wconf 91' lang='lat' dir='ltr'>ni</span> <span class='ocrx_word' id='word_1_367' title='bbox 1045 2648 1181 2701; x_wconf 88' lang='lat' dir='ltr'>fallor,</span> <span class='ocrx_word' id='word_1_368' title='bbox 1205 2649 1400 2704; x_wconf 85' lang='lat' dir='ltr'>Anglica,</span> <span class='ocrx_word' id='word_1_369' title='bbox 1433 2651 1549 2693; x_wconf 88' lang='lat' dir='ltr'>cuius</span> <span class='ocrx_word' id='word_1_370' title='bbox 1571 2650 1758 2694; x_wconf 86' lang='lat' dir='ltr'>Stemma</span> 
     </span>
     <span class='ocr_line' id='line_1_44' title="bbox 267 2697 1753 2759; baseline 0.007 -19"><span class='ocrx_word' id='word_1_371' title='bbox 267 2697 470 2742; x_wconf 81' lang='lat' dir='ltr'>delibavit</span> <span class='ocrx_word' id='word_1_372' title='bbox 499 2701 543 2742; x_wconf 88' lang='lat' dir='ltr'>in</span> <span class='ocrx_word' id='word_1_373' title='bbox 574 2702 794 2757; x_wconf 86' lang='lat' dir='ltr'>Aspilogia</span> <span class='ocrx_word' id='word_1_374' title='bbox 826 2704 1014 2746; x_wconf 86' lang='lat' dir='ltr'>eruditus</span> <span class='ocrx_word' id='word_1_375' title='bbox 1044 2704 1335 2759; x_wconf 80' lang='lat' dir='ltr'>Spelmannus,</span> <span class='ocrx_word' id='word_1_376' title='bbox 1367 2707 1441 2748; x_wconf 86' lang='lat' dir='ltr'>aut</span> <span class='ocrx_word' id='word_1_377' title='bbox 1480 2707 1608 2749; x_wconf 87' lang='lat' dir='ltr'>etiam</span> <span class='ocrx_word' id='word_1_378' title='bbox 1647 2708 1753 2750; x_wconf 84' lang='lat' dir='ltr'>forte</span> 
     </span>
     <span class='ocr_line' id='line_1_45' title="bbox 267 2753 1751 2854; baseline 0.007 -58"><span class='ocrx_word' id='word_1_379' title='bbox 267 2753 462 2854; x_wconf 56' lang='lat' dir='ltr'>Gaffifiass·</span> <span class='ocrx_word' id='word_1_380' title='bbox 495 2771 591 2799; x_wconf 90' lang='lat' dir='ltr'>nam</span> <span class='ocrx_word' id='word_1_381' title='bbox 639 2759 680 2801; x_wconf 89' lang='lat' dir='ltr'>et</span> <span class='ocrx_word' id='word_1_382' title='bbox 724 2760 834 2813; x_wconf 88' lang='lat' dir='ltr'>apud</span> <span class='ocrx_word' id='word_1_383' title='bbox 879 2773 952 2803; x_wconf 90' lang='lat' dir='ltr'>nos</span> <span class='ocrx_word' id='word_1_384' title='bbox 998 2762 1112 2804; x_wconf 77' lang='lat' dir='ltr'>extat</span> <span class='ocrx_word' id='word_1_385' title='bbox 1155 2762 1384 2805; x_wconf 87' lang='lat' dir='ltr'>etiamnum</span> <span class='ocrx_word' id='word_1_386' title='bbox 1419 2764 1642 2817; x_wconf 87' lang='lat' dir='ltr'>pernobilis</span> <span class='ocrx_word' id='word_1_387' title='bbox 1673 2765 1751 2807; x_wconf 90' lang='lat' dir='ltr'>hac</span> 
     </span>
     <span class='ocr_line' id='line_1_46' title="bbox 266 2824 557 2866; baseline 0.01 -13"><span class='ocrx_word' id='word_1_388' title='bbox 266 2824 369 2866; x_wconf 86' lang='lat' dir='ltr'>appe</span> <span class='ocrx_word' id='word_1_389' title='bbox 405 2825 429 2855; x_wconf 88' lang='lat' dir='ltr'>a</span> <span class='ocrx_word' id='word_1_390' title='bbox 452 2825 557 2856; x_wconf 84' lang='lat' dir='ltr'>lone.</span> 
     </span>
    </p>
   </div>
  </div>
 </body>
</html>
