1734 3120
178 225 259 266 236
679 227 844 261 ANNAE
870 225 1137 260 COMNENAE

24 362 67 399 V.
93 363 162 397 325
176 349 254 406 μὲν
283 347 354 392 διὰ
383 343 856 402 τεσσαρακονθημέρου
887 338 1006 393 τινὸς
1046 337 1341 399 διαστήματος
1379 340 1666 397 ἐπαναγαγεῖν

177 435 230 474 με
250 416 313 469 εἰς
327 414 405 473 τὴν
427 415 577 458 πίστιν
591 420 668 472 τῆς
690 411 914 468 βασιλείας
935 408 1058 466 ὑμῶν
1077 406 1294 464 καθάπαξ
1307 406 1665 467 τραχηλιάσαντα.

176 489 308 530 τοῦτο
340 487 376 529 δ’
410 482 462 528 ἂν
489 484 670 541 γένοιτο,
704 499 744 525 ει
764 480 835 524 καὶ
861 480 1068 537 γενέσθαι
1106 478 1470 536 παραχωρηθείη,
1509 478 1666 534 μανίας

175 571 376 609 αιτικρις
406 553 475 596 καὶ
509 548 559 595 λι
553 568 664 608 ῐτης
693 545 1022 605 καταλαβοισης
1053 547 1128 603 ἐμὲ
1159 544 1189 605 ἢ
1219 544 1323 590 ὅταν
1353 543 1555 605 δηλονότι
1586 563 1668 598 τας

177 622 339 702 φρένας
369 618 625 676 ἑλαὺνωμαι.
691 617 729 662 εἰ
760 619 797 662 δ’
829 634 1028 676 ανοητως
1060 633 1147 670 εχω
1179 615 1250 659 καὶ
1282 610 1526 674 ἄστειιφῶς
1552 612 1703 670 πρὸςὸ

175 688 253 742 τὰς
283 689 561 745 παραινέσεις
591 687 768 732 ἐκείνων
799 686 871 730 καὶ
896 684 1072 741 λάβρως
1093 684 1306 741 επαιγίζει
1335 681 1389 727 τὰ
1414 687 1492 742 τῆς
1511 681 1642 727 λύττν
1620 701 1668 741 ης

177 757 254 816 τὴν
286 754 429 818 ψυχην
457 756 536 818 τὴν
563 754 680 815 ἐμήν,
713 751 822 799 αλλὰ
850 751 950 798 τότε
981 770 1026 810 γε
1059 749 1191 809 ἐξομί
1196 769 1348 797 σονται
1377 753 1457 809 μὲν
1487 753 1564 809 ἐμὲ
1595 752 1668 795 καὶ

178 825 320 871 πάντα
349 825 520 883 τρόπον
552 821 1043 881 ἆποπροσποιήσονται,
1073 824 1357 877 μεταθῶνται
1391 821 1440 866 δε
1470 818 1587 878 πρὸς
1614 817 1666 863 τὸ

180 894 394 952 ὑμέτερον
425 892 583 951 κράτος
620 894 691 937 καὶ
727 896 852 948 χεῖρα
882 892 954 935 καὶ
995 887 1168 948 γνώμην
1202 889 1275 934 καὶ
1312 887 1390 942 τὰς
1427 886 1583 945 χώρας,
1617 906 1669 940 ας

31 972 69 1007 Ρ.
98 964 271 1022 411ἑμῷ
318 963 471 1020 δικαίῳ
517 962 782 1016 κατέχουσιν,
829 956 1174 1010 ἄποσπάσοντες
1215 959 1293 1011 τῗς
1332 958 1438 1018 ἐμῆς
1469 957 1669 1012 ἐξουσίας
1685 963 1729 997 10

179 1031 281 1088 ὑμῖν
310 1032 381 1076 καὶ
408 1034 471 1089 τῷ
492 1031 618 1088 μέρει
645 1033 708 1088 τῶ
740 1028 940 1086 ὑμετέρα)
973 1028 1229 1083 παραδοῖεν.
1298 1029 1434 1070 ταῦτα
1474 1025 1523 1070 δὲ
1563 1025 1669 1069 ἑνω-

178 1098 327 1157 μότως
358 1103 505 1144 ποιεῖν
536 1094 1025 1158 καταναγκασάήσονται
1057 1096 1128 1140 καὶ
1157 1093 1236 1155 τὴν
1256 1091 1390 1152 αὖτὴν
1419 1091 1669 1154 φυλάξουσι

178 1169 330 1213 πίστιν
358 1169 429 1212 καὶ
453 1168 655 1213 δουλείαν
684 1166 756 1211 καὶ
786 1160 959 1211 εὔνοιαν
989 1181 1105 1221 προς
1126 1161 1250 1220 ὑμᾶς,
1275 1157 1325 1224 ἢν
1352 1157 1471 1220 καγῶ
1497 1179 1669 1218 συμπε-

179 1234 373 1294 φώνηκα,
406 1237 478 1280 καὶ
508 1236 617 1290 ὑπὲρ
649 1238 726 1294 τῆς
746 1233 958 1291 υμετέρας
989 1234 1103 1291 ζωῆς
1121 1233 1193 1276 καὶ
1212 1234 1290 1291 τῆς
1321 1231 1517 1289 ἐπιγείου
1539 1233 1670 1288 τιμῆς

180 1301 386 1362 ἅροῦνται
414 1302 468 1348 τὰ
498 1301 627 1357 ὅπλα,
660 1299 773 1348 omo}
808 1303 881 1346 καὶ
909 1299 1021 1358 ὑπὲρ
1056 1303 1146 1344 τῶν
1180 1297 1404 1356 ὑμετέρων
1431 1299 1670 1355 βασιλικῶν
1686 1305 1729 1341 15

181 1375 328 1428 μερῶν
345 1373 416 1416 καὶ
435 1373 592 1429 μελῶν,
613 1369 673 1424 ιῦς
689 1368 750 1431 μή
771 1387 811 1414 τι
835 1367 1035 1414 πάθοιεν
1055 1365 1178 1425 παρά
1197 1385 1317 1422 τινος
1337 1368 1516 1425 ἐχθροῦ,
1534 1367 1671 1410 πολε-

181 1441 436 1498 μησείοντες
459 1457 537 1483 ουκ
553 1435 804 1497 ανήσουσιν,
824 1435 871 1482 εί
882 1454 928 1495 γε
944 1437 1056 1489 τέως
1073 1454 1137 1489 εις
1155 1432 1369 1493 αι’σθησιν
1386 1434 1567 1480 ewam
1582 1437 1671 1478 τῶν

183 1504 432 1562 επιβούλων
452 1507 524 1550 καὶ
539 1508 787 1565 σφαλερῶν.
827 1508 963 1549 ταῦτα
985 1502 1206 1560 ἑπομνυμι
1226 1503 1299 1547 καὶ
1321 1500 1672 1559 διαμαρτύρομαι

181 1577 252 1620 καὶ
271 1573 384 1620 Θεον
398 1576 470 1619 καὶ
484 1572 756 1632 ἀνθρώπους
773 1575 843 1618 καὶ
860 1591 963 1626 τους
983 1568 1258 1628 ὑπερτάτους
1273 1566 1491 1628 ἀγγέλους,
1511 1567 1572 1622 ὦς
1587 1586 1672 1626 αρα

138 1641 487 1700 Βκαταναγκάσω
519 1640 808 1702 φρικαλέοις(
793 1640 943 1699 ὀρκοις
968 1658 1134 1693 αυτους
1155 1636 1434 1698 κατειληφώς
1454 1641 1605 1683 ποιεῖν
1623 1654 1670 1681 τε
1684 1641 1732 1677 20

181 1712 254 1755 καὶ
278 1708 489 1768 πράττειν
518 1710 581 1764 εἷς
611 1709 816 1767 δύναμιν·
849 1709 910 1764 ιῦς
939 1710 986 1755 δὲ
1016 1710 1090 1754 καὶ
1109 1706 1222 1766 ὑπὲρ
1252 1713 1341 1752 τῶν
1361 1705 1563 1764 κάστρων
1582 1709 1673 1750 τῶν

181 1777 402 1836 ὑμετέρων
431 1780 504 1824 καὶ
532 1782 622 1823 τῶν
651 1777 832 1824 πόλεων
864 1780 936 1824 καὶ
963 1781 1121 1835 χωρῶν
1150 1777 1224 1822 καὶ
1252 1774 1408 1830 ἅπλῶς
1435 1778 1525 1820 τῶν
1555 1773 1673 1820 ὅλων

318 1935 351 1968 3.
361 1937 522 1989 μανιαν
546 1933 588 1978 P,
614 1934 770 1970 correxi.
887 1935 920 1969 6.
950 1928 1091 1978 λάβρως
1117 1932 1159 1978 F,
1185 1927 1325 1977 λαὺρως
1346 1930 1387 1967 Ρ.
1508 1932 1560 1965 11.
1587 1931 1673 1966 ἐνω-

317 1977 439 2028 μότως
465 1982 535 2026 FC,
566 1979 753 2029 ἕνομότως
776 1982 817 2017 Ρ.
934 1982 989 2017 17.
1016 1982 1324 2028 πΟΙειιησείοντες
1349 1979 1388 2025 C,
1406 1981 1674 2035 πολεμεσείον-

315 2042 372 2069 τες
396 2030 438 2064 Ρ.
590 2032 649 2065 22.
676 2033 737 2065 καὶ
762 2030 836 2067 τῶν
860 2026 1008 2066 πόλεων
1035 2033 1094 2065 καὶ
1118 2029 1159 2075 F,
1185 2031 1247 2064 καὶ
1265 2028 1340 2064 τῶν
1364 2007 1512 2063 πόλεων
1536 2039 1608 2062 om.
1633 2026 1673 2062 P.

183 2160 378 2206 designato
432 2161 478 2195 ad
519 2160 559 2196 id
597 2161 847 2207 quadraginta
886 2161 1031 2196 dierum
1073 2161 1195 2206 spatio
1241 2159 1288 2195 ad
1321 2158 1434 2194 fidem
1487 2157 1676 2194 maiestati

184 2211 328 2244 vestrae
353 2209 519 2244 debitam
557 2210 680 2245 redire
706 2221 763 2244 me
789 2213 1061 2255 repugnantem
1087 2211 1234 2264 cogant,
1284 2208 1376 2244 haee
1400 2219 1487 2243 vero
1514 2206 1616 2249 fiant,
1643 2206 1675 2241 si

185 2260 227 2292 ut
253 2256 344 2292 fiant
368 2257 606 2302 concedatur,
622 2270 706 2293 eum
732 2258 816 2304 quis
843 2258 948 2293 furor
975 2261 1088 2304 atque
1112 2258 1258 2293 insania
1280 2268 1339 2292 me
1364 2255 1593 2301 corripuerit
1618 2254 1676 2290 vel

186 2317 269 2340 eum
296 2309 420 2340 mente
460 2306 643 2341 alienatus
681 2307 762 2341 sim.
831 2307 887 2341 sin
923 2318 1012 2342 vero
1049 2306 1145 2341 nihil
1184 2306 1230 2341 de
1268 2305 1432 2340 amentia
1467 2303 1675 2339 remiserim

187 2353 413 2399 surdumque
440 2354 487 2389 ad
512 2356 656 2390 monita
681 2355 847 2400 ipsorum
874 2367 931 2390 me
955 2355 1061 2390 furor
1087 2355 1333 2400 impotentior
1357 2353 1490 2399 egerit
1515 2352 1571 2387 illi
1594 2352 1675 2398 qui-

186 2401 269 2436 dem
296 2402 535 2438 iureiurando
563 2415 652 2449 erga
678 2415 736 2438 me
763 2403 876 2438 soluti
902 2407 1014 2449 atque
1040 2415 1061 2438 a
1087 2415 1145 2438 me
1170 2402 1279 2449 plane
1305 2401 1507 2437 abalienati
1533 2401 1571 2435 in
1598 2412 1676 2436 ves-

187 2453 282 2484 tram
310 2453 531 2495 potestatem
559 2463 782 2497 manumque
806 2455 844 2487 et
868 2452 1071 2487 arbitrium
1096 2451 1391 2487 transferentur:
1417 2453 1456 2485 et
1479 2460 1572 2496 quas
1593 2459 1676 2484 meo

189 2499 269 2552 iure
295 2502 414 2533 terras
440 2499 670 2544 obtinebant,
708 2512 812 2535 meae
837 2501 1017 2546 potestati
1053 2503 1200 2546 ereptas
1237 2499 1344 2535 vobis
1367 2501 1565 2544 vestroque
1602 2497 1677 2532 iuri

189 2547 440 2591 assignabunt.
492 2548 592 2593 quod
622 2560 660 2583 se
686 2548 849 2584 facturos
874 2549 930 2584 illi
954 2548 1197 2585 iureiurando
1223 2547 1424 2594 adigentur
1448 2546 1676 2591 eandemque

190 2605 278 2639 erga
295 2606 367 2648 'vos
401 2595 510 2630 fidem
538 2596 831 2642 servitutemque
846 2601 883 2632 et
904 2597 1202 2633 benevolentiam
1224 2596 1438 2639 servabunt,
1457 2606 1567 2640 quam
1594 2606 1677 2640 ego-

190 2645 268 2677 met
292 2655 371 2687 1pse
398 2644 585 2688 pollicitus
610 2657 702 2689 sum,
729 2657 772 2680 ae
797 2657 865 2690 pro
891 2649 1015 2681 vestra
1041 2646 1118 2681 vita
1144 2648 1182 2680 et
1206 2644 1377 2680 terrestri
1407 2643 1550 2679 honore
1574 2654 1678 2678 arma

190 2693 338 2725 sument
352 2692 566 2737 pariterque
579 2705 646 2737 pro
660 2694 773 2739 regiis
788 2694 923 2729 vestris
941 2694 1113 2739 partibus
1126 2705 1169 2729 ae
1181 2693 1369 2736 membris,
1379 2703 1425 2727 ne
1433 2691 1524 2737 quid
1532 2690 1676 2736 patian-

188 2742 251 2773 tur
280 2739 324 2773 ab
353 2739 458 2774 hoste
483 2740 568 2784 ullo,
595 2742 706 2776 armis
732 2746 876 2777 certare
903 2754 979 2778 non
999 2742 1182 2787 desinent,
1207 2743 1238 2777 si
1263 2740 1412 2787 quidem
1436 2739 1678 2775 insidiatores
1723 2754 1734 2771 Αι

188 2790 500 2833 corruptoresque
525 2790 563 2823 in
591 2801 721 2824 eorum
746 2790 920 2825 notitiam
959 2791 1141 2826 venerint.
1205 2802 1249 2826 ae
1280 2790 1365 2825 iuro
1397 2791 1538 2824 testans
1565 2787 1677 2823 deum

190 2834 429 2880 hominesque
454 2839 489 2871 et
516 2849 707 2882 supremos
733 2838 898 2884 angelos,
924 2850 982 2874 me
1005 2839 1227 2874 adacturum
1253 2838 1337 2874 illos
1350 2836 1551 2873 horrifieo'
1540 2836 1677 2871 iureiu-

189 2882 306 2920 rando
335 2882 382 2919 ad
407 2883 470 2919 illa
495 2884 664 2922 facienda
689 2886 985 2934 praestantiaque
1011 2899 1081 2935 pro
1106 2887 1260 2924 viribus.
1312 2886 1358 2922 de
1382 2885 1540 2921 urbibus
1563 2885 1678 2921 etiam
1715 2892 1734 2958 ξ
