1794 3132
510 257 564 292 m
590 256 878 292 Anmnnma
909 256 1072 292 NOTAE
1446 248 1529 292 435

51 389 195 420 eorum
222 372 613 431 (Thentonicorum)
632 377 635 378 ’
651 371 747 415 Rex
771 370 1063 415 Romanorum
1098 385 1142 415 se
1171 371 1274 415 dicit
1298 371 1531 426 Imperato-

51 447 164 476 rem:
192 433 241 474 in
268 431 344 475 hoc
371 430 484 474 enim
509 442 586 472 suo
616 428 782 471 detrahi
818 428 985 471 videtur
1005 428 1274 484 Imperatori,
1304 442 1421 483 quem
1446 429 1531 482 ipsi

51 487 349 541 monarcham,
379 487 428 530 id
454 489 527 541 est,
551 484 830 540 sinyularitcr
860 485 1107 539 principari
1145 485 1336 527 omnibus
1373 485 1528 537 dicunt,

50 550 266 600 tamquam
280 543 573 588 Romanorum
599 543 783 593 unicam,
811 544 850 584 et
870 541 1006 584 solum
1022 541 1339 596 Imperatorem.
1375 541 1531 584 Eadem

51 603 178 646 habet
208 601 347 644 Autor
364 600 491 643 Vitae
522 598 680 642 Ludov.
708 598 799 640 VH.
834 598 983 640 Franc.
1013 599 1117 654 Reg.
1148 610 1237 652 cap.
1258 598 1297 640 8.
1359 597 1459 640 Alia
1487 597 1531 639 in

51 660 160 702 hanc
188 656 440 701 sententiam
470 661 703 711 suggerunt
732 655 887 697 Baron.
908 654 960 697 A.
982 664 1239 698 DcchXXI.
1270 654 1414 697 Feder.
1438 653 1532 696 Mo-

51 715 179 758 rellus
216 713 273 757 ad
308 713 381 756 lib.
412 714 452 755 2.
488 712 540 754 de
569 711 760 754 Themat.
799 711 1059 767 Porphyrog.
1099 710 1306 753 Meursius
1326 710 1378 753 V.
1421 705 1530 765 Ῥήξ,

50 773 93 815 et
122 770 372 815 Dissertatio
400 769 545 812 nostra
573 769 643 811 27.
672 768 727 810 ad
758 767 1001 810 Ioinvillam
1030 780 1126 823 pag.
1147 768 1242 810 316.

185 825 369 870 Ιένναιά
396 825 446 868 δὲ
473 821 582 881 αὕτη
611 817 748 883 ἀρχή]
791 824 990 867 Notanda
1022 824 1091 867 hie
1122 823 1391 867 Summorum
1419 822 1577 869 Pon-D

50 884 214 927 tificum
242 880 542 937 ἶδιοκρατορία
567 881 610 925 et
636 881 835 936 potaetas.

180 936 254 991 Ὡς
275 936 356 991 τὰς
384 933 658 995 Ἐκκλησίας]
699 937 921 988 Beneficia,
950 936 1265 979 Ecclesiasticas
1293 935 1335 978 di
1396 936 1743 993 itatoe.1>2g.31,A

51 996 244 1040 Tradunt
272 997 408 1040 eiusce
434 996 528 1039 aevi
554 994 786 1049 Scriptores
817 993 956 1037 Sacris
983 993 1255 1036 interdictum
1277 1005 1303 1035 a
1371 992 1535 1047 regorio

51 1054 294 1106 Henricum,
337 1052 451 1108 quod
483 1051 823 1107 Episcopatuum‚
857 1050 1152 1101 Abbatiarum,
1197 1050 1536 1103 caeterarumque

53 1110 441 1154 Ecclesiasticamm
481 1108 741 1164 dignitatum
784 1107 1056 1150 investituras
1092 1106 1279 1161 indignis
1318 1105 1534 1156 conferret,

53 1166 269 1222 pretioque
288 1166 543 1210 divenderet.
587 1164 795 1207 Henricus
821 1164 909 1218 ipse
938 1163 982 1205 in
998 1162 1131 1218 Epist.
1161 1163 1215 1205 ad
1231 1161 1404 1218 Gregor.
1425 1161 1535 1216 apud

54 1224 279 1279 Hugonem
305 1223 461 1266 Abbat.
488 1221 847 1265 Flaviniaeensem
876 1220 921 1262 in
952 1219 1104 1263 Chron.
1133 1219 1234 1262 Non
1261 1219 1396 1261 solum
1426 1218 1537 1261 enim

51 1294 130 1323 nos
156 1293 225 1323 res
241 1278 564 1323 Ecclesiasticus
589 1278 834 1330 invasimus,
865 1290 1011 1319 verum
1038 1289 1197 1331 quoque
1223 1275 1418 1330 indiynis
1446 1275 1537 1328 qui-

53 1336 241 1388 buslibet,
269 1340 310 1380 et
334 1336 612 1379 simoniacato
642 1334 743 1388 felle
771 1334 1031 1386 amaricatis,
1069 1337 1107 1376 et
1141 1346 1229 1375 non
1254 1346 1340 1386 per
1373 1332 1535 1382 ostium,

52 1393 128 1437 sed
156 1393 331 1436 aliunde
349 1391 684 1448 ingredientibus
702 1390 919 1434 Ecclesiae·
946 1391 1066 1444 ipsas
1093 1389 1373 1441 vendidimus,
1395 1391 1436 1430 et
1453 1401 1539 1430 non

53 1463 136 1503 eas,
168 1453 216 1492 ut
244 1451 443 1504 oportuit,
487 1449 761 1503 defendimus,
830 1447 879 1489 Id
923 1447 1079 1501 passim
1119 1446 1329 1489 obiectum
1355 1444 1538 1487 Henrico

54 1508 206 1549 notant
240 1506 486 1562 ScriptoreS,
515 1505 756 1549 Willelmus
795 1504 892 1559 Tyr.
924 1504 996 1546 lib.
1021 1504 1058 1546 1.
1092 1515 1182 1557 cap.
1206 1503 1271 1544 13.
1316 1501 1460 1544 Bruno
1490 1500 1541 1542 de

54 1563 176 1606 Bello
206 1563 357 1607 Saxon.
389 1562 604 1606 Conradus
635 1562 812 1616 Usperg.
856 1562 898 1603 et
942 1560 1190 1602 Lambertus
1233 1557 1538 1611 Schafnaburg.

53 1620 136 1662 An.
167 1630 372 1663 MLxxrv.
393 1619 512 1662 Will.
530 1619 830 1673 Malmoeburg.
857 1617 929 1660 lib.
949 1617 990 1659 4.
1021 1616 1071 1659 de
1087 1615 1200 1659 Gest.
1218 1614 1346 1670 Angl.
1364 1613 1539 1656 Guiliel-

56 1689 149 1741 tuus
178 1676 420 1732 Apuliensis
447 1675 521 1719 lib.
544 1677 584 1719 2.
614 1675 787 1718 Robert.
828 1674 879 1716 de
908 1673 1053 1716 Monte
1090 1673 1171 1715 An.
1203 1681 1337 1714 MCXI.
1381 1670 1423 1712 et
1465 1669 1539 1712 alii

54 1745 145 1776 sme
173 1745 359 1776 numero.

178 1782 320 1845 ’Ἀτερ
348 1783 548 1844 γνώμης]
580 1786 690 1830 Otho
720 1786 902 1842 Frising.
932 1786 1006 1829 lib.
1029 1787 1067 1828 1.
1097 1785 1148 1828 de
1167 1783 1282 1828 Gest.
1303 1782 1416 1826 Frid.
1447 1782 1583 1824 c.1.A

56 1847 107 1890 de
137 1847 322 1890 Henrieo
351 1846 427 1889 IV.
486 1844 621 1899 Apud
646 1844 882 1888 Baioariae
921 1844 1127 1886 civitatem
1158 1840 1452 1891 Brioeinoram,
1491 1839 1539 1880 in

56 1905 150 1958 ipso
180 1903 384 1960 Pyreneo,
412 1902 528 1946 haud
548 1901 704 1955 procul
735 1915 763 1944 a
791 1900 901 1943 valle
933 1899 1184 1942 Tridentina
1218 1898 1357 1949 sitam,
1386 1894 1540 1938 coadu-

56 1961 173 2003 natis
198 1959 439 2014 Effiscopis,
468 1958 678 2012 Princeps
727 1957 903 2000 Ouriam
945 1969 1147 2012 maynam
1188 1953 1422 2002 celebravit,
1466 1951 1539 1993 abi

57 2017 249 2060 omnibus
275 2015 605 2065 advenientibus',
634 2015 822 2058 inim-ias
848 2013 931 2056 sibi
949 2027 978 2056 a
996 2013 1194 2055 Romana
1210 2008 1404 2052 Ecclesia
1431 2008 1539 2050 irro-

56 2077 182 2129 yatas
208 2072 430 2127 affectuose
466 2073 745 2126 conqueritur,
790 2070 900 2126 quod
937 2069 1124 2112 videlicet
1167 2068 1258 2121 ipso
1291 2064 1538 2116 inconsulto,

59 2131 132 2185 qui
175 2134 390 2185 tamquam
428 2129 524 2172 Rex
565 2131 603 2170 et
631 2128 851 2171 Patricius
887 2128 1058 2180 primus
1096 2126 1145 2167 in
1176 2122 1398 2165 Electione
1439 2134 1541 2163 suae

64 2187 193 2232 Urbis
220 2187 428 2241 Episcopi
455 2199 543 2229 esse
570 2185 745 2235 deberet,
773 2183 960 2227 Romani
985 2182 1067 2225 sibi
1094 2179 1339 2233 Pontificem
1366 2177 1540 2231 praefe-

57 2246 220 2296 cissent,
251 2257 346 2287 cum
373 2259 401 2287 a
439 2246 566 2298 patre
596 2255 672 2285 suo
715 2241 977 2295 Imperatore
1011 2238 1164 2293 plures
1205 2235 1371 2287 ibidem,
1417 2233 1540 2288 quasi

57 2302 150 2344 sine
177 2300 384 2352 electione,
412 2299 691 2343 inthronizati
728 2298 903 2352 fuerint.
961 2295 1068 2338 Vide
1098 2292 1287 2337 eumdem
1316 2292 1360 2333 in
1388 2289 1538 2333 Chron.

58 2358 131 2402 lib.
153 2359 193 2400 6.
223 2370 272 2400 ea
303 2391 312 2400 .
334 2358 403 2400 34.

195 2371 301 2456 KoaP
313 2409 620 2468 αἰκισάμενος]
652 2411 765 2454 Male
794 2409 984 2464 acceptos
1014 2420 1039 2450 a
1069 2405 1270 2461 Gregorio
1290 2403 1375 2446 PP.
1405 2403 1462 2446 Le
1519 2410 1581 2445 -Β

58 2473 125 2514 tos
153 2483 250 2514 suos
279 2471 471 2526 queritur
495 2470 702 2513 Henricus
733 2467 865 2522 Epist.
896 2465 950 2508 ad
979 2464 1199 2506 Annonem
1233 2460 1426 2514 Archiep.
1493 2470 1538 2500 ο-

58 2529 144 2572 lon.
174 2528 253 2572 nisi
283 2527 360 2571 illa
385 2527 539 2570 fictitia
575 2526 645 2578 sit,
688 2523 799 2579 quod
840 2522 935 2564 vult
977 2518 1196 2562 Batonius.
1260 2516 1364 2559 Vide
1405 2515 1540 2558 Notas

59 2584 298 2628 Hooechelii
318 2585 360 2627 et
381 2583 639 2627 Gretzerum.
660 2582 705 2623 in
720 2580 862 2622 Refut.
878 2577 1127 2631 Alogiarum
1144 2575 1291 2616 Annae
1308 2572 1541 2615 Comnenae

62 2642 207 2684 contra
238 2640 412 2697 Gregor.
432 2640 529 2682 VH.
560 2639 673 2682 edita
703 2649 797 2679 eum
830 2633 1019 2678 Gerbodo
1035 2630 1361 2688 'Reichersbergz
1502 2683 1512 2691 ι

198 2692 640 2740 Μεταπεπτωκότων
668 2695 757 2735 τῶν
788 2685 1049 2746 σκήπτρων]
1082 2688 1143 2730 De
1157 2687 1236 2729 hac
1261 2686 1588 2728 controverst

62 2755 226 2810 copiose
258 2753 427 2809 perinde
456 2765 506 2796 ac
525 2751 685 2796 erudite
704 2748 958 2802 scripserunt
983 2745 1092 2810 idem
1112 2743 1332 2808 ‘Grretzerus
1360 2741 1405 2783 in
1419 2739 1544 2804 Notis

64 2811 551 2912 ffifflfflietflt’ssi:
572 2807 746 2919 ῗέῗρρῗ
761 2802 1066 2912 οξίἒθῒέῗῧὲἓξ
1090 2799 1166 2899 Ρὲῗ·
1182 2800 1227 2898 ἐὴ·
1251 2797 1545 2909 ἑέῖῗθωω
