1806 3132
470 230 524 264 m
552 228 838 265 mmmmm
867 232 1029 267 NOTAE
1400 230 1482 272 615

18 344 144 390 imre
163 345 344 401 Rogerio
372 344 607 397 concordia,
637 345 701 388 uti
729 346 905 390 tradunt
920 347 1147 392 Malaterra
1177 349 1248 393 lib.
1269 351 1308 393 4.
1339 364 1426 407 cap.
1441 354 1480 396 4.

16 401 248 502 ffiffig‘nder
278 402 423 502 Δόξξαε
452 401 626 445 Celesin.
655 402 728 446 lib.
751 404 787 445 1.
819 416 908 458 cap.
932 405 998 448 13.
1027 406 1069 447 et
1097 405 1315 450 Ordericus
1329 408 1482 452 Vitalis

151 514 381 566 Βασιλείας
404 511 651 572 Ῥωμαίων]
682 515 770 558 Nec
796 516 951 560 iniuria
979 517 1023 559 id
1051 518 1260 562 metuebat
1293 520 1524 572 Alexius;B

17 584 129 624 nam,
169 573 218 615 ut
259 572 323 615 est
368 571 480 627 apud
522 571 767 615 Ordericum
796 572 868 615 lib.
890 574 929 615 9.
961 586 1056 628 pag.
1078 575 1172 616 727.
1218 575 1482 620 Boemundus

16 628 196 672 Francos
225 628 422 672 Proceres
463 628 519 671 ad
562 627 830 671 obsidendam
861 628 1265 685 Constantinopolim
1306 633 1483 677 viriliter

15 684 277 737 incitaverat,
307 685 536 740 antequam
563 685 744 728 venisset
773 685 827 728 ad
858 685 995 729 Alexii
1024 688 1299 741 conspectum.

149 740 386 798 Σαγγέλην]
432 740 634 797 Sanqeles
680 742 904 796 Interpreti
940 744 981 785 et
1012 743 1146 786 Tollio
1181 745 1292 798 apud
1330 744 1483 788 Cinna·
1494 749 1712 795 Pag.305.A

19 811 154 847 mum3
182 798 335 841 rectius
362 797 511 841 Sancti
539 798 715 897 11Ξὲζάἱί
746 797 900 850 Comes,
939 799 1017 842 hoc
1053 799 1163 842 enim
1192 801 1406 852 vocabulo,
1435 802 1484 844 ut

16 855 59 897 et
88 853 326 909 Cinnamus,
363 855 562 910 expressit
656 854 802 897 llicum
830 854 958 898 Saint
987 855 1132 907 Gilles,
1171 868 1242 899 seu
1279 857 1316 899 le
1348 857 1485 901 Comte

15 911 68 954 dc
96 910 222 955 Saint
249 910 397 963 Gales,
430 924 513 966 qua
550 911 643 953 tum
683 911 961 966 appellatione
988 912 1197 967 gaudebat
1226 913 1485 956 Raimundus

18 967 192 1011 Tolosae
220 968 262 1010 et
290 967 539 1011 Provinciae
567 966 726 1011 Comae.
756 967 996 1010 Willelmus
1015 968 1135 1011 Brito
1155 969 1227 1011 lib.
1242 970 1282 1011 3.
1305 969 1482 1025 Philipp.

178 1023 260 1078 Qui
290 1022 439 1068 Sancti
469 1022 614 1067 Comes
636 1023 813 1079 Aeyidii
845 1024 1096 1079 Tolosaeque
1120 1029 1303 1068 vocatur.

16 1080 92 1123 Est
121 1081 262 1124 autem
289 1079 525 1124 Comitatus
553 1080 595 1123 S.
626 1080 796 1135 Aegidii
822 1079 1113 1136 Septimaniae,
1142 1094 1210 1124 seu
1232 1081 1482 1134 Occitaniae,

15 1137 114 1180 urbs
167 1137 222 1180 ad
263 1137 529 1189 Rhodanum,
576 1136 618 1181 S.
660 1136 831 1192 Aegidii
874 1137 1058 1180 Abbatia
1099 1137 1290 1192 insignis,
1331 1151 1357 1181 a
1401 1151 1483 1193 qua
1575 1139 1585 1148 ⁰

13 1193 193 1248 sumpsit
221 1193 557 1248 appellationem,
588 1206 714 1248 quam
745 1206 840 1236 cum
868 1193 913 1236 in
942 1193 1212 1237 haereditatis
1238 1195 1392 1237 sortem
1411 1195 1484 1238 ob-

13 1249 209 1293 tinuisset
219 1249 495 1301 Raimundus‚
509 1250 733 1305 superstite
748 1250 883 1293 adhuc
902 1250 1043 1302 fratre,
1065 1249 1210 1293 Comae
1226 1250 1323 1293 inde
1337 1251 1486 1294 Sanct-

15 1305 261 1361 aegidianus
288 1306 496 1350 vocitatus
525 1307 599 1358 est,
626 1306 755 1350 etiam
783 1308 877 1361 post
907 1306 1104 1361 adeptum
1134 1307 1384 1350 Tolosanum
1406 1306 1484 1350 Co-

15 1362 226 1406 mitatum.
284 1362 392 1406 Vide
429 1362 636 1406 Catellum
674 1362 746 1406 lib.
771 1364 807 1406 1.
843 1363 956 1406 Hist.
987 1363 1076 1406 Tol.
1106 1375 1195 1417 cap.
1216 1364 1255 1406 3.
1284 1364 1326 1406 et
1353 1363 1424 1406 lib.
1443 1364 1481 1405 2.

13 1431 103 1474 cap.
124 1419 162 1462 1.
211 1418 420 1475 Oppidum
449 1420 734 1474 pervetustum
765 1432 852 1462 aese
879 1420 922 1462 et
946 1420 1084 1462 stante
1103 1419 1291 1462 Romano
1319 1419 1365 1462 in
1381 1418 1483 1462 Gal·

16 1475 85 1518 liis
114 1475 295 1530 Imperio
322 1476 468 1519 notum
495 1475 539 1518 in
570 1476 755 1519 confesso
786 1476 849 1519 est
877 1475 987 1530 apud
1017 1488 1171 1528 omnes,
1212 1476 1253 1518 et
1286 1488 1332 1518 ex
1363 1475 1485 1518 rude-

12 1532 128 1575 ribus
154 1533 197 1575 et
226 1532 495 1587 antiquorum
528 1532 813 1576 aedificiorum
841 1532 1056 1586 parietinis
1075 1532 1238 1575 abunde
1257 1532 1482 1587 colligitur.

16 1587 78 1631 At
106 1601 189 1644 quo
217 1589 386 1632 nomine
411 1588 512 1632 olim
556 1589 598 1631 et
627 1589 725 1632 ante
752 1589 961 1643 receptam
989 1587 1030 1632 S.
1051 1588 1220 1643 Aegidii
1247 1587 1484 1630 nomencla-

12 1645 154 1688 turam
189 1645 500 1701 indigitaretur,
522 1645 757 1700 ambigunt,
781 1657 855 1688 nec
873 1645 1052 1687 invicem
1067 1645 1330 1687 consentiunt
1344 1643 1483 1698 Scrip-

12 1702 135 1744 tores.
190 1701 349 1745 Poldus
374 1702 419 1745 in
449 1701 596 1756 Antiq‚
625 1702 822 1744 Nemaus.
844 1701 1021 1744 credidit
1039 1700 1286 1744 Heracleam
1314 1713 1411 1751 aese,
1432 1699 1482 1742 de

14 1771 99 1813 qua
124 1758 309 1808 Plinius;
341 1758 513 1814 quidam
536 1758 845 1813 Vindomayum
862 1757 1111 1800 Ptolemaei:
1142 1756 1325 1800 Catellus
1353 1756 1425 1798 lib.
1442 1757 1481 1798 3.

14 1814 171 1858 Rerum
200 1814 334 1859 Occit.
378 1814 575 1858 Rbodam
620 1815 755 1870 putat,
800 1814 918 1856 cuius
958 1814 1113 1856 mentio
1156 1812 1266 1867 apud
1294 1811 1481 1856 eumdem

13 1870 215 1924 Plinium,
278 1884 351 1915 seu
392 1871 714 1915 Rbodamtsiam
756 1870 962 1914 Marciani
1004 1869 1285 1920 Heracleotae,
1332 1881 1357 1911 a
1400 1880 1483 1922 qua

13 1927 243 1970 Rhodanus
270 1928 410 1972 dictus
438 1927 605 1971 fluvius.
655 1928 813 1970 Verum
842 1927 877 1970 si
909 1939 1003 1970 cum
1032 1926 1127 1969 aliis
1155 1925 1252 1968 licet
1271 1924 1481 1974 hariolari,

13 1983 268 2084 ffitffissh
285 1984 667 2098 Ρῧῗῖἔᾷηζῗὸηέ
673 1982 1256 2083 ἶῗιὲῗῖἲῧῖαὲἒωεεὲέῗέἓῑε
1271 1979 1482 2079 Πὸἕὲῗέἕ

13 2096 210 2140 Sidonius
239 2097 286 2140 in
316 2098 473 2153 Paneg.
503 2097 632 2140 Avito
660 2096 785 2148 dicto,
817 2096 933 2139 iuxta
953 2094 1163 2139 Sirmondi
1190 2092 1480 2143 coniecturam,

14 2152 247 2208 Cyprianus
279 2154 454 2198 Diacon.
478 2154 523 2196 in
552 2154 642 2197 vita
671 2153 713 2196 S.
744 2152 927 2196 Caesarii
955 2151 1114 2194 Arelat.
1144 2148 1373 2204 Gregorius·
1396 2148 1482 2190 Tu-

15 2222 104 2253 ron.
133 2209 207 2253 lib.
224 2211 264 2254 8.
294 2211 407 2254 Hist.
437 2223 525 2265 cap.
545 2211 613 2253 30.
641 2209 714 2252 lib.
728 2210 767 2252 9.
800 2221 888 2263 cap.
906 2208 944 2250 7.
961 2208 1003 2250 et
1022 2206 1206 2250 Tabulae
1226 2203 1480 2268 Peutingeri,

16 2265 84 2309 vel
107 2265 298 2322 denique,
327 2268 378 2310 ut
398 2267 536 2311 Notae
556 2265 745 2322 Tyronis,
772 2264 1024 2320 Uyyernum.
1068 2261 1349 2305 Divinatioms
1366 2272 1483 2325 meae

14 2321 168 2365 fundus
212 2323 275 2366 est
318 2323 592 2379 Benjaminus
636 2321 878 2365 Tudelensis
920 2321 964 2362 in
993 2320 1134 2362 Itiner.
1176 2318 1246 2361 ubi
1284 2315 1479 2379 opp1dum

15 2378 57 2422 S.
85 2379 256 2434 Aegidii
284 2379 354 2424 No
382 2380 499 2424 heres
537 2379 672 2431 vocat,
709 2391 781 2421 seu
810 2378 858 2420 ut
896 2377 1021 2419 habet
1048 2375 1187 2417 Editio
1218 2372 1480 2416 Constantim

14 2434 293 2489 l'Empereur,
321 2395 501 2492 qucuyres,
530 2435 731 2479 vocabulo
760 2433 871 2477 haud
906 2432 1088 2496 multum
1126 2431 1178 2473 ab
1210 2430 1376 2493 Ugerno
1406 2427 1480 2470 ab·

13 2491 206 2535 ludente:
234 2492 462 2548 Noyheres,
491 2493 644 2547 inquit,
675 2490 887 2544 Oppidum
922 2489 1078 2532 dwtum
1106 2486 1148 2530 S.
1175 2485 1358 2548 Αεφᾱιρ,
1398 2495 1479 2538 quo

13 2548 118 2600 loco,
146 2548 184 2590 si
211 2549 403 2592 criticam
431 2550 559 2593 liceat
587 2560 759 2591 manum
788 2557 1002 2601 apponere,
1036 2542 1216 2598 Uyheres
1251 2542 1388 2595 potius
1414 2551 1480 2582 re-

15 2603 251 2659 ponendum
273 2606 528 2660 putaverim.
567 2604 679 2647 Huic
706 2615 828 2658 porro
857 2600 1116 2644 coniecturae
1135 2598 1277 2641 favent
1295 2594 1481 2639 Tabulae

14 2660 375 2716 Peutingerianae,
405 2675 512 2718 quae
540 2662 584 2704 in
611 2660 765 2703 Itinere
796 2672 821 2701 a
850 2657 1000 2700 Tolosa
1029 2655 1241 2718 Arelatem
1270 2652 1315 2697 U
1324 2664 1481 2717 ‘emam

15 2717 223 2770 statuunt,
254 2731 281 2762 a
295 2718 507 2762 Nemauso
537 2718 631 2761 octo
659 2716 712 2759 ab
731 2714 901 2757 Arelate
928 2725 995 2755 sex
1016 2710 1265 2774 milliaribus
1358 2720 1480 2762 para-

13 2773 119 2817 tum.
167 2773 314 2830 Neque
340 2775 425 2818 alio
455 2775 639 2818 statuere
667 2771 832 2815 videtur
859 2770 949 2813 loco
969 2767 1193 2823 Gregonus
1209 2766 1361 2808 Turon.
1378 2763 1478 2806 dum

14 2829 162 2874 scribit
190 2830 446 2875 Recaredum
478 2831 708 2875 Gothorum
738 2827 895 2882 Regem
937 2825 989 2868 ab
1018 2822 1231 2878 Hispaniis
1271 2832 1479 2876 egraesum
