1768 3152
207 194 261 236 42
720 203 886 238 ANNAE
916 203 1183 238 COMNENAE

207 337 293 375 ται,
322 314 415 364 ἄλλ’
449 317 571 377 ὅμως
604 320 783 378 νηνεμία
815 318 940 375 ἔτυχε
962 317 1183 378 παντελής
1203 320 1274 365 καὶ
1293 317 1318 379 ἡ
1340 321 1419 375 νὺξ
1436 320 1708 379 πανσέληνος

207 391 428 448 φαίνουσα
458 387 561 434 τότε
599 390 767 445 μᾶλλον
798 386 825 448 ἢ
854 389 898 433 ἓν
930 388 1038 446 ἔαρι.
1112 390 1413 446 πεπαυμένων
1451 389 1500 434 δὲ
1539 386 1708 434 παντά-

207 475 318 503 πασι
348 461 437 502 τῶν
481 454 654 513 ἀνέμων
698 454 844 502 οὐκέτι
875 456 899 516 ἡ
932 457 1140 517 λῃστρικὴ
1190 461 1294 511 ναῦς
1325 462 1550 503 κινεῖσθαι
1592 456 1709 516 πρὸς

208 524 358 582 ἰσχύος
391 523 481 582 εἶχε
512 528 585 571 καὶ
619 527 844 582 συνέβαινε
888 525 1048 585 ταύτην
1089 521 1296 583 ἀτρεμεῖν
1336 527 1381 571 ἐν
1410 530 1508 580 τοῖς
1540 525 1705 572 ὕδασιν.

207 592 301 640 ἀλλ’
333 596 547 641 ἐνταυθοῖ
575 598 660 639 τοῦ
680 593 811 653 λόγου
840 595 1048 654 γενομένη
1078 596 1321 653 βουλοίμην
1341 592 1395 639 ἂν
1414 593 1494 654 τὴν
1513 596 1743 653 γλῶττανὸ

209 665 448 724 ἐπαφεῖναι
469 668 567 717 τοῖς
586 667 671 709 τοῦ
691 667 924 719 Μαριανοῦ
956 661 1317 720 κατορθώμασιν.
1363 659 1413 718 ὃς
1442 667 1710 723 παραχρῆμα

209 733 330 791 παρὰ
341 737 421 778 τοῦ
436 731 597 787 δουκὸς
611 736 695 777 τοῦ
709 731 869 778 στόλου
884 733 955 777 καὶ
966 732 1080 778 ἰδίου
1100 731 1270 789 πατρὸς
1281 730 1336 777 τοὶ
1352 730 1605 792 κουφότερα
1620 736 1709 777 τῶν

55 808 94 844 Ρ.
124 809 193 843 291
208 804 382 848 πλοίων
404 800 587 861 αἰτήσας
608 800 807 847 κατετθύ
837 805 918 860 τῆς
941 801 1051 855 νεώς
1067 802 1233 861 ἐκείνης
1249 804 1363 847 ἵεται
1382 803 1454 847 καὶ
1473 805 1527 863 τῇ
1547 798 1709 862 πρώρᾳ

209 869 516 917 συνεισπεσών
546 870 706 930 ταύτης
736 866 1038 928 οἷπεπειρᾶτο.
1097 871 1332 928 συνέρρεον
1362 871 1410 916 δὲ
1440 874 1710 929 παραχρῆμα

211 941 354 986 ἐκεῖσε
407 938 449 986 οἳ
498 939 681 986 ἔνοπλοι
733 944 956 997 καρτερῶς
1005 943 1165 984 τοῦτον
1214 941 1546 997 ἐξωπλισμένον
1594 938 1709 997 πρὸς
1723 946 1768 981 10

208 1009 354 1069 μάχην
381 1007 669 1067 θεασάμενοι.
739 1010 763 1054 ὁ
794 1010 841 1054 δὲ
870 1010 1105 1066 ΖΡΙαριανὸς
1141 1013 1239 1063 τοῖς
1268 1010 1486 1063 Λατίνοις
1516 1012 1570 1071 τῇ
1602 1009 1708 1054 ἐκεί-

209 1097 296 1124 νων
326 1075 652 1136 οἷποχρώμενος
682 1080 895 1138 διαλέκτῳ
926 1077 1250 1135 παρεκελεύετο
1287 1077 1346 1138 μὴ
1379 1079 1568 1124 δεδιέναι
1597 1078 1708 1137 μηδὲ·

207 1149 432 1209 μάχεσθαι
463 1149 580 1207 πρὸς
608 1148 898 1206 ὁμοπίστους.
956 1147 1109 1206 βάλλει
1135 1150 1183 1194 δέ
1214 1167 1281 1203 τις
1310 1152 1475 1193 τοῦτον
1505 1151 1594 1192 τῶν
1610 1151 1710 1192 Λα-

207 1222 340 1265 τίνων
361 1219 432 1265 dui
451 1223 532 1278 τῆς
552 1217 766 1277 τζάγγρας
785 1216 895 1263 κατὰ
915 1222 996 1276 τῆς
1017 1216 1228 1276 κόρυθος.
1262 1216 1287 1279 ἡ
1305 1218 1352 1263 δὲ
1372 1215 1558 1275 τζάγγρα
1578 1215 1710 1272 τόξον

209 1291 290 1346 μέν
334 1291 426 1335 ἐστι
470 1289 741 1346 βαρβαρικόν
783 1289 856 1332 καὶ
891 1286 1070 1346 (Έλλησι
1116 1288 1347 1339 παντελῶς
1389 1282 1768 1344 &monimum-15

208 1359 397 1403 τείνεται
429 1359 476 1402 δὲ
514 1353 610 1413 οὐχὶ
638 1360 716 1417 τῆς
755 1357 835 1413 μὲν
871 1358 1017 1412 δεξιᾶς
1062 1353 1274 1413 ἑλκούσης
1310 1352 1392 1413 τήν
1431 1351 1599 1412 νευράν,
1631 1356 1709 1412 τῆς

167 1427 258 1472 Βδὲ
290 1428 413 1480 λαιᾶς
443 1422 749 1483 ἆνθελκούσης
791 1424 843 1470 τό
885 1423 1030 1481 τόξον,
1074 1420 1185 1469 ἀλλὰ
1229 1426 1299 1469 δεῖ
1328 1422 1406 1468 τόν
1437 1424 1709 1468 διατείνοντα

211 1494 263 1541 τό
298 1491 482 1554 ὄργανον
512 1496 637 1540 τουτὶ
666 1494 718 1539 τό
761 1493 1007 1552 πολεμικόν
1048 1496 1119 1539 καὶ
1161 1490 1508 1552 ἑκηβολώτατον,
1554 1489 1617 1545 ῶς
1657 1486 1709 1535 ἄν

208 1583 276 1618 τις
301 1563 438 1619 εἴποι,
470 1562 631 1609 ῧπτιον
663 1564 865 1620 κείμενον
895 1561 1104 1619 ἑκάτερον
1133 1563 1214 1618 μὲν
1243 1565 1332 1605 τῶν
1368 1562 1524 1606 ποδῶν
1549 1561 1707 1617 ένερεῖ-

209 1650 280 1678 σαι
313 1637 410 1686 τοῖς
441 1631 715 1693 ἡμικυκλίοις
755 1635 834 1677 τοῦ
879 1629 1026 1687 τόξου,
1071 1626 1350 1696 ἀμφοτέραις
1379 1630 1427 1675 δὲ
1457 1633 1555 1682 ταῖς
1585 1630 1708 1685 χερσὶ
1724 1639 1768 1673 20

208 1700 286 1762 τὴν
328 1699 485 1758 νευρὰν
525 1698 642 1756 μάλα
685 1701 893 1759 γενναίως
929 1695 1211 1745 ἅνθελκύσαι.
1272 1697 1322 1759 ἧς
1351 1695 1462 1742 κατὰ
1491 1696 1542 1742 τό
1573 1698 1711 1754 μέσον

209 1767 357 1831 σωλήν
387 1771 480 1815 ἐστι
500 1768 748 1814 κυλινδικόν
772 1767 990 1829 ἡμίτομον
1011 1770 1252 1828 ἐξημμένον
1286 1763 1420 1827 αὗτῆς
1449 1771 1527 1826 τῆς
1555 1770 1712 1824 νευρᾶς

346 1887 379 1921 2.
405 1880 482 1932 ι’ίερι
511 1885 551 1921 G.
661 1887 694 1921 3.
719 1884 739 1930 ἡ
767 1885 875 1931 FCG‚
901 1897 973 1922 om.
999 1886 1037 1921 l'.
1153 1887 1184 1922 6.
1208 1885 1366 1932 Μαριᾶν
1394 1883 1435 1920 G.
1551 1884 1582 1918 7.
1609 1880 1711 1928 παρὰ

347 1934 486 1970 addidi.
540 1932 692 1981 πατρὸς]
721 1933 815 1981 πρὸς
830 1934 871 1970 G.
972 1936 1004 1970 8.
1031 1932 1124 1973 νεώς
1139 1934 1181 1979 F,
1206 1932 1300 1977 νηώς
1312 1932 1351 1968 P.
1459 1932 1491 1967 9.
1517 1927 1652 1975 ταύτην
1668 1933 1708 1968 G.

354 1983 407 2019 11.
434 1978 678 2030 θεασάμενον
693 1983 733 2020 G.
821 1983 978 2028 Μαριᾶν
994 1983 1035 2019 G.
1151 1984 1204 2018 14.
1230 1980 1413 2028 τζάγγρας
1427 1981 1471 2026 A,
1497 1977 1648 2027 τζάγριις
1664 1981 1709 2016 P:

347 2033 471 2127 ῖέἰρὲῒ,
482 2034 635 2116 ἕοεῖεα.
710 2027 863 2079 κάρυκος
890 2032 930 2068 F.
1045 2031 1098 2067 19.
1121 2032 1196 2080 μὲν
1221 2043 1292 2068 om.
1319 2030 1361 2067 G.
1475 2031 1531 2065 22.
1557 2027 1646 2078 αὐτῇ
1668 2030 1711 2078 τῇ

210 2189 292 2222 erat
317 2198 467 2232 noxque
490 2186 609 2233 magis
649 2198 758 2232 quam
786 2198 873 2222 vere
910 2186 1125 2232 'plenilunio
1164 2185 1393 2231 splendebat.
1445 2184 1624 2230 quocirca
1664 2183 1708 2218 si-

208 2235 373 2271 lentibus
419 2235 539 2270 ventis
573 2236 735 2281 piratica
771 2236 887 2280 navia
930 2247 1013 2271 cum
1071 2235 1131 2281 agi
1178 2246 1251 2270 non
1297 2235 1434 2279 posset,
1484 2234 1641 2268 immota
1668 2231 1709 2267 in

210 2284 316 2330 aquis
354 2285 537 2319 constitit.
602 2284 673 2320 hoc
710 2287 836 2319 autem
875 2284 1105 2320 narrationis
1146 2283 1226 2318 loco
1264 2282 1377 2318 velim
1403 2281 1603 2317 admittere
1629 2292 1710 2316 ora—

210 2333 350 2368 tionem
378 2332 425 2368 ad
451 2332 674 2368 celebranda
699 2333 861 2368 Mariani
900 2332 1079 2369 facinora.
1124 2332 1189 2378 qui
1228 2331 1356 2366 statim
1395 2343 1417 2366 a
1454 2330 1580 2367 classis
1614 2329 1708 2365 (luce

209 2385 317 2427 patre
359 2393 424 2416 suo
461 2381 666 2417 levioribus
693 2382 854 2428 navigiis
882 2382 1093 2428 impetratis
1118 2383 1222 2416 recta
1247 2380 1349 2415 illam
1375 2391 1508 2415 navem
1534 2378 1647 2424 petiit
1672 2380 1710 2413 et

211 2441 233 2464 a
258 2441 373 2474 prora
398 2441 592 2476 aggressus
619 2434 685 2466 est.
735 2430 931 2466 confluunt
963 2442 1005 2466 eo
1031 2429 1220 2475 extemplo
1247 2429 1394 2470 armati,
1429 2440 1513 2464 cum
1548 2427 1708 2462 instruc-

209 2479 393 2513 tissimum
430 2490 514 2513 eum
540 2478 587 2514 ad
613 2479 799 2525 proelium
825 2479 1016 2515 vidissent.
1067 2482 1106 2514 at
1132 2478 1324 2513 Marianus
1351 2477 1508 2512 Latinos
1539 2476 1708 2522 ipsorum

207 2527 337 2573 lingua
370 2526 605 2572 admonebat,
643 2540 689 2563 nc
731 2531 941 2563 metuerent
975 2539 1048 2563 neu
1074 2528 1113 2563 in
1140 2527 1306 2562 eiusdem
1333 2525 1422 2562 fidei
1447 2525 1617 2560 homines
1643 2537 1707 2569 pu-

208 2577 378 2621 gnarent.
417 2576 480 2610 sed
508 2575 729 2612 Latinorum
756 2576 908 2622 quidam
933 2579 1090 2622 tzangra
1117 2576 1197 2611 eius
1223 2575 1367 2621 galeam
1394 2575 1516 2620 petiit.
1553 2576 1709 2618 tzangra

208 2636 297 2659 vero
323 2623 423 2670 apud
450 2624 629 2660 barbaros
663 2628 719 2660 est
752 2637 869 2669 arcus,
911 2626 1061 2661 Graecis
1101 2625 1211 2670 plane
1250 2624 1397 2670 ignota;
1435 2634 1504 2659 nec
1537 2621 1708 2657 tenditur

209 2673 342 2708 dextra
368 2684 536 2718 nervum,
568 2674 673 2709 laeva
699 2685 826 2709 arcum
853 2676 893 2709 in
919 2674 1152 2709 contrarium
1177 2673 1370 2708 trahente:
1409 2671 1472 2707 sed
1506 2670 1571 2716 qui
1604 2669 1707 2706 belli-

209 2733 290 2757 cam
317 2721 413 2756 hanc
438 2721 727 2768 longissimeque
752 2723 975 2758 iaculantem
1005 2722 1216 2758 machinam
1235 2720 1412 2766 intendit,
1438 2720 1538 2755 hunc
1556 2720 1708 2764 oportet

209 2781 337 2816 paene,
362 2773 405 2804 ut
424 2770 478 2804 ita
493 2770 626 2815 dicam,
643 2772 903 2816 resupinatum
921 2774 958 2806 et
977 2774 1136 2817 utroque
1151 2770 1244 2817 pede
1268 2769 1315 2805 ad
1339 2772 1582 2805 curvaturam
1600 2779 1708 2802 arcus

210 2818 383 2853 annisum
430 2821 590 2864 utraque
614 2831 728 2854 manu
755 2823 906 2854 strenue
931 2820 1109 2855 chordam
1138 2819 1348 2863 attrahere;
1388 2829 1462 2864 qua
1504 2817 1543 2852 in
1586 2815 1709 2851 media

153 2882 156 2884 *
211 2867 326 2908 tubus
349 2869 405 2907 est
430 2866 552 2907 forma
577 2868 738 2916 cylindri
763 2868 953 2905 dimidiati
994 2881 1193 2917 suspensus
1217 2880 1260 2904 ex
1285 2868 1367 2914 ipso
1393 2877 1518 2908 nervo,
1544 2865 1708 2912 longitu-
