1734 3120
514 224 777 261 ALEXIADIS
806 225 900 262 Lm.
918 225 998 263 XV.
1027 224 1064 264 3.
1437 224 1515 268 321

36 338 189 397 καιρός
218 341 339 386 ἐστιν
366 337 540 394 εὖνοιάς
566 344 794 422 πατρικῆς,
826 343 930 386 καθ’
962 336 1015 386 ὃν
1044 339 1170 400 ἡμεῖς
1202 340 1517 404 ἧνδρισάμεθα,

34 408 185 466 ἕτερος
213 410 263 454 δὲ
290 407 443 467 καιρὸς
476 404 703 467 ἀληθείας,
751 407 940 454 ὅντινα
927 410 1324 466 παραπεπτωκότα
1360 410 1439 458 οὗκ
1467 433 1521 458 αν

34 475 156 532 παρὰ
182 479 352 537 φαῦλον
370 477 514 536 θείην.
544 475 584 522 εἰ
602 478 655 530 δ’,
679 474 794 533 ὅπερ
815 472 960 530 εἶπον,
989 478 1062 521 καὶ
1082 477 1432 537 φιλοπάτορας(
1408 485 1521 540 ημᾶς

33 546 424 590 συναποδείκνυσιν
459 543 485 590 ὁ
531 543 682 602 καιρός
725 562 866 598 ουτος,
915 563 967 589 ου
1013 551 1038 598 †
1083 545 1205 604 παρὰ
1241 552 1326 593 τοῦ
1357 547 1413 593 τὰ
1440 553 1520 608 τῆς

0 607 246 670 Βαληθείας
289 610 560 672 ἐπηλυγὰσαι
599 614 652 658 τὸ
694 617 785 658 τῶν
827 610 1086 694 ἀνθρώπων
1121 617 1439 674 μεμψίμοιρον.
1493 616 1518 663 ὁ

30 681 182 736 μέντοι
210 678 341 739 λόγος
352 676 646 764 ἆνατρεχέτω
670 674 813 735 αὖθις
842 683 958 739 πρὸς
986 681 1038 726 τὸ
1061 685 1365 741 προκείμενον.
1410 680 1559 734 dunc

31 750 69 792 δ’
100 743 229 794 σι’-δέν
257 747 283 794 ὃ
309 744 595 807 αυτοκράτωρ
627 748 757 808 ε’ργον
786 746 914 805 εἶχεν,
949 751 1020 810 ἐφ’
1058 749 1165 796 ὅσον
1194 752 1285 798 ἐκεῖ
1321 771 1410 798 που
1443 753 1522 814 τὴν

30 811 253 861 αὐλαίαν
230 815 459 878 επήγνυτο,
482 814 511 862 3
528 818 784 871 νεολέκτους
802 821 902 877 τῷ]
889 820 1023 862 παντὶ
1042 822 1372 879 συγκαταλένειν
1391 839 1523 879 στρα-

30 882 213 941 τεύματι
233 886 456 943 ἐπιμελῶς
473 903 523 931 τε
544 884 878 940 ἕκπαιδεύειν,“
860 884 988 940 σ’πως
1011 888 1095 946 χρή
1121 886 1252 944 τόξον
1275 891 1433 935 τείνειν
1451 892 1522 935 καὶ

0 950 138 1010 ῠδόρυ
165 954 414 1011 κραδαίνειν
440 955 589 999 ἵππον
621 971 671 999 τε
710 952 910 1000 ἐλαύνειν
947 957 1020 1000 καὶ
1060 956 1247 1015 μερικάς
1285 963 1521 1004 ποιεῖσθαι

30 1018 271 1077 συντάξεις,
301 1020 355 1067 τὸ
384 1020 535 1067 καινὸν
566 1022 709 1067 ἐκεῖνο
754 1025 900 1083 σχῆμα
937 1027 1016 1084 τῆς
1058 1022 1359 1082 παρατάξεως,
1408 1026 1522 1085 ὅπερ

30 1087 164 1142 αὐτὸς
192 1091 377 1148 ἐξεῦρεν,
409 1086 713 1136 ἀναδιδάσκων
741 1090 848 1145 τούς
871 1091 1154 1149 στρατιώτας,
1198 1093 1320 1139 ἔστιν
1356 1087 1409 1140 οὗ
1449 1098 1522 1141 καὶ

31 1154 167 1211 αὐτὸς
193 1157 583 1216 συνιππαζόμενος
611 1157 789 1214 τούτοις
818 1161 891 1205 καὶ
925 1163 1173 1218 παραθέων
1199 1161 1279 1216 τὰς
1300 1161 1523 1223 φάλαγγας

30 1226 104 1269 καὶ
131 1223 185 1270 τὸ
216 1226 319 1271 δέον
347 1225 469 1271 ἅπαν
500 1225 843 1285 ὑποτιθέμενος.
905 1233 986 1274 τοῦ
1018 1227 1142 1289 ἡλίου
1178 1231 1227 1276 δὲ
1255 1235 1345 1276 τῶν
1375 1232 1523 1289 μειζό-

0 1308 120 1343 5νων
146 1289 448 1354 ἀφισταμένου
477 1292 652 1340 κύκλων
679 1297 753 1341 καὶ
783 1298 1156 1354 παραμείψαντος
1183 1300 1265 1355 μὲν
1295 1299 1378 1359 τήν
1405 1305 1565 1360 φθι-Ι)

31 1361 284 1423 νοπωρινὴν
301 1362 542 1423 ἰσημερίαν,
566 1362 893 1419 ἐπικόπτοντος
912 1367 961 1410 δὲ
988 1360 1070 1425 ἤδη
1089 1365 1206 1423 πρὸς
1232 1367 1337 1421 τούς
1363 1386 1518 1414 νοτιω-

29 1431 185 1512 τέρους
211 1429 410 1486 κύκλους,
442 1433 544 1477 ἐπεὶ
573 1431 727 1479 οὑτοσὶ
757 1428 948 1487 εὔθετος
977 1432 1002 1478 ὁ
1035 1434 1189 1492 καιρὸς
1217 1441 1314 1490 ταῖς
1339 1437 1519 1495 ἑκστρα-
1531 1448 1571 1484 Ρ.
1595 1449 1665 1484 469

28 1499 169 1552 τείαις
198 1498 356 1554 ἐδόκει,
387 1499 466 1545 σὺν
497 1498 620 1554 ὅλαις
647 1499 859 1559 δυνάμεσι
897 1503 1092 1547 κατευθὺ
1139 1499 1317 1549 Ἰκονίου
1358 1499 1517 1562 ἤλαυνε

29 1570 135 1612 καθ’
170 1563 222 1613 ὃν
265 1570 463 1629 ἀρχῆθεν
506 1570 736 1627 προέθετο
774 1569 997 1629 λογισμόν.
1060 1573 1134 1616 καὶ
1167 1576 1402 1631 τηνικαῦτα
1440 1572 1519 1632 τὴν

0 1636 217 1682 ῠΝίκαιαν
258 1636 518 1694 καταλαβών
560 1636 783 1694 εὐζώνους
830 1637 1103 1697 στρατιώτας
1152 1643 1245 1697 μετ’
1294 1642 1519 1699 ἐμπείρων

30 1701 261 1762 ἡγεμόνων
288 1700 638 1764 αποδιελόμενος
663 1710 743 1752 τοῦ
774 1709 938 1752 λοιποῦ
966 1706 1294 1765 στρατεύματος
1321 1708 1386 1762 εἷς
1405 1727 1518 1767 προ·

30 1771 172 1831 νομήν
197 1772 308 1818 κατὰ
336 1777 428 1820 τῶν
452 1773 663 1833 Τοὺρκων
690 1778 1019 1834 προεκδραμεῖν
1046 1774 1233 1831 τοί-τοις
1252 1777 1519 1835 παρεκελεύ·

28 1858 137 1886 σατο
166 1843 500 1900 διεσπαρμένως
528 1842 607 1898 τὰς
647 1843 864 1902 ἐκδρομὰς
892 1846 1207 1902 ποιουμένους·
1247 1841 1357 1890 αλλὰ
1391 1847 1573 1904 μηδὲΝ.
1600 1858 1670 1892 371

166 1971 201 2005 3.
226 1970 349 2019 εἷπον]
376 1984 422 2008 ον
444 1983 491 2008 ex
514 1986 527 2006 ι
551 1983 600 2008 ιιι.
625 1973 649 2007 2
676 1972 715 2008 C.
870 1975 905 2009 4.
932 1970 1033 2019 παρὰ
1058 1973 1136 2020 τοῦ]
1164 1974 1411 2030 παραιτοῦμαι
1433 1976 1518 2020 περὶ

161 2019 331 2115 ξιοαῖἔαην
353 2021 413 2104 ΡΊ.
437 2020 547 2067 ἔρχου
571 2020 612 2067 P,
637 2022 795 2058 correxi.
922 2024 976 2058 15.
1006 2019 1294 2069 φθινοπωρινὴν
1317 2021 1357 2065 G,
1384 2026 1517 2070 φθινο-

28 2200 146 2237 fortes
168 2213 238 2237 nos
258 2203 527 2248 praestitimus,
552 2204 653 2240 aliud
681 2207 738 2240 est
760 2204 944 2249 veritatis,
969 2203 1069 2250 quod
1091 2203 1292 2249 contigisse
1306 2201 1398 2238 mihi
1414 2202 1517 2237 haud

30 2250 139 2295 parvi
162 2249 320 2294 faciam;
345 2251 404 2287 sin
431 2255 569 2293 autem,
595 2252 697 2299 quod
721 2253 813 2297 dixi,
848 2264 916 2288 nos
949 2253 1064 2288 etiam
1099 2251 1219 2298 patris
1250 2254 1415 2286 amantae
1440 2262 1516 2286 esse

27 2297 99 2334 hoc
122 2301 271 2344 tempus
297 2299 475 2344 ostendit,
501 2301 655 2336 minime
680 2301 874 2336 hominum
907 2300 1218 2336 obtrectationem
1250 2299 1441 2345 deprecor,
1473 2302 1517 2334 ut

29 2347 227 2382 veritatem
253 2347 516 2384 obumbratam
541 2352 731 2385 excusent.
793 2349 856 2384 sed
880 2349 1008 2384 redeat
1033 2349 1155 2384 oratio
1187 2347 1235 2383 ad
1268 2348 1516 2393 propositum.

28 2406 104 2430 non
130 2394 205 2430 fuit
228 2395 350 2441 igitur
373 2396 447 2432 alia
483 2409 575 2433 cura
598 2397 831 2443 imperatori,
871 2397 962 2432 dum
986 2396 1267 2432 tabernaculum
1310 2395 1364 2430 ibi
1389 2394 1514 2437 habet,

27 2454 141 2489 quam
168 2447 213 2479 ιιι
235 2445 344 2480 novis
366 2445 573 2482 delectibus
598 2450 753 2492 augeret
780 2445 1003 2490 exercitum;
1043 2446 1258 2490 tironesque
1282 2455 1410 2479 arcum
1434 2446 1516 2478 ten-

27 2491 116 2527 dere
138 2494 178 2527 et
215 2491 362 2528 hastam
399 2497 555 2540 quatere
578 2498 617 2530 et
645 2506 760 2540 equos
796 2505 926 2539 regere
951 2497 989 2528 et
1013 2493 1133 2528 divisa
1169 2492 1331 2527 formare
1365 2492 1516 2547 agmina

28 2551 125 2576 novo
147 2539 225 2585 illo,
250 2551 360 2586 quem
391 2542 598 2586 invenerat,
624 2542 736 2578 modo
769 2541 918 2577 docuit:
953 2541 1143 2576 interdum
1178 2544 1215 2575 et
1248 2540 1328 2585 ipse
1359 2551 1444 2575 cum
1467 2540 1516 2574 iis

28 2587 223 2633 equitabat
238 2589 296 2624 vel
310 2589 514 2637 phalanges
534 2591 666 2627 obibat
680 2595 719 2626 et
735 2590 940 2625 necessaria
960 2600 1127 2635 quaeque
1140 2588 1403 2634 prospiciebat.
1440 2587 1515 2623 sole

27 2639 154 2672 autem
177 2648 200 2672 a
226 2638 432 2674 maioribus
462 2639 644 2675 redeunte
669 2638 819 2674 circulis
843 2649 887 2673 ac
904 2638 1109 2683 praeterito
1128 2637 1300 2671 autumni
1318 2637 1514 2681 aequinoc-

28 2685 83 2720 tio
107 2685 183 2720 iam
207 2685 256 2720 ad
280 2687 463 2722 australes
501 2688 610 2724 orbes
646 2687 862 2725 inclinante,
894 2697 978 2721 cum
1014 2689 1162 2730 tempus
1188 2684 1235 2719 ad
1260 2683 1516 2730 expeditiones

28 2732 204 2768 idoneum
228 2733 431 2780 videretur,
453 2737 600 2772 cunctis
625 2736 744 2781 copiis
768 2737 871 2769 recta
896 2733 1064 2769 leonium
1082 2731 1335 2779 proficiscitur
1358 2744 1404 2767 ex
1428 2744 1514 2768 con·

28 2780 113 2816 silio
137 2782 213 2816 iam
236 2781 304 2817 diu
328 2787 461 2830 capto3
487 2788 570 2820 tum
599 2784 773 2819 Nicaeam
797 2782 951 2818 accessit
975 2781 1245 2827 expeditosque
1269 2780 1407 2816 milites
1431 2792 1516 2816 cum

29 2830 162 2874 peritis
197 2830 358 2867 ducibus
393 2836 481 2868 ante
518 2833 705 2878 reliquum
740 2831 946 2866 exercitum
982 2829 1186 2875 praemisit,
1225 2833 1269 2864 ut
1307 2828 1419 2864 divisi
1444 2829 1518 2863 huo

29 2876 119 2913 illuc
154 2879 195 2914 in
217 2878 358 2915 Turcas
383 2885 625 2917 excurrentes
663 2879 946 2926 praedarentur,
970 2877 1047 2923 sed,
1069 2877 1216 2913 etiamsi
1240 2877 1369 2913 divina
1392 2878 1517 2923 gratia

103 2948 219 2986 Anna
242 2950 436 2988 Comma.
488 2952 543 2989 H.
1212 2950 1257 2983 21
