1806 3132
319 215 403 261 562
832 223 1010 259 emon
1038 219 1277 258 momen

319 341 436 399 έρχῃ.
494 341 557 383 De
586 339 771 383 Lusoriis
815 339 909 382 vide
943 338 1198 382 Salmasium
1227 337 1280 380 ad
1312 338 1559 393 Vopiscum:
1590 337 1640 381 de
1660 337 1800 394 Agra-

319 398 394 441 riis
423 409 520 441 vero
550 409 717 439 rursum
746 395 871 438 Anna
901 408 996 450 pag.
1018 395 1113 437 205.

279 461 309 496 Β
454 450 758 509 Ποιμανηνοῦ]
790 452 898 495 Urbs
918 450 1213 494 Villharduino
1233 450 1516 494 Pumenienor
1544 452 1798 506 nuncupata,

320 512 365 554 in
393 510 618 554 Provincia
649 508 922 563 Hellesponti.
980 507 1171 550 Notitiae
1199 508 1356 551 veteres
1390 508 1558 562 passim.

86 570 309 617 Pag.182.A
455 570 482 609 I
485 565 586 617 ’ένος
628 560 877 622 Σκυθικόν]
930 563 1252 606 Patzinacarum
1301 564 1457 607 bellum
1509 577 1604 607 cum
1652 564 1800 607 Alexio

320 624 466 666 narrat
495 623 624 666 etiam
654 623 847 665 Zonaras.
908 620 1016 663 Sunt
1052 633 1149 663 vero
1178 620 1430 664 Patzinazae
1458 634 1560 676 gens
1589 620 1798 676 Scythica,

320 680 369 722 ut
397 679 508 722 idem
537 679 717 722 testatur
746 678 790 720 in
820 677 982 720 Isaacio
1004 676 1146 720 Comn.
1179 677 1220 719 et
1251 676 1451 733 Scylitzes
1481 690 1577 733 pag.
1596 677 1690 720 775.
1736 677 1799 720 De

318 736 372 779 iis
401 736 537 778 multa
579 735 735 790 passim
770 735 896 777 habet
934 732 1234 776 Constantinus
1273 733 1324 776 de
1355 734 1480 777 Adm.
1510 734 1616 789 Imp.
1649 746 1737 788 cap.
1762 734 1800 776 1.

321 793 360 835 2.
391 793 430 835 3.
459 792 498 835 4.
530 792 571 834 et
601 804 683 846 seq.
714 791 756 833 et
785 791 853 833 37.

275 854 309 889 A
459 848 629 898 Τατοῦ]
678 847 788 900 Tati,
819 860 889 890 seu
918 847 1060 898 Tatae,
1092 846 1416 890 Patzinacarum
1447 847 1577 890 Ducis
1607 846 1799 889 meminit

320 905 531 959 praeterea
560 904 669 947 idem
701 904 881 946 Zonaras
909 903 952 946 in
984 903 1109 945 Mich.
1143 904 1275 946 Duca.

277 969 307 1005 B
454 959 696 1016 Δρίστραν]
730 960 908 1012 Dristra,
947 972 1019 1002 seu
1049 960 1206 1012 Drista,
1236 960 1284 1002 ut
1314 960 1378 1003 est
1406 958 1517 1014 apud
1553 959 1798 1012 Cedrenum,

321 1018 422 1061 olim
452 1017 720 1060 Dorostolum
766 1016 893 1068 dicta,
922 1016 1103 1059 Moesiae
1145 1016 1354 1059 inferioris
1399 1016 1498 1059 urbs
1543 1017 1597 1059 ad
1641 1017 1797 1060 Istrum

319 1074 414 1118 sita.
474 1073 580 1117 Vide
605 1073 793 1116 Notitias
823 1073 904 1116 vet.
935 1073 1046 1127 apud
1086 1072 1282 1116 Carolum
1314 1086 1339 1116 a
1371 1072 1413 1117 S.
1442 1072 1576 1116 Paulo
1616 1073 1661 1115 in
1692 1072 1800 1116 Geo-

319 1130 465 1230 gwriafiph.
506 1129 635 1194 §acra
672 1142 768 1185 pag.
793 1130 859 1172 20.
890 1129 932 1172 et
961 1130 1028 1172 52.
1074 1129 1116 1173 et
1163 1130 1368 1185 Excerpta
1410 1128 1645 1185 Geograph.
1692 1130 1799 1172 Bon.

425 1199 546 1230 canu.

278 1252 309 1288 Β
453 1241 678 1296 Βιτζίναν]
727 1242 919 1286 Occurrit
951 1242 1005 1299 ⁴in
1048 1242 1185 1285 Notit.
1230 1241 1475 1285 Andronici.
1540 1241 1646 1285 Vide
1689 1242 1800 1286 infra

349 1313 373 1342 a
408 1333 417 1342 .
445 1300 537 1342 193.

277 1313 347 1399 Bp
376 1312 405 1355 g
450 1352 496 1399 Ὀ
525 1353 574 1398 δὲ
602 1349 811 1411 τραυλός]
856 1354 983 1399 Cuius
1013 1355 1205 1399 meminit
1233 1354 1360 1398 Anna
1391 1367 1556 1399 rursum
1586 1369 1682 1411 pag.
1706 1356 1799 1398 157.

87 1425 309 1473 Pag.183.c
456 1407 667 1463 Σάλινον]
700 1412 871 1455 Rectius
902 1412 1044 1455 Editio
1064 1412 1280 1456 Hoeschel.
1309 1410 1498 1455 Βλίσνον
1527 1413 1665 1456 habet.
1695 1412 1802 1456 Vide

321 1469 422 1512 Not.
452 1469 506 1512 ad
539 1469 744 1512 Villhard.
775 1469 829 1512 N.
850 1470 947 1512 232.

75 1535 162 1582 Pag.
178 1536 258 1572 185.
276 1535 309 1571 A
454 1520 590 1567 Ἀλλὰ
618 1521 776 1579 πεζός]
819 1524 1091 1568 Proverbium
1121 1524 1406 1578 Pindaricum,
1445 1525 1496 1569 de
1536 1538 1617 1581 quo
1645 1524 1801 1581 Dioge-

323 1582 436 1625 nian.
467 1581 635 1625 Centur.
664 1583 702 1625 6.
731 1582 786 1625 N.
808 1583 874 1625 28.
915 1581 1108 1637 Apostol.
1139 1582 1333 1626 Eustath.
1373 1582 1426 1625 ad
1456 1582 1580 1625 Dion.
1608 1582 1802 1625 Moscho-

322 1639 444 1693 pulus
475 1637 582 1692 περὶ
610 1638 776 1691 σχεὸῶν
803 1640 880 1682 etc.

280 1707 311 1743 B
455 1690 669 1751 Σιδηράν]
713 1695 889 1739 Clusura
919 1695 973 1739 ad
1002 1695 1212 1739 Haemum
1243 1696 1428 1738 montem
1456 1695 1517 1738 sic
1546 1695 1799 1750 nuncupata,

320 1750 632 1863 {ggismigerum
672 1752 864 1795 meminit
895 1751 1021 1795 Anna
1063 1752 1136 1795 lib.
1160 1753 1225 1795 10.
1255 1765 1351 1808 pag.
1374 1753 1471 1796 281.
1515 1753 1557 1795 et
1600 1752 1801 1808 Scylitzes

520 1966 585 2010 IN
623 1966 846 2011 LIBRUM
882 1967 978 2010 VH.
1043 1966 1351 2012 ALEXIADIS
1391 1966 1598 2012 NOTAE.

86 2107 175 2155 Pag.
187 2109 264 2144 188.
273 2109 307 2144 A
452 2090 786 2149 ΣΟΛΟΜΩΝ]
839 2092 1037 2136 Salomon
1067 2092 1314 2148 Hungariae
1342 2092 1442 2145 Rex,
1485 2092 1558 2147 qui
1602 2104 1650 2135 ea
1692 2091 1801 2135 tem-

319 2148 480 2203 pestate
522 2149 678 2192 bellum
723 2149 896 2204 gerebat
941 2161 1035 2192 cum
1081 2148 1205 2192 Greisa
1249 2149 1392 2202 fratre,
1437 2161 1616 2204 quocum
1656 2148 1800 2191 foedus

318 2205 470 2248 inierat
515 2204 698 2248 Alexius.
772 2205 982 2248 Thwrocz.
1027 2206 1071 2248 in
1114 2205 1209 2249 Chr.
1240 2205 1384 2261 Hung.
1416 2205 1524 2260 part.
1546 2206 1585 2248 2.
1619 2217 1707 2260 cap.
1731 2206 1798 2248 50.

320 2261 387 2304 51.
416 2262 457 2305 et
485 2262 553 2304 52.
582 2262 623 2305 et
653 2261 816 2304 Bonfin.
847 2262 945 2305 Dec.
967 2263 1006 2304 2.
1037 2262 1132 2305 Rer.
1161 2262 1305 2316 Hung.
1334 2262 1408 2305 lib.
1431 2263 1470 2305 3.
1501 2261 1543 2304 et
1571 2261 1611 2304 4.

273 2323 308 2359 A
453 2314 782 2374 Χαριούπολιν]
814 2318 1023 2373 Oppidum
1054 2318 1200 2361 notum
1221 2318 1516 2362 Villharduino
1548 2318 1590 2361 et
1620 2317 1729 2361 aliis.

277 2388 307 2423 Β
453 2370 817 2431 Βεμπετζιώτης]
844 2375 1019 2428 Nomen,
1050 2375 1190 2430 inquit
1220 2375 1357 2427 Anna,
1389 2388 1414 2418 a
1442 2374 1581 2430 patria
1611 2374 1797 2425 sortituS,

319 2430 691 2530 {3empe1tIzo7fortQ
736 2432 838 2475 urbe
881 2432 991 2475 circa
1030 2432 1300 2487 Euphratem,
1346 2431 1396 2475 de
1441 2444 1523 2487 qua
1552 2431 1726 2474 Nicetas
1754 2430 1799 2472 in

343 2499 436 2530 oan.
509 2521 519 2530 .
573 2521 582 2530 .

277 2551 308 2586 D
452 2539 558 2598 Πάμ
598 2543 728 2599 υλον]
755 2544 880 2588 Cuius
897 2544 1036 2599 oppidi
1058 2544 1216 2600 pariter
1231 2543 1387 2587 mentio
1402 2543 1451 2587 fit
1467 2543 1577 2599 apud
1591 2543 1798 2587 Villhard.

83 2613 379 2698 Pag'lae'Dl‘b
420 2601 554 2699 2ΛῙιέρ
568 2599 687 2699 1έαν]
730 2600 922 2644 Occurrit
957 2601 1072 2644 locus
1108 2601 1189 2644 iste
1228 2600 1339 2656 apud
1368 2601 1563 2644 Nicetam
1590 2600 1635 2643 in
1665 2601 1798 2643 Isaac.

337 2669 351 2698 1
390 2688 400 2698 .
448 2690 457 2699 .
534 2691 543 2699 .
595 2690 604 2699 .

277 2719 310 2755 D
454 2708 759 2768 Λαμπὸλεως]
793 2714 1011 2769 Dampolis
1045 2709 1260 2771 φρούριον
1279 2713 1392 2757 haud
1413 2713 1556 2769 procul
1577 2714 1630 2758 ab
1645 2713 1800 2756 Adria-

321 2768 460 2823 nopoli
488 2769 692 2825 Scylitzae
722 2783 817 2826 pag.
840 2771 935 2813 783.

276 2828 309 2865 D
455 2827 483 2867 Ι
486 2821 627 2882 ὸλόη]
672 2826 931 2870 Memoratur
961 2826 1091 2871 Goloe
1126 2827 1179 2871 ab
1207 2827 1350 2871 eodem
1382 2826 1563 2883 Scylitze
1588 2838 1686 2882 pag.
1703 2826 1798 2870 787.
