1806 3132
276 177 359 222 656
790 188 968 224 omem
996 189 1236 225 noeman

275 300 465 356 Episcop.
496 301 763 357 Neapolitan.
788 303 1084 346 Erchemberto
1116 316 1204 359 cap.
1227 305 1293 347 26.
1326 305 1393 348 27.
1424 304 1502 348 etc.
1528 305 1654 348 Petro
1675 306 1764 350 Da-

276 359 417 401 miano
449 357 572 402 Card.
605 359 688 412 lib.
713 360 749 403 1.
780 360 912 415 Epist.
934 361 972 403 9.
1016 361 1207 404 Authore
1245 360 1440 405 Chronici
1478 360 1519 405 S.
1564 362 1758 406 Vincent.

276 415 327 458 de
358 415 567 459 Vulturno
611 416 684 460 lib.
707 418 746 459 3.
794 417 1031 460 Alexandro
1072 418 1238 460 Abbate
1267 417 1452 461 Celesino
1492 418 1564 462 lib.
1587 419 1623 461 1.
1654 420 1693 462 2.
1723 421 1762 462 3.

277 472 318 514 et
346 472 385 514 4.
418 472 553 515 Leone
582 472 672 516 Ost.
699 473 773 516 lib.
799 475 837 516 2.
870 486 960 528 cap.
977 474 1043 516 59.
1075 475 1116 516 et
1147 475 1214 517 62.
1246 476 1287 517 et
1316 475 1424 518 aliis.
1484 475 1590 518 Erat
1618 477 1760 519 autem

276 529 355 571 hac
383 529 634 584 tempestate
661 529 831 585 Sergius
862 530 1060 585 Princeps
1091 530 1408 587 Neapolitanus,
1446 544 1569 587 quem
1601 532 1763 588 origine

277 586 318 628 et
352 585 523 629 natione
553 585 760 630 Graecum
807 587 934 629 fuisse
971 587 1151 630 testatur
1181 588 1387 643 Rogerius
1420 588 1589 632 Siciliae
1619 588 1765 632 Comes

276 642 319 684 in
350 642 591 697 diplomate,
636 643 746 698 quod
773 644 888 686 extat
930 644 1041 698 apud
1083 643 1175 686 Sur.
1212 646 1251 687 6.
1285 644 1430 689 Octob.
1472 645 1591 688 cuius
1637 646 1765 688 etiam

276 700 420 743 crebra
459 699 569 754 apud
600 700 807 743 Abbatem
855 700 1088 743 Celesinum
1122 701 1303 744 occurrit
1331 702 1500 756 mentio,
1531 702 1641 757 apud
1670 702 1765 745 Fal-

277 768 367 800 con.
390 757 543 799 Benev.
576 757 629 799 A.
653 766 908 801 MGXXXVII.
939 758 979 800 et
1010 757 1053 799 in
1082 756 1232 800 Chron.
1261 757 1399 801 Casin.
1429 759 1501 802 lib.
1523 759 1562 802 4.
1587 771 1675 814 cap.
1697 760 1764 801 89.

277 812 350 868 qui
381 809 548 868 quidem
571 813 741 869 Sergius
763 814 937 857 ultimus
958 814 1041 856 fuit
1063 827 1083 857 e
1104 814 1395 869 Neapolitanis
1425 815 1633 866 Ducibus3
1668 816 1767 858 huic

277 870 387 912 enim
418 870 616 912 successit
632 870 837 925 Rogerius
874 871 1042 914 Siciliae
1065 870 1223 914 Comes.
1259 872 1562 927 Magistrorum
1580 872 1766 915 Militum

276 926 653 981 Neapolitanorum
674 928 820 970 seriem
852 930 893 970 et
913 928 1204 983 genealogiam
1235 929 1362 971 habet
1379 928 1606 984 Capaccius
1636 929 1708 972 lib.
1731 931 1765 972 1.

275 982 389 1026 Hist.
421 983 594 1038 Neapol.
643 985 684 1027 et
715 997 762 1027 ex
798 997 844 1027 eo
878 984 1083 1040 Ughell‘us
1116 985 1233 1028 Tom.
1257 987 1295 1027 6.
1334 986 1431 1028 Ital.
1461 985 1575 1029 Sacr.
1607 999 1645 1040 p.
1670 987 1762 1029 113.

276 1040 408 1083 Porro
438 1039 644 1083 Marinus
687 1040 767 1083 iste
818 1043 1014 1084 Annaeus
1057 1041 1129 1084 ille
1172 1042 1282 1084 idem
1319 1043 1393 1095 est,
1438 1043 1483 1085 ni
1523 1042 1658 1095 fallor,
1695 1043 1768 1098 qui

277 1096 504 1139 subscribit
527 1097 747 1151 ‘Diploma
796 1098 967 1154 Rogerii
1017 1098 1143 1140 Ducis
1194 1098 1386 1153 Apuliae,
1446 1099 1665 1142 Calabriae
1726 1100 1767 1142 et

278 1153 447 1197 Siciliae
487 1154 540 1197 A.
576 1163 750 1197 MXOIII.
796 1167 868 1209 pro
913 1154 1098 1198 Ecclesia
1139 1154 1377 1205 Cusentina,
1435 1156 1545 1211 apud
1591 1156 1768 1199 eundem

278 1210 506 1266 Ughellum
539 1211 584 1252 in
612 1211 709 1253 Ital.
741 1211 869 1255 Sacra
901 1212 1018 1254 Tom.
1041 1212 1079 1254 9.
1110 1212 1222 1254 hisce
1251 1213 1409 1256 verbis:
1439 1213 1534 1268 qu
1561 1212 1769 1256 Marinus

277 1266 522 1322 Imperi-alis
549 1267 766 1323 Mayister
792 1273 915 1324 atque
947 1268 1151 1323 Stratiyo.
1203 1269 1262 1310 Ex
1293 1269 1443 1324 quibus
1473 1271 1588 1324 patet
1608 1269 1768 1325 Magis-

277 1326 429 1367 teriam
465 1324 719 1380 dignitatem
764 1327 816 1369 ab
846 1325 993 1368 Alexio
1031 1326 1072 1368 et
1113 1326 1300 1380 aliquam
1345 1327 1663 1370 Praefecturam
1693 1327 1766 1369 ob-

277 1381 467 1424 tinuisse.
556 1380 676 1424 Certe
713 1381 878 1426 Sebasti
921 1382 1131 1438 dignitate
1173 1383 1226 1425 ab
1268 1384 1392 1426 Anna
1435 1383 1546 1426 infra
1588 1383 1770 1426 donatur

236 1451 320 1542 Bp·
340 1438 623 1552 41ῤ13ογέρην]
655 1495 706 1538 V.
736 1495 883 1539 notata
913 1495 967 1538 ad
997 1497 1181 1552 pag.⁴34.

43 1569 226 1615 Pag.388.
234 1568 267 1603 A
403 1546 502 1595 “Ovs
535 1550 683 1607 Γίδος]
715 1553 834 1596 vetus
868 1552 1055 1608 Scriptor
1083 1554 1128 1596 in
1159 1554 1354 1619 Philippo
1383 1555 1495 1609 Rege
1525 1553 1593 1596 Fr.
1626 1552 1768 1597 Guido

281 1611 418 1651 autem
452 1610 591 1662 frater
629 1609 766 1652 Ducis
808 1613 907 1663 post
934 1613 1096 1665 tempus
1126 1611 1245 1654 breve
1280 1625 1327 1654 in
1346 1610 1575 1667 ‘lanyorem
1601 1611 1765 1663 incidit,

279 1666 343 1708 ita
376 1669 424 1708 ut
472 1666 692 1709 distitutus
733 1666 925 1709 omnibus
963 1668 1160 1710 membris
1204 1668 1262 1711 ad
1304 1671 1489 1711 extrema
1532 1668 1764 1711 duceretur.

279 1722 425 1765 Ascito
455 1723 630 1778 denique
656 1723 807 1776 fratre,
851 1727 946 1766 orat
973 1729 1019 1767 ut
1040 1729 1197 1779 pareat
1234 1740 1339 1780 quae
1366 1727 1413 1768 in
1435 1726 1575 1779 ipsum
1594 1738 1767 1779 peccas-

279 1782 350 1822 set.
405 1778 703 1835 Interroqante
733 1794 838 1835 quae
867 1785 1002 1824 essent
1030 1785 1261 1835 commissa,
1294 1782 1506 1835 confessus
1536 1785 1596 1824 est
1625 1781 1763 1835 Impe-

279 1840 464 1879 ratorem
491 1837 574 1880 sibi
598 1837 737 1891 filiam
763 1851 884 1880 suam
903 1839 1177 1893 spopondisse
1208 1853 1301 1883 cum
1323 1839 1566 1894 Dyrrachio
1605 1842 1642 1881 et
1671 1838 1772 1881 aliis

281 1893 430 1936 donis:
460 1895 630 1948 saepius
657 1894 802 1937 urbem
822 1895 864 1937 vi
894 1899 968 1938 aut
989 1895 1199 1939 deditione
1228 1897 1444 1940 subactam
1464 1896 1550 1939 nisi
1577 1897 1684 1939 cives
1703 1909 1771 1937 re-

280 1951 490 1994 tardasset
508 1964 583 1994 suo
605 1951 816 1994 animatos
834 1952 1008 1995 consilio
1029 1956 1102 1996 etc.
1144 1953 1362 1996 Consentit
1379 1953 1600 1997 Ordericus
1619 1952 1692 1995 lib.
1706 1953 1770 1994 11.

281 2020 319 2062 p.
338 2008 433 2050 823.
450 2009 547 2050 824.
568 2008 880 2064 Maynanimus
899 2008 1005 2052 Dux
1036 2010 1296 2053 multimodis
1318 2010 1549 2054 conabatur
1569 2009 1771 2064 oppidum

282 2078 539 2119 eoepuynare,
566 2066 640 2108 sed
659 2066 942 2120 impediebant
961 2068 1033 2121 qui
1052 2069 1234 2110 maxime
1253 2068 1490 2111 debuissent
1508 2066 1629 2109 illum
1648 2066 1768 2109 adiu-

282 2135 393 2164 vare.
434 2121 575 2165 Guido
607 2124 718 2165 enim
741 2123 881 2176 frater
918 2124 1007 2166 eius
1047 2127 1085 2167 et
1113 2123 1322 2167 Robertus
1351 2124 1402 2168 de
1429 2123 1694 2177 Monteforti,
1724 2123 1772 2165 in

284 2178 434 2233 quibus
478 2179 711 2233 confidebat
742 2193 855 2234 prae
888 2181 1073 2237 caeteris,
1114 2181 1409 2234 fraudulenter
1435 2181 1622 2224 conversi
1651 2183 1772 2223 erant

284 2235 342 2279 ad
380 2239 528 2289 partes
554 2235 847 2291 Imperatoris,
896 2241 934 2280 et
982 2239 1190 2281 excaecati
1226 2239 1279 2282 ab
1317 2252 1374 2291 eo,
1419 2238 1561 2280 missis
1588 2237 1773 2292 inyentis

276 2293 484 2357 pecuniae
503 2294 654 2349 xeniis,
685 2294 759 2336 sed
793 2294 945 2337 callide
967 2295 1293 2349 frustrabantur
1310 2295 1530 2361 molimina
1556 2295 1624 2338 sui
1639 2293 1772 2358 Prin—

283 2353 507 2460 ἕξῖἔιοῗέζζ
560 2350 646 2461 ,53
676 2351 1127 2463 etaetatis.
1144 2350 1772 2472 ⁰s³0223z⁸1153¹1855sat12533

283 2474 326 2504 re
369 2475 468 2506 vera
514 2462 566 2505 iis
618 2463 672 2507 ad
713 2464 985 2508 defectionem
1030 2466 1277 2509 sollicitasse
1307 2465 1542 2509 Guidonem
1588 2465 1630 2508 et
1668 2464 1774 2507 ahos

283 2531 481 2572 proceres.

237 2573 270 2630 A‘
420 2575 755 2634 Κοπρισίανος]
814 2577 1125 2623 Conversanum
1165 2580 1272 2624 forte
1316 2579 1523 2623 Comitem
1569 2578 1774 2632 intelligit

285 2631 434 2675 Anna:
465 2633 608 2676 floruit
640 2636 780 2677 autem
813 2635 891 2678 sub
921 2637 1178 2680 Normannis
1211 2637 1360 2692 Apulis
1393 2636 1635 2679 Triseamus
1665 2634 1774 2677 Con-

283 2689 449 2731 versani
481 2689 638 2743 ComeS,
673 2691 740 2733 cui
774 2705 820 2734 ex
852 2692 958 2737 bello
990 2694 1189 2751 quaesitis
1220 2694 1262 2736 in
1294 2693 1449 2736 sortem
1478 2692 1774 2746 Monspilosus

286 2745 454 2800 obtigit,
506 2747 570 2789 uti
615 2748 761 2791 narrat
793 2748 873 2791 Leo
906 2751 993 2794 Ost.
1025 2750 1097 2793 lib.
1121 2752 1159 2793 2.
1209 2763 1297 2805 cap.
1320 2750 1387 2792 68.
1455 2750 1543 2793 Ille·
1575 2750 1698 2800 idem,
1730 2747 1773 2790 ni

286 2801 426 2857 fallor,
460 2816 581 2858 quem
612 2805 842 2849 Malaterra
881 2806 954 2851 lib.
975 2809 1010 2850 1.
1037 2820 1126 2863 cap.
1149 2810 1214 2852 39.
1254 2807 1327 2850 lib.
1349 2807 1387 2849 3.
1435 2819 1524 2863 cap.
1546 2807 1612 2850 34.
1640 2805 1772 2849 filiam
