1734 3120
190 252 272 294 304
699 258 863 293 ANNAE
894 255 1160 292 COMNENAE

189 369 347 431 ταύτης
392 368 416 416 ὃ
450 371 660 416 Κουλέων
698 367 1046 427 ἀντελαμβάνετο
1084 369 1159 412 καὶ
1199 365 1528 427 ἀμηχανοῦντος
1558 372 1678 413 Κου-

190 442 368 494 λέοντος
401 437 424 484 ὃ
459 441 616 492 Φῶλος
644 431 778 491 αὖθις
807 433 1141 493 ἄντεξανίστατο
1186 433 1214 494 ἢ
1244 437 1317 480 καὶ
1347 434 1463 492 πρὸς
1491 433 1571 488 τὰς
1599 440 1678 491 βα-

191 507 359 562 σιλικὰς
397 505 637 566 προτάσεις
675 508 748 551 καὶ
788 503 1026 565 ὖποφορὰς
1063 499 1195 557 ἄλλος
1232 504 1303 548 ἐπ’
1333 499 1451 563 ἄλλῳ
1479 500 1676 563 ἠγείρετο

153 575 400 635 Οκαθάπερ
432 577 615 634 μέγιστα
641 573 816 632 κύματα
848 574 923 618 ἐπὶ
954 570 1160 630 μεγάλοις
1188 570 1575 629 καταλαμβάνοντα
1606 570 1679 617 κύ·-

192 662 337 703 μασιν.
397 643 500 690 ὁ.δε“
526 641 810 700 αὐτοκράτωρ
856 639 934 694 τὰς
979 638 1128 693 πάσας
1173 638 1344 685 τούτων
1385 638 1574 684 διαλύων
1620 637 1714 692 ιῦς5

194 712 316 759 ἱστὸν
345 709 532 771 οἷράχνης
563 710 784 764 ἐνστάσεις
815 710 1065 767 ἕπε’ρραπτε
1091 710 1171 766 μὲν
1201 704 1339 762 εὔθύς
1367 712 1458 752 τῶν
1476 704 1681 765 ἀκαθάρ-

192 800 280 826 των
307 780 363 826 τά
391 779 608 838 στόματα·
639 778 702 833 ῶς
731 780 779 824 δὲ
799 780 1011 823 πέπεικεν
1039 773 1256 834 οὐδαμῶς,
1283 778 1410 831 τέλος
1429 772 1682 835 ἀπειρηκώς

192 849 308 907 πρὸς
335 848 413 908 τὴν
444 852 532 893 τῶν
561 844 732 904 ἄνδρῶν
760 845 932 892 τούτων
972 841 1235 906 ἠλιθιότητα
1277 846 1542 903 προπέμπει
1579 842 1681 889 τοτ’·-

192 936 295 973 τους
326 918 390 972 εἰς
421 916 502 976 τήν
522 918 727 973 βασιλίδα
757 914 889 961 πόλιν
910 914 1058 960 ἑστίαν
1077 911 1512 973 οἷποκληρωσάμενος
1529 909 1682 966 αὐτοῖς

190 987 269 1041 τὰς
299 988 403 1044 περὶ
432 987 484 1030 τὸ
528 987 638 1044 μέγα
678 982 895 1029 παλάτιον
940 981 1241 1041 περιδρόμους
1284 980 1430 1036 στοάς.
1501 979 1553 1027 οὗ
1596 981 1682 1041 μὴν
1697 1001 1734 1035 10

190 1050 364 1115 ἄθηρος
392 1051 675 1098 παντάπασιν
705 1045 767 1111 ἦν,
800 1051 840 1097 εἰ
869 1053 942 1096 καὶ
971 1049 1157 1104 τούτους
1175 1050 1279 1105 τούς
1299 1047 1514 1110 ἀρχηγοὺς
1533 1048 1681 1108 λόγοις

147 1131 255 1184 Βτῷ
284 1124 395 1177 τέως
425 1119 504 1167 οὐκ
533 1119 768 1180 ἑθήρασεν,
801 1117 892 1165 ἄλλ’
933 1118 1095 1180 ἡμέρας
1124 1117 1307 1178 ἑκάστης
1350 1121 1546 1178 προσῆγε
1579 1122 1679 1177 Θεῷ

193 1190 310 1238 ὅπου
340 1193 419 1249 μὲν
443 1189 609 1245 ἑκατόν,
644 1188 761 1234 ὅπου
791 1191 839 1234 δὲ
869 1190 942 1234 καὶ
973 1189 1156 1242 πλείους
1183 1192 1273 1233 τῶν
1293 1186 1460 1243 ἑκατόν,
1495 1185 1555 1241 (ὃς
1574 1204 1682 1244 συμ-

191 1263 452 1307 ποσοῦσθαι
480 1257 585 1312 τούς
605 1277 653 1304 τε
688 1259 1111 1316 προτεθηραμένους
1140 1259 1212 1301 καὶ
1241 1255 1345 1310 τούς
1377 1259 1452 1301 νῦν
1482 1254 1575 1301 ὑπὸ
1605 1259 1683 1316 τῆς

22 1341 80 1379 Ῥ.
107 1343 179 1378 456
191 1327 351 1375 τούτου
381 1326 575 1387 γλώττης
605 1325 856 1380 ἑαλωκότας
884 1326 947 1380 εἰς
985 1327 1144 1383 μυρίας
1174 1327 1245 1370 καὶ
1282 1323 1478 1381 χιλιάδας
1508 1321 1683 1381 α’νδρῶν
1698 1345 1734 1380 15

192 1394 585 1457 πολυαριθμήτων.
652 1396 724 1440 καὶ
752 1397 796 1440 τί
824 1393 903 1453 γὰρ
936 1396 1006 1440 δεῖ
1037 1395 1174 1452 λέγειν
1204 1395 1277 1438 καὶ
1308 1394 1548 1450 διατρίβειν
1577 1394 1683 1449 περὶ

192 1458 255 1512 ῶν
284 1464 309 1527 ἡ
341 1463 553 1522 σύμπασα
585 1463 817 1521 οἰκουμένη
848 1464 1080 1509 ἐπίσταται
1122 1463 1194 1507 καὶ
1232 1460 1449 1519 μάρτυρές
1487 1460 1572 1506 εἶσι
1611 1462 1684 1505 καὶ

190 1530 381 1591 α’νατολὴ
410 1534 483 1577 καὶ
511 1530 657 1586 δύσις;
687 1530 844 1585 πόλεις
873 1529 952 1589 γὰρ
984 1528 1090 1584 ὅλας
1120 1531 1191 1575 καὶ
1221 1528 1367 1587 χώρας
1395 1533 1493 1582 ταῖς
1519 1546 1684 1573 παντο-

191 1604 356 1654 δαπαῖς
383 1598 578 1657 αἱρέσεσι
608 1600 930 1658 κεκρατημένας
955 1597 1258 1656 πολυτρόπως
1285 1596 1351 1651 εἷς
1370 1595 1448 1658 τὴν
1469 1595 1683 1658 ἡμετέραν

192 1666 442 1726 ὅρθόδοξον
471 1665 703 1726 μετήνεγκε
734 1668 899 1713 πίστιν.
959 1665 1063 1720 τοὺς
1091 1667 1171 1723 μὲν
1200 1664 1254 1710 τὰ
1278 1667 1438 1722 πρῶτα
1467 1666 1684 1724 φέροντας
1697 1690 1734 1726 2(

191 1735 392 1796 μεγάλων
435 1731 558 1795 ἠξίου
602 1737 783 1793 δωρεῶν
827 1736 899 1780 καὶ
939 1737 1031 1780 τῶν
1075 1737 1360 1791 στρατιωτῶν
1404 1738 1501 1786 τοῖς
1530 1735 1683 1791 λογάσι

329 1835 360 1870 3.
387 1830 495 1874 ἄλλος
519 1835 668 1880 scripsi:
695 1830 783 1868 ἄλλο
811 1832 880 1870 σὺν
907 1834 945 1879 C,
971 1830 1069 1880 ἄλλῷ
1097 1831 1166 1869 σὺν
1191 1833 1231 1869 Ρ.
1385 1835 1418 1869 4.
1446 1831 1524 1878 ἐπὶ]
1550 1834 1563 1867 ὶ
1589 1832 1628 1867 in
1655 1831 1683 1868 C

329 1894 349 1918 e
369 1894 466 1920 corr.
492 1895 540 1918 m.
559 1886 592 1918 2.
690 1879 882 1930 μεγάλοις]
909 1896 943 1917 οι
969 1883 1009 1918 in
1034 1883 1060 1918 C
1086 1894 1106 1918 e
1130 1894 1226 1919 corr.
1253 1893 1301 1917 m.
1320 1883 1353 1918 2.
1516 1882 1549 1917 7.
1576 1881 1619 1915 δὲ
1643 1881 1683 1916 in

331 1931 358 1966 C
384 1931 468 1967 add.
493 1933 533 1967 in
564 1943 637 1978 mg.
664 1943 713 1966 m.
733 1934 766 1966 2.
843 1932 1039 1976 πέπεικεν]
1068 1943 1097 1966 ει
1126 1932 1166 1967 in
1192 1930 1218 1966 C
1243 1942 1263 1966 e
1288 1942 1384 1967 corr.
1410 1941 1459 1966 m.
1475 1930 1509 1964 2.
1626 1931 1682 1964 11.

330 1976 472 2027 ἄθηρος
495 1980 550 2022 C¹‚
577 1976 715 2026 ἅθυρος
739 1979 824 2016 C2P.
910 1977 1097 2027 ἀρχηγοὺς
1122 1979 1273 2026 scripsi:
1300 1977 1476 2026 ἀρχαίους
1499 1977 1540 2013 P.
1626 1974 1684 2012 λό-

328 2042 409 2075 γοις
433 2029 581 2075 scripsi:
607 2025 738 2075 λόγους
762 2028 830 2064 CP.
981 2031 1035 2065 13.
1061 2028 1220 2074 πλείους]
1248 2041 1289 2062 ου
1314 2029 1353 2063 in
1371 2027 1398 2063 C
1420 2039 1439 2063 e
1459 2038 1554 2063 corr.
1582 2038 1630 2062 m.
1649 2027 1683 2062 2.

331 2078 385 2113 18.
407 2074 554 2116 πόλλεις
578 2077 615 2113 C.
752 2078 810 2112 21.
838 2077 987 2124 δωρεῶν
1013 2077 1162 2123 scripsi:
1190 2077 1330 2123 δορεῶν
1353 2077 1416 2122 (m.
1443 2075 1521 2111 ead.
1557 2086 1684 2121 super·

328 2127 479 2172 scripsit
506 2125 707 2173 προνοιῶν)
729 2125 767 2171 C,
793 2126 980 2172 προνοιῶν
995 2125 1034 2161 P.
1131 2129 1210 2165 ταῖς
1235 2125 1276 2171 P,
1306 2125 1465 2162 correxi.

196 2230 324 2266 statim
349 2230 561 2277 excipiebat
586 2234 624 2267 et
648 2231 718 2268 hoc
751 2243 900 2278 quoque
935 2232 1157 2278 perturbato
1184 2231 1322 2267 Pholus
1354 2242 1484 2266 rursus
1518 2241 1682 2276 pugnam

196 2279 409 2325 capessebat
438 2279 497 2315 vel
521 2280 635 2315 etiam
659 2283 790 2316 contra
808 2281 1046 2326 imperatoris
1060 2280 1368 2316 ratiocinationes
1382 2279 1683 2324 obiectionesque

197 2327 290 2363 alius
315 2339 425 2374 super
453 2327 567 2363 alium
592 2329 731 2370 extitit,
759 2330 855 2364 sicut
870 2329 1023 2364 maximi
1049 2340 1203 2375 magnos
1222 2327 1358 2364 fluctus
1374 2328 1579 2374 excipiunt.
1620 2326 1684 2362 sed

195 2376 412 2421 imperator,
436 2388 690 2423 quaecumque
714 2378 986 2423 obiciebantur,
1012 2382 1203 2424 tamquam
1222 2388 1443 2412 aranearum
1458 2376 1550 2411 telas
1565 2376 1685 2411 discu-

196 2425 294 2459 tiens
319 2425 468 2470 impura
490 2437 619 2461 eorum
645 2437 712 2461 ora
736 2427 863 2461 statim
886 2426 1086 2462 obstruxit.
1125 2426 1199 2470 sed,
1220 2426 1285 2461 ubi
1300 2425 1518 2471 neutiquam
1539 2426 1585 2461 iis
1603 2436 1685 2470 per-

197 2473 352 2509 suadere
376 2474 512 2518 potuit,
539 2473 690 2509 tandem
726 2478 919 2520 pertaesus
944 2478 1072 2510 tantae
1113 2475 1297 2510 stultitiae
1334 2473 1685 2518 Constantinopolin

198 2532 259 2556 eos
282 2521 414 2556 deduci
441 2522 545 2557 iubet
570 2522 804 2558 habitatione
830 2524 1018 2569 assignata
1051 2525 1090 2558 in
1129 2523 1338 2569 porticibus
1375 2522 1503 2568 magni
1542 2521 1682 2567 palatii.
1725 2554 1728 2558 .

198 2580 265 2604 nec
302 2573 427 2605 tamen
464 2572 590 2606 omnia
632 2571 732 2606 illius
758 2575 866 2607 erant
894 2572 1047 2617 frustra,
1074 2572 1162 2607 licet
1188 2572 1288 2617 ipsos
1317 2570 1400 2606 illos
1423 2570 1534 2606 duces
1559 2570 1684 2615 dispu-

198 2617 405 2653 tationibus
433 2619 599 2654 nondum
624 2621 798 2665 cepisset3
842 2620 906 2655 sed
944 2620 1101 2667 singulis
1139 2619 1271 2655 diebus
1309 2619 1379 2654 deo
1418 2619 1686 2654 reconciliabat

200 2665 308 2700 modo
333 2670 494 2712 centum,
508 2668 619 2703 modo
635 2669 750 2703 etiam
767 2668 938 2714 amplius,
956 2672 1009 2713 ut,
1029 2669 1060 2704 si
1078 2680 1170 2715 quos
1193 2671 1231 2704 et
1254 2671 1364 2703 antea
1383 2669 1422 2702 et
1443 2670 1535 2703 tunc
1556 2667 1686 2712 lingua

199 2714 340 2759 ceperit
365 2715 667 2761 comprehendas,
694 2728 873 2752 numerus
899 2718 938 2752 in
964 2718 1083 2753 multa
1108 2717 1226 2752 millia
1252 2718 1453 2752 excrescat.
1505 2715 1568 2750 sed
1594 2714 1686 2761 quid

199 2773 243 2796 ea
270 2773 568 2809 commemorem,
591 2776 687 2810 quae
711 2768 813 2801 totus
848 2766 919 2801 scit
942 2766 1046 2801 orbis
1071 2769 1258 2801 terrarum
1284 2771 1397 2810 atque
1433 2764 1557 2799 oriens
1591 2763 1685 2799 occi-

199 2809 362 2856 densque
388 2813 601 2847 testantur?
634 2815 732 2848 totas
758 2814 856 2849 enim
884 2814 1157 2850 haereticorum
1191 2815 1313 2849 omnis
1337 2812 1488 2859 generis
1510 2816 1548 2847 et
1574 2812 1684 2847 urbes

199 2861 237 2893 et
261 2859 432 2904 regiones
457 2861 690 2896 multimodis
715 2862 762 2897 ad
800 2874 924 2898 veram
964 2862 1073 2898 fidem
1113 2865 1280 2898 nostram
1317 2861 1487 2897 adduxit.
1546 2861 1685 2896 etenim
1724 2859 1731 2896 J

198 2906 382 2953 primores
406 2909 551 2954 magnis
582 2909 689 2944 donis
712 2909 890 2956 dignatus
914 2910 1068 2946 delectis
1097 2911 1283 2946 militibus
1313 2909 1529 2955 adscripsit3
1562 2908 1682 2944 humi·
1703 2924 1734 2959 fg

1717 2958 1731 2974 ‘9
