1806 3132
494 187 549 221 IN
578 186 867 228 ALEXtADEM
892 190 1055 225 NOTAE
1436 185 1520 228 535

38 302 286 359 παρίστρια,
330 303 463 348 eidem
493 303 565 348 lib.
587 305 627 347 4.
658 304 712 347 N.
737 305 771 348 1.
808 300 863 346 τὰ
892 302 1002 347 κατὰ
1034 303 1304 361 Βρανιζόβαν
1333 307 1405 351 καὶ
1435 311 1519 352 Βε-

37 356 231 416 λεγράδα.
262 361 314 404 V.
334 360 505 404 Annam
539 371 635 417 pag.
661 362 754 404 190.
776 362 872 404 271.
903 362 944 404 et
975 362 1135 406 Notata
1164 364 1218 407 ad
1246 378 1341 420 pag.
1362 366 1459 410 242.

169 428 320 488 Λόγον
348 427 604 485 ἀπαθείας]
638 434 763 477 Anna
793 447 960 478 rursum
979 449 1075 490 pag.
1092 437 1187 480 249.
1204 438 1300 480 292.
1339 438 1561 483 VerbumB
1590 442 1597 450 '

35 491 270 534 securitatis
299 490 406 533 dixit
451 491 611 534 Paulus
653 491 771 534 Diae.
815 491 887 534 lib.
908 492 974 534 23.
1008 492 1168 535 Histor.
1197 494 1315 536 Misc.
1365 495 1520 540 Vellem

36 547 214 603 effuyere
242 551 281 590 et
308 547 449 590 venire
486 548 544 591 ad
573 551 623 599 te,
654 548 894 590 transmitte
923 562 1022 602 erqo
1061 549 1166 592 milei
1207 551 1376 594 verbum
1404 566 1520 595 secu-

34 604 189 658 ritatis,
218 607 258 647 et
284 617 386 659 quos
415 603 480 647 hic
509 604 664 647 habeas
694 605 862 655 amicos,
893 608 941 647 ut
967 604 1042 648 hoc
1072 607 1133 648 eis
1161 607 1342 663 credam,
1371 612 1410 651 et
1437 623 1521 652 me-

11 663 131 703 'cum
160 664 393 704 occurrant.
459 660 577 703 Alibi
606 661 785 704 Verbum
814 661 935 711 nude,
966 661 1040 704 lib.
1062 662 1126 705 18.
1153 663 1194 705 et
1227 664 1293 706 19.
1324 665 1401 706 etc.
1451 666 1520 708 Ita

35 715 181 761 Sermo
225 718 420 761 tuitionis
462 717 573 772 apud
621 717 879 760 Marculfum
909 718 981 761 lib.
1006 719 1043 761 1.
1076 731 1164 773 cap.
1188 720 1255 761 24.
1314 720 1370 763 Iu
1398 722 1520 765 verbo

26 787 197 828 ponere,
241 774 287 816 in
329 774 375 817 L.
406 774 545 818 Saliea
585 774 653 816 tit.
678 775 743 817 14.
776 775 817 817 et
849 775 919 817 59.
948 775 989 817 et
1019 775 1130 830 apud
1161 774 1334 831 Gregor.
1366 778 1519 820 Turon.

34 831 106 874 lib.
127 831 166 874 9.
197 831 358 874 Histor.
388 843 476 886 cap.
500 831 566 873 19.
600 831 641 873 et
671 832 738 873 27.
771 832 849 874 hoc
874 832 948 882 est,
979 831 1023 873 in
1047 844 1168 875 suam
1199 833 1378 876 tutelam
1416 835 1522 877 reci·

33 900 138 942 pere.
195 887 308 930 Hinc
333 888 486 930 nostris
514 887 714 942 loquendi
752 900 851 931 usus
881 887 1118 941 familiaris,
1164 889 1326 932 donner
1351 904 1402 933 sa
1435 905 1519 944 pa-

32 944 132 996 role,
165 957 224 997 eu,
237 944 390 998 parole
418 944 469 987 ole
497 944 605 999 Roy.
656 944 746 998 Quo
767 944 958 999 spectant
988 958 1095 999 quae
1123 945 1174 988 de
1193 947 1330 989 verbis
1350 947 1521 1001 Episco-

33 1013 181 1055 porum
210 1001 335 1044 habet
354 1001 506 1044 Petrus
527 1001 736 1044 Blesensis
768 1001 903 1056 Epist.
924 1001 990 1044 51.
1031 1001 1168 1045 Verba
1196 1002 1520 1059 Episcoporum,

35 1058 108 1111 qui
135 1056 436 1112 Apostolorum
464 1061 564 1101 suut
587 1057 674 1111 fili-i
703 1061 743 1100 et
769 1058 978 1108 haeredes
1009 1059 1094 1101 vim
1122 1060 1379 1103 iuratoriam
1403 1061 1451 1103 in
1477 1074 1522 1104 se

33 1113 198 1166 habeut,
228 1118 276 1158 ut
301 1115 350 1158 in
378 1115 439 1157 eis
466 1114 767 1158 iusiurandum
795 1115 862 1166 sit,
894 1114 1005 1169 quod
1033 1118 1094 1158 est
1135 1116 1304 1159 verbum
1342 1117 1521 1170 simplex

34 1171 82 1214 iu
111 1171 224 1223 aliis,
255 1175 294 1214 et
323 1172 434 1226 quod
461 1172 509 1214 ‘ln
539 1171 641 1214 aliis
669 1175 730 1214 est
757 1171 938 1225 simplex
961 1172 1217 1225 periuri-um,
1249 1173 1520 1229 saerileyium

31 1228 163 1270 sitin
193 1227 295 1271 illis.
355 1227 405 1271 Id
445 1228 575 1271 etiam
620 1229 816 1271 convenit
858 1228 1023 1282 Regum
1062 1229 1104 1271 et
1134 1229 1376 1283 Principum
1422 1243 1518 1284 pro-

30 1284 182 1337 missis,
214 1284 365 1339 quibus
393 1285 562 1328 solenne
592 1285 655 1327 est
682 1284 806 1327 fidem
828 1297 947 1328 suam
974 1284 1084 1328 nude
1103 1285 1377 1340 interponere,
1399 1300 1519 1341 prae-

30 1340 174 1439 seriilzim
204 1341 370 1441 {nando
400 1353 497 1384 cum
523 1341 703 1384 subditis
734 1341 951 1396 quidpiam
982 1342 1129 1396 agunt,
1164 1343 1239 1385 aut
1273 1342 1326 1385 iis
1355 1343 1516 1398 aliquid

29 1410 81 1452 po
117 1410 209 1440 lcen
230 1410 294 1441 ur.

157 1460 204 1508 ‘O
244 1466 494 1520 Καρκῖνος]
543 1465 651 1509 Vide
703 1465 953 1509 Michaelem
1002 1465 1269 1521 Apostolium
1318 1465 1515 1510 Proverb.
1530 1467 1557 1502 C

30 1520 148 1565 Cent.
172 1522 237 1564 11.
268 1521 306 1577 ς.
330 1522 394 1565 11.
425 1522 467 1565 et
496 1521 608 1565 infra
637 1534 732 1577 pag.
753 1522 850 1565 247.

126 1628 129 1630 .
162 1588 318 1640 Γίδον]
354 1590 454 1632 Tres
484 1589 655 1632 extitere
671 1590 892 1633 Wiscardo
922 1603 969 1634 ex
987 1590 1222 1646 Sigelgaita
1243 1591 1420 1646 coniuge
1439 1590 1516 1633 filii
1529 1592 1616 1639 Pag.
1635 1594 1751 1631 159.ss

28 1646 228 1696 masculi;
256 1646 468 1703 Royerius
484 1646 579 1688 Dux
599 1646 801 1701 Apuliae3
832 1647 939 1690 alter
955 1647 1175 1699 Robertus,
1199 1647 1272 1701 qui
1293 1647 1518 1690 subscribit

28 1702 226 1757 Diploma
257 1703 430 1759 Rogerii
473 1703 618 1746 fratris
660 1703 790 1746 Ducis
824 1703 1043 1747 Calabriae
1088 1717 1161 1758 pro
1192 1704 1378 1746 Ecclesia
1408 1703 1517 1746 Con-

28 1759 193 1803 sentina
210 1759 261 1802 A.
277 1769 451 1803 chm.
468 1760 579 1814 apud
596 1760 826 1815 Ughellum
844 1760 974 1803 Tomo
996 1761 1034 1803 9.
1056 1760 1153 1803 Ital.
1171 1759 1284 1804 Sacr.
1307 1773 1402 1815 pag.
1421 1760 1515 1802 257.

27 1828 104 1859 nec
130 1816 265 1859 multo
305 1817 399 1872 post
429 1817 556 1866 obiit;
591 1816 743 1858 tertius
776 1816 932 1860 Guiclo.
992 1817 1034 1859 Is
1063 1816 1205 1859 navali
1237 1816 1392 1870 praelio
1421 1829 1516 1859 cum

28 1872 199 1916 Venetis
229 1872 336 1916 inito
365 1873 573 1926 interfuit,
603 1873 669 1915 uti
700 1874 826 1916 Anna
856 1873 1167 1916 commemorat.
1226 1873 1418 1915 Fratrem
1443 1872 1515 1915 de-

27 1929 124 1971 inde
168 1929 460 1972 Boemundum
514 1930 559 1972 in
604 1929 920 1984 Expeditionem
967 1929 1140 1972 Sacram
1183 1929 1514 1983 proficiscentem

29 1985 267 2037 comitatus,
298 1986 466 2029 fortiter
495 1987 547 2029 iis
579 1986 624 2029 in
650 1986 772 2029 bellis
802 1999 844 2029 se
875 1987 1018 2041 gessit,
1053 1998 1181 2040 eoque
1211 1985 1378 2028 nomine
1408 1985 1514 2027 cele-

28 2042 174 2085 bratur
194 2055 220 2085 a
241 2042 468 2086 Tudebodo
497 2043 570 2086 lib.
592 2044 632 2086 4.
662 2043 845 2086 Roberto
867 2043 980 2086 Mon.
1002 2042 1075 2085 lib.
1097 2043 1135 2085 6.
1168 2041 1364 2084 Baldrieo
1385 2041 1458 2084 lib.
1473 2042 1513 2083 3.

28 2097 230 2142 Guiberto
274 2099 346 2142 lib.
376 2100 415 2142 5.
462 2112 551 2154 cap.
582 2101 648 2142 26.
699 2099 741 2142 et
768 2100 835 2142 27.
877 2100 917 2142 et
947 2099 1162 2141 Willelmo
1208 2098 1333 2153 Tyrio
1379 2097 1451 2140 lib.
1474 2099 1511 2140 6.

27 2168 116 2210 cap.
141 2156 205 2198 11.
252 2155 387 2199 Periit
426 2156 596 2199 tandem
637 2156 709 2198 ille
745 2169 792 2198 ex
821 2155 938 2207 febri,
970 2154 1212 2198 Boemundo
1242 2154 1372 2196 fratre
1403 2154 1513 2209 Dyr-

26 2211 218 2254 rachium
246 2211 460 2256 obsidente
491 2213 614 2255 Anno
644 2212 800 2255 Christi
820 2221 973 2256 MCVII.
1003 2212 1052 2253 ut
1082 2211 1278 2254 docemur
1309 2223 1354 2252 ex
1372 2210 1511 2264 Scrip-

26 2268 116 2311 tore
144 2268 359 2312 Historiae
388 2269 594 2312 Hierosol.
622 2281 717 2324 pag.
740 2270 836 2311 608.
868 2268 979 2322 apud
1010 2267 1314 2322 Bongarsium3
1343 2266 1511 2309 tametsi

27 2325 282 2380 probabilius
314 2325 455 2369 soluta
499 2326 586 2369 iam
623 2325 836 2368 obsidione
882 2325 924 2367 et
967 2337 1068 2379 pace
1099 2324 1291 2366 Alexium
1330 2323 1441 2365 inter
1470 2324 1511 2365 et

27 2381 316 2424 Boemundum
344 2381 514 2426 firmata
548 2382 712 2434 obiisse,
744 2394 790 2424 ex
819 2381 871 2423 iis
902 2394 1008 2435 quae
1048 2381 1100 2423 ab
1129 2380 1253 2422 Anna
1285 2378 1511 2422 narrantur

25 2437 99 2480 lib.
123 2439 188 2480 13.
219 2451 315 2494 pag.
336 2439 433 2482 388.
466 2440 508 2482 et
533 2452 617 2494 seq.
678 2437 874 2481 Orderico
905 2437 993 2480 Vit.
1026 2436 1099 2479 lib.
1124 2437 1187 2478 11.
1222 2448 1317 2490 pag.
1341 2435 1437 2477 824.
1469 2435 1509 2478 et

27 2495 108 2537 vet.
138 2493 349 2550 Scriptore
379 2496 451 2550 qui
479 2496 594 2538 extat
623 2496 698 2537 To.
719 2495 759 2537 4.
790 2494 901 2537 Hist.
932 2494 1079 2536 Franc.
1111 2505 1207 2547 pag.
1229 2493 1295 2534 95.

161 2564 445 2623 Βοθρεντόν]
478 2568 668 2623 Rogerus
685 2567 955 2610 Hovedenus:
983 2565 1055 2608 Ad
1082 2565 1239 2607 exitum
1258 2563 1431 2606 Insulae
1459 2563 1548 2606 dec

31 2622 212 2678 Guverfu
240 2625 287 2668 iu
315 2625 531 2669 Romania
576 2628 635 2667 est
667 2623 894 2667 Castellum
938 2622 1157 2676 desertum,
1201 2620 1312 2675 quod
1353 2620 1510 2663 dicitur

24 2679 284 2733 Buteutrost,
314 2695 442 2736 suqoer
480 2682 598 2725 littus
626 2680 774 2732 maris,
803 2680 850 2722 iu
881 2692 960 2734 quo
990 2677 1125 2721 Iudas
1153 2677 1353 2731 proditor
1382 2680 1509 2719 uatus

25 2741 128 2780 erat.
186 2738 445 2782 Buthrotum
475 2736 748 2793 Geographis‚
793 2735 858 2778 uti
887 2747 1012 2789 supra
1040 2734 1292 2787 monuimus.
1338 2733 1505 2777 Servius

26 2793 80 2837 ad
107 2793 215 2837 illud
244 2794 417 2850 Virgilii
446 2795 519 2838 lib.
542 2796 581 2837 3.
613 2793 786 2836 Aeneid.
816 2791 877 2835 Et
904 2791 1058 2835 celsam
1086 2789 1288 2833 Buthroti
1317 2789 1505 2833 ascendi-
