1806 3132
266 228 349 273 620
782 236 959 273 GAROLI
984 236 1223 273 DUGANGH

265 351 567 405 Persarmenio‚
600 352 673 408 qui
701 352 793 396 tum
813 351 1076 409 Cappadocia
1105 352 1354 408 potiebatur,
1386 352 1436 396 de
1466 364 1548 409 quo
1577 353 1746 397 Nicetas

264 409 308 452 in
337 410 454 453 Ioan.
483 409 537 453 N.
561 411 599 453 5.
631 411 672 454 et
702 412 741 454 6.
763 410 805 454 et
835 410 1062 454 Cinnamus
1089 411 1161 454 lib.
1186 411 1223 453 1.

223 467 253 503 A
399 460 556 521 Ἀσάν]
590 467 671 521 Qui
697 467 823 524 Tyrio
854 468 927 511 lib.
949 470 986 511 5.
1017 467 1228 520 Amanus,
1263 467 1500 511 Raimundo
1531 468 1581 512 de
1600 467 1746 524 Agiles

267 523 310 568 et
339 523 435 567 aliis
466 522 706 568 Cassianus.
766 524 872 567 Vide
906 526 1069 568 Annam
1098 525 1172 568 lib.
1196 525 1261 567 14.

225 583 256 620 B
400 573 795 636 Ἀγρουστόπολιν]
825 582 892 625 Ita
915 582 1056 625 Editio
1086 582 1264 625 Hoesoh.
1323 581 1392 624 An
1422 575 1748 637 Λῦγουστόπο-

267 636 347 690 λιν,
377 651 504 693 quam
533 638 577 681 in
600 638 786 694 Phrygia
814 638 968 682 statuit
990 638 1168 682 Suidas‘?
1199 638 1304 682 Vide
1334 638 1504 683 Annam
1533 652 1629 695 pag.
1650 639 1746 682 478.

227 698 253 734 c
402 687 492 748 Ὀξέ
494 710 554 746 ως
569 692 770 749 Δρόμου]
785 695 963 739 Fernam
979 695 1167 749 fiuvium,
1182 709 1254 739 seu
1266 695 1446 750 Far-far,
1465 696 1537 751 qui
1557 697 1598 740 et
1614 696 1747 740 Oron-

265 754 325 794 tes
354 751 520 804 dicitur,
548 752 764 806 intelligit,
796 753 869 807 qui
899 765 944 796 eo
975 752 1066 796 1000
1098 765 1179 808 quo
1214 751 1329 796 Galli
1359 753 1499 808 copias
1534 767 1631 797 suas
1659 754 1749 796 tra-

266 807 482 861 duxerunt,
516 809 805 864 rapidissimus
834 809 909 852 est.
967 808 1248 853 Conferendus
1278 810 1479 853 Albertus
1501 810 1583 865 Aq.
1613 811 1686 853 lib.
1708 811 1746 853 3.

266 877 356 920 cap.
377 866 444 907 32.
502 866 633 909 Porro
663 866 930 909 Antiochiam
976 867 1253 921 pervenerunt
1281 867 1413 909 nostri
1435 867 1501 909 12.
1532 867 1629 910 Kal.
1659 867 1749 910 No-

266 922 400 965 vemb.
420 921 461 966 4.
492 922 614 966 Feria
642 922 901 967 A.·MXCVI1.
933 923 1090 967 Tudeb.
1119 924 1191 967 lib.
1213 925 1252 966 2.
1288 924 1458 967 Robert.
1476 924 1590 967 Mon.
1615 924 1688 968 lib.
1707 925 1746 967 3.

266 978 428 1022 Albert.
458 978 538 1034 Aq.
569 979 642 1023 lib.
664 980 702 1022 3.
735 992 824 1034 cap.
845 981 912 1023 38.

227 1034 254 1069 C
399 1035 681 1091 Σεληνιακαῖς
708 1035 852 1090 τρισί]
898 1036 1034 1091 Atqui
1060 1049 1130 1091 per
1171 1038 1209 1080 9.
1241 1037 1394 1080 mensis
1437 1037 1608 1081 durasse
1638 1038 1749 1080 obsi-

266 1091 430 1136 dionem
448 1092 754 1136 Antiochenam
773 1093 950 1137 tradunt
965 1093 1165 1136 Albertus
1180 1094 1260 1149 Aq.
1279 1094 1353 1137 lib.
1372 1094 1412 1137 4.
1435 1107 1523 1149 cap.
1540 1095 1607 1137 25.
1640 1094 1748 1138 Otho

267 1148 447 1204 Frising.
486 1150 559 1193 lib.
583 1151 619 1193 7.
652 1163 739 1204 cap.
761 1151 799 1193 2.
831 1151 872 1193 et
902 1150 995 1201 3]11;
1034 1162 1117 1203 sen,
1160 1151 1209 1193 ut
1245 1151 1372 1194 habet
1401 1151 1608 1195 Robertus
1633 1152 1747 1194 Mon.

268 1206 340 1249 lib.
363 1205 401 1248 7.
434 1207 526 1249 octo
557 1220 730 1259 menses,
761 1207 870 1250 diem
904 1220 1048 1250 unum.
1121 1206 1229 1251 Sane
1279 1208 1487 1251 obsessam
1533 1208 1749 1251 civitatem

269 1263 334 1305 11.
363 1262 461 1328 Kal.
486 1263 689 1307 Novemb.
719 1264 885 1318 captam
906 1277 1002 1307 vero
1015 1265 1053 1307 3.
1075 1264 1185 1307 Non.
1206 1265 1298 1307 Iun.
1331 1265 1459 1308 refert
1487 1265 1750 1308 Raimundus

228 1319 317 1440 (ld-e
348 1319 650 1431 Αῗὲῖὶένιος]
685 1375 870 1432 Pyrrhus
896 1378 1092 1443 'nomi-ne,
1134 1390 1205 1443 seu
1251 1379 1299 1421 ut
1341 1379 1404 1422 est
1436 1379 1546 1444 apud
1575 1378 1750 1435 Tyrium

267 1433 339 1475 l1b.
359 1432 397 1475 5.
432 1446 520 1488 cap.
540 1434 604 1476 11.
632 1433 674 1477 et
707 1435 772 1476 19.
802 1432 928 1477 Emer
947 1434 1112 1486 Fezrus,
1142 1434 1185 1477 1d
1218 1436 1292 1488 est,
1324 1436 1529 1479 Dommus
1550 1436 1748 1492 Pyrrhus.

267 1489 394 1532 Hunc
428 1490 478 1533 de
506 1503 655 1545 genere
686 1491 916 1534 ΤΗΙ-00111111
950 1491 1077 1534 fuisse
1114 1492 1302 1535 scribunt
1333 1492 1582 1536 Tudebodus
1617 1492 1689 1535 lib.
1710 1493 1749 1535 2.

267 1558 362 1601 pag.
374 1548 466 1590 792.
484 1547 727 1590 Fulcherius
741 1547 814 1590 lib.
835 1548 974 1602 Lcap.
991 1549 1028 1591 9.
1050 1548 1257 1592 Robertus
1272 1549 1384 1593 Mon.
1416 1549 1488 1593 lib.
1507 1550 1544 1592 5.
1575 1549 1748 1604 pag.53.

267 1602 430 1647 Albert.
462 1604 543 1659 Aq.
574 1604 646 1646 lib.
665 1605 704 1647 4.
739 1616 826 1658 cap.
850 1605 914 1647 16.
939 1605 979 1647 et
1006 1605 1228 1648 Baldricus
1257 1606 1330 1649 lib.
1352 1607 1389 1650 2.
1421 1619 1517 1662 pag.
1540 1606 1634 1649 109.
1652 1618 1751 1649 con-

266 1659 334 1702 tra
378 1672 505 1716 quam
537 1661 670 1712 Anna,
714 1673 820 1716 quae
848 1660 1096 1704 Armenium
1125 1661 1241 1705 facit.
1314 1662 1394 1706 Sed
1422 1663 1524 1706 haec
1554 1663 1751 1706 conciliat

265 1716 528 1760 Raimundus
557 1717 608 1760 de
627 1717 774 1773 Agiles
794 1730 889 1773 pag.
912 1718 1005 1762 148.
1028 1719 1069 1761 et
1092 1719 1185 1762 149.
1215 1718 1514 1775 quiPyrrhum
1541 1733 1671 1762 unum
1701 1720 1752 1762 de

269 1772 464 1817 Turcatis
498 1773 625 1817 fuisse
660 1774 735 1827 ait,
765 1774 843 1817 1100
879 1775 953 1827 est,
994 1775 1045 1819 de
1082 1775 1300 1819 Armeniis
1337 1780 1375 1820 et
1396 1776 1573 1820 Graecis
1600 1776 1752 1820 Antio-

266 1830 383 1874 chiae
410 1830 573 1883 incolis,
617 1845 719 1886 quos
765 1831 926 1875 Turcae
963 1835 1089 1887 capta
1129 1833 1260 1887 paulo
1305 1837 1402 1877 ante
1432 1834 1534 1877 urbe
1573 1847 1654 1887 pro
1679 1847 1750 1887 pe-

266 1887 396 1931 nuria
435 1888 754 1932 domesticorum
786 1888 1087 1946 Turcaverant,
1126 1890 1238 1933 datis
1274 1904 1325 1933 ex
1352 1904 1432 1934 sua
1459 1894 1580 1946 yeme
1605 1890 1751 1934 uxori-

268 1944 356 1987 bus.
416 1943 535 1987 Adde
565 1944 815 1988 Guibertum
845 1945 917 1988 lib.
941 1947 980 1990 6.
1010 1959 1098 2001 cap.
1121 1947 1186 1990 17.
1795 1958 1798 1961 ⁴

36 2008 255 2056 Pag.319.A
403 1997 697 2057 Κουρπαγάν]
728 2002 905 2045 Iacobus
932 2003 982 2046 de
1008 2003 1197 2047 Vitriaco
1226 2004 1297 2048 lib.
1318 2004 1354 2046 1.
1386 2017 1476 2060 cap.
1499 2005 1563 2047 19.
1598 2003 1749 2048 Gorba-

266 2057 381 2112 9ath,
408 2070 526 2112 quem
552 2060 688 2102 nostri
714 2058 948 2114 vulqariter
980 2058 1201 2104 Corbaran
1241 2061 1470 2115 appellant.
1544 2061 1751 2104 Robertus

268 2114 497 2157 Monachus
541 2115 614 2159 lib.
637 2117 675 2159 6.
727 2115 878 2171 Tyrius
921 2116 994 2160 lib.
1016 2117 1055 2160 5.
1099 2130 1188 2172 cap.
1217 2118 1280 2160 14.
1328 2118 1573 2161 Pulcherius
1622 2117 1694 2160 lib.
1713 2118 1752 2160 1.

268 2183 355 2225 cap.
380 2171 445 2213 14.
504 2170 703 2216 Albertus
734 2172 815 2227 Aq.
846 2173 887 2215 et
912 2173 986 2217 alii
1018 2172 1252 2218 C'orbaham
1295 2175 1336 2217 et
1370 2173 1605 2226 Corbalam,
1634 2174 1752 2230 Hay-

267 2228 392 2270 tonus
425 2226 674 2282 Gorbanam,
712 2229 958 2273 Vincentius
990 2230 1150 2274 Bellov.
1184 2230 1417 2287 Corbeyath
1445 2231 1611 2275 vocant.

221 2290 254 2324 A
406 2283 625 2342 Τατίκιον]
689 2286 855 2341 Fugam
889 2286 1064 2330 Tatticii
1106 2288 1147 2331 et
1183 2288 1410 2331 discessum
1454 2288 1506 2331 ab
1537 2287 1753 2331 obsidione

269 2339 527 2384 Antiochena
556 2343 732 2386 narrant
757 2342 957 2387 Albertus
986 2343 1067 2399 Aq.
1094 2344 1167 2387 lib.
1190 2346 1229 2388 3.
1259 2357 1348 2399 cap.
1368 2345 1436 2388 38.
1460 2345 1502 2387 et
1521 2345 1589 2387 40.
1666 2344 1752 2387 Ro-

268 2397 410 2439 bertus
439 2397 551 2440 Mon.
596 2399 669 2442 lib.
690 2399 730 2442 4.
758 2412 856 2454 pag.
877 2400 945 2443 48.
986 2401 1207 2444 Baldricus
1237 2401 1309 2445 lib.
1331 2402 1370 2445 2.
1404 2414 1499 2456 pag.
1523 2402 1618 2444 103.-
1650 2401 1752 2443 Rai-

270 2453 450 2495 mundus
478 2454 529 2497 de
547 2455 694 2511 Agiles
723 2469 818 2511 pag.
843 2457 935 2499 146.
973 2457 1123 2513 Tyrius
1153 2458 1224 2501 lib.
1244 2458 1284 2501 4.
1317 2471 1404 2513 cap.
1426 2459 1494 2502 23.
1525 2456 1752 2501 Guibortus

271 2509 342 2552 lib.
359 2509 399 2551 4.
431 2523 519 2565 cap.
540 2512 603 2555 10.
663 2513 726 2555 De
744 2513 979 2556 Boemundi
1009 2514 1182 2558 consilio
1212 2515 1336 2558 silent
1360 2527 1514 2558 omnes

230 2578 259 2613 B
404 2563 573 2623 Λιμόν]
618 2569 681 2612 De
711 2569 963 2614 difficultate
1002 2583 1192 2614 annonae
1226 2572 1271 2614 in
1306 2571 1456 2615 castris
1493 2571 1751 2613 Francorum

271 2623 405 2676 agunt
434 2623 633 2667 Albertus
662 2626 744 2680 Aq.
774 2626 846 2669 lib.
866 2628 906 2670 4.
937 2640 1027 2682 cap.
1047 2628 1115 2671 50.
1145 2628 1249 2672 Rob.
1268 2629 1382 2672 Mon.
1413 2628 1485 2671 lib.
1505 2628 1545 2670 4.
1575 2626 1751 2671 Guiber·

271 2679 341 2721 tus
371 2678 442 2722 lib.
460 2680 499 2723 4.
532 2693 618 2736 cap.
633 2683 671 2724 6.
703 2682 744 2725 et
774 2683 861 2726 alii.

230 2745 259 2780 Β
406 2735 661 2789 Χρυσίνοις]
708 2734 942 2793 Χρύσινος,
972 2753 1169 2783 nummus
1198 2753 1360 2784 aureus.
1421 2740 1577 2784 Concil.
1626 2739 1752 2784 Chal-

273 2791 474 2858 oed'.A⁰}³'
494 2794 559 2860 12.
579 2800 747 2852 τροφῆς
767 2794 892 2838 ἕνεκα
920 2796 993 2839 καὶ
1009 2795 1298 2853 παραμυθίας
1328 2797 1427 2839 καθ’
1460 2794 1643 2840 ἕκαστον
1668 2795 1752 2839 ἑνι-

271 2862 404 2891 αυτον
423 2864 508 2891 ανα
534 2849 785 2903 διακασίους
803 2851 1033 2909 χρυσίνους
1052 2852 1401 2910 λαμβανέτωσαν.
1441 2854 1510 2898 Ita
1528 2854 1751 2898 Dositheus
