1806 3132
553 251 609 285 m
635 250 923 286 mmm
949 254 1111 289 NOTAE
1481 251 1563 295 655

15 344 17 347 ⁴
91 363 190 420 Tyr.
222 363 295 407 lib.
314 363 355 407 3.
385 376 475 419 cap.
500 364 566 408 10.
591 364 666 407 lib.
685 366 750 408 13.
782 378 870 421 cap.
897 367 962 410 11.
982 367 1158 424 Rigord.
1175 370 1227 413 A.
1247 381 1378 415 MCXI.
1409 372 1569 416 willel:

13 418 14 421 ’
90 420 255 464 Briton.
280 419 355 464 lib.
375 421 415 463 2.
442 433 540 485 pag.
564 421 658 464 115.
690 421 863 466 'raetica
894 423 1023 467 Ducis
1053 424 1229 470 Clivens.
1260 440 1355 484 pag.
1373 429 1441 472 57.
1473 430 1563 473 119.

89 476 203 520 Hist.
234 476 386 520 Arturi
416 476 546 520 Ducis
572 477 680 520 Brit.
711 491 808 534 pag.
829 479 896 522 94.
926 481 1003 524 etc.

3 587 12 600 h,
225 536 346 587 Ἀπό
373 559 423 587 τε
453 543 534 603 τῆς
552 539 743 600 πεύκης]
775 546 974 590 Albertus
994 548 1074 604 Aq.
1104 549 1176 592 lib.
1198 551 1237 593 2.
1268 563 1355 606 cap.
1373 552 1439 594 36.
1469 551 1604 602 Fa-13

0 628 18 650 .-;
88 599 207 645 cadas
234 601 432 645 ardentes
459 615 554 645 cum
563 602 664 655 pice
691 606 731 645 et
757 602 887 657 adipe
913 604 1076 648 iactant
1102 619 1228 660 super
1257 608 1504 651 machinam.

5 676 15 697 ἐ
222 663 401 724 Πύργος
430 664 628 723 ξύλινος]
656 670 874 714 Eiusmodi
902 671 1066 727 ligneae
1093 674 1221 716 turris
1250 674 1562 730 descriptionem
1575 687 1659 734 Peg.
1674 688 1795 724 384.ss

87 724 149 768 sic
179 726 463 780 repraesentat
491 726 699 770 Robertus
727 727 957 771 Monachus
984 729 1056 772 lib.
1079 731 1117 773 7.
1173 729 1312 774 Facta
1338 736 1397 774 est
1426 732 1564 787 liynea

0 827 3 838 ἶ
87 781 240 847 turris.
278 781 462 836 lapideis
503 783 693 826 turribus
731 785 838 826 satis
874 784 1012 836 altior,
1053 790 1092 828 et
1134 787 1339 831 machinis
1376 788 1564 831 omnibus

86 851 194 892 quae
221 841 434 882 mtrorsus
475 844 599 882 erant
626 840 885 883 eminentior.
955 841 1149 885 Habebat
1176 847 1313 887 autem
1342 845 1428 887 tria
1453 844 1564 888 sola-

85 894 169 994 {22⁹
190 895 1564 1006 ΜἭῗῆᾍαῖἴθὲἔίῗᾍῧέωὲῗᾜέβέἔὲζ

84 1008 207 1063 yittis
233 1012 274 1051 et
313 1008 530 1063 lapidibus
570 1013 610 1052 et
643 1010 756 1064 pilis
784 1013 823 1053 et
847 1010 1027 1064 facibus.
1084 1012 1239 1056 Subtus
1266 1017 1387 1056 erant
1413 1013 1566 1057 nihilo-

7 1072 10 1075 ’
84 1065 227 1108 mimas
245 1066 415 1121 armati,
443 1066 516 1121 qui
544 1069 663 1109 rotas
687 1067 988 1122 impinqebant,
1026 1081 1152 1122 super
1180 1083 1285 1123 quas
1312 1070 1449 1125 ipsam
1476 1073 1564 1112 tur-

8 1145 10 1147 ·
84 1135 175 1164 rem
202 1122 518 1166 constituerunt.
550 1123 634 1166 Ubi
653 1122 836 1169 Solaria.
866 1137 938 1167 seu
954 1124 1174 1177 Tabulata,
1204 1127 1326 1169 vocat
1346 1126 1562 1178 Robertus,

0 1213 8 1219 .
88 1189 195 1232 quae
224 1177 379 1234 στέγας
405 1179 545 1231 Anna,
573 1179 739 1234 proprio
770 1180 992 1223 vocabulo:
1028 1194 1125 1224 nam
1151 1182 1192 1224 et
1223 1182 1319 1225 inde
1350 1181 1564 1237 Tristeyae

85 1233 286 1278 dicuntur
313 1235 463 1288 turres,
491 1249 599 1291 quae
617 1236 752 1279 tribus
782 1237 975 1279 constant
990 1237 1175 1290 Solariis,
1204 1238 1314 1293 apud
1344 1237 1560 1294 Sugerium

88 1289 133 1333 in
161 1290 266 1334 Lud.
298 1291 396 1335 VII.
426 1305 517 1347 cap.
540 1293 605 1335 10.
633 1293 675 1335 et
704 1292 822 1335 Wffl.
851 1293 1068 1336 Britonem
1092 1294 1164 1336 lib.
1182 1294 1223 1337 4.
1253 1296 1295 1337 et
1313 1295 1350 1338 7.
1379 1294 1560 1349 Philipp.

84 1346 298 1391 Stationes
326 1350 533 1392 vocantur
561 1348 607 1391 in
627 1349 757 1404 Epist.
788 1349 911 1392 Bald.
933 1350 1038 1404 Imp.
1068 1349 1147 1393 GP.
1168 1350 1219 1393 de
1247 1351 1562 1406 Expugnatione

86 1402 515 1460 constantinopoleos.
591 1405 893 1448 Describuntur
931 1407 1141 1460 praeterea
1183 1419 1254 1449 eae
1281 1408 1427 1458 turres,
1458 1419 1560 1462 quas

83 1458 247 1504 Phalas
302 1462 345 1504 et
373 1460 606 1515 Berfredos
643 1462 855 1505 interdum
883 1463 1107 1517 appeUant,
1144 1476 1169 1505 a
1198 1462 1398 1506 Guiberto
1426 1463 1497 1506 lib.
1520 1464 1558 1506 6.

5 1559 7 1562 .
84 1516 174 1571 cap.
198 1518 264 1560 18.
382 1518 421 1561 ὀ
456 1519 529 1562 lib.
549 1520 589 1562 8.
621 1531 710 1573 cap.
734 1519 797 1561 15.
830 1520 894 1562 18.
933 1519 1004 1562 lib.
1022 1520 1089 1562 20.
1129 1532 1217 1574 cap.
1242 1520 1307 1562 16.
1338 1519 1557 1574 Anonymo

84 1573 130 1615 in
158 1573 271 1616 Hist.
345 1574 508 1618 ierosol.
550 1588 646 1631 pag.
672 1576 793 1618 1168.
826 1575 1001 1631 Vegetio
1026 1575 1097 1619 lib.
1113 1576 1153 1618 4.
1184 1588 1273 1630 cap.
1294 1576 1358 1618 17.
1391 1576 1454 1619 18.
1484 1575 1557 1618 Vi-

84 1629 196 1673 truv.
226 1631 305 1674 etc.
329 1631 438 1675 Vide
465 1632 604 1675 Notas
634 1633 798 1675 nostras
827 1632 880 1675 ad
909 1631 1160 1675 Ioinvillam.

216 1703 510 1763 Πανουργίαν]
561 1705 783 1749 Ordericus
811 1705 965 1748 Vitalis
996 1704 1068 1748 lib.
1091 1706 1130 1747 9.
1170 1704 1219 1747 de
1247 1704 1418 1747 Alexio:
1445 1703 1557 1747 Erat
1568 1715 1791 1762 Pag.387.A

3 1805 6 1806 .
83 1760 196 1803 enim
240 1761 423 1806 callidus
468 1767 508 1806 et
552 1763 779 1816 facundus,
822 1762 970 1817 larque·
1011 1765 1050 1804 et
1086 1760 1267 1814 fallendi
1307 1761 1463 1814 artifex
1487 1761 1556 1803 in-

7 1920 9 1922 -
86 1831 311 1934 qmwssgi·
330 1889 379 1934 ἐκ
398 1886 669 1942 Νεαπόλεως
689 1890 913 1946 Μαρῖνον]
945 1889 1146 1933 Evocavit
1156 1888 1324 1932 Alexius
1343 1888 1552 1931 Marinum
1567 1893 1595 1926 Β

85 1947 427 2002 Neapolitanum,
468 1948 534 1991 uti
562 1948 798 2003 appellatur
835 1960 930 2002 pag.
950 1948 1046 1989 400.
1088 1946 1160 2001 qui
1201 1947 1292 1987 tum
1334 1945 1377 1987 in
1406 1945 1554 1987 castris

83 2003 243 2057 aderat,
295 2016 380 2048 non
424 2017 447 2047 e
475 2005 665 2059 Neapoli,
712 2005 822 2059 quod
865 2003 969 2046 velle
1004 2002 1168 2046 videtur
1202 2000 1387 2044 eruditus
1420 2001 1551 2043 Inter-

84 2073 189 2115 prae.
247 2061 351 2104 Erat
398 2061 483 2114 ille,
524 2061 586 2104 ait
614 2062 753 2113 Anna,
799 2074 846 2104 ex
876 2072 1024 2115 genere
1057 2059 1147 2100 τῶν
1176 2056 1550 2111 Μαϊστρομιλίων,

83 2115 151 2159 vel
197 2117 338 2172 potius
367 2116 755 2172 Μαῖστραμίλτων,
798 2118 875 2160 hoc
912 2118 987 2168 est,
1032 2128 1079 2158 ex
1108 2114 1268 2157 familia
1298 2113 1551 2177 Principum,

83 2173 156 2228 qui
184 2173 362 2228 Neapoli
405 2174 451 2216 in
479 2175 607 2218 Italia
636 2174 962 2217 dominabantur
990 2184 1036 2214 eo
1066 2184 1179 2222 aevo,
1207 2169 1414 2234 Mayistn
1441 2168 1553 2211 milt-

82 2231 171 2272 tum
198 2231 442 2285 nuncupati,
473 2244 579 2286 quae
609 2243 801 2285 suprema
822 2231 911 2272 tum
941 2228 1023 2270 fuit
1050 2228 1095 2269 in
1115 2227 1215 2269 urbe
1245 2226 1439 2280 dlgmtas‚
1470 2237 1552 2279 qua

79 2285 182 2328 olim
210 2286 389 2342 insignis
418 2288 512 2330 erat
558 2287 629 2342 qui
662 2286 938 2341 Neapolitano
976 2283 1131 2326 tractui
1155 2281 1468 2337 praeficiebatur
1498 2280 1551 2322 ab

0 2367 1 2370 =
82 2342 409 2398 Imperatoribus
457 2341 946 2397 Constantinopolitanis‚
994 2341 1041 2382 ut
1073 2339 1144 2394 qui
1174 2338 1352 2381 Militiae
1379 2336 1551 2400 Italicae

2 2422 10 2429 .
81 2399 176 2441 Dux
213 2399 333 2451 esset,
371 2401 414 2443 et
443 2396 756 2455 Στρατηλάτης,
804 2398 848 2440 id
876 2398 950 2448 aet,
999 2395 1211 2450 Mayister
1251 2393 1440 2443 militum,
1488 2393 1549 2434 uti

80 2455 206 2499 hocce
234 2455 484 2499 vocabulum
524 2456 852 2511 interpretantur
882 2453 1021 2496 Latini
1062 2451 1301 2505 Scriptores.
1347 2448 1549 2512 Constan-

80 2511 197 2554 tilius
226 2512 380 2566 Porph.
410 2513 461 2556 de
487 2513 614 2555 Adm.
644 2513 749 2566 Imp.
778 2523 868 2578 cap5
889 2510 955 2551 27.
985 2508 1035 2550 de
1064 2507 1246 2550 Ducibus
1262 2504 1548 2559 Neapolitanis

0 2587 7 2610 t
79 2568 263 2612 scribens
280 2584 291 2612 ε
312 2567 458 2613 ἰστέον
475 2565 545 2613 ὅτι
564 2565 588 2611 ὁ
603 2565 944 2621 Μαὶὶῐτρομελης
963 2559 1238 2627 ἓρμηνετὲετᾳι
1256 2562 1309 2618 τῇ
1327 2557 1549 2613 Ῥωμαίων

7 2619 9 2621 ’
79 2623 291 2682 διαλέκτῳ
332 2622 585 2668 Κατεπάι·ω
633 2625 712 2667 τοῦ
741 2623 946 2676 στρατοῦ.
1023 2620 1218 2682 Magnstn
1265 2617 1335 2659 isti
1363 2615 1545 2659 militum

79 2680 408 2736 Neapolitanum
436 2683 633 2738 posthaec
667 2681 746 2723 sibi
774 2678 1036 2722 asseruerunt
1065 2675 1336 2725 dommatnm,
1381 2684 1546 2715 excusso

83 2735 338 2782 Graecorum
369 2739 659 2795 Augustorum
689 2737 802 2790 iugo,
837 2734 999 2777 retenta
1031 2728 1367 2793 nihilominus-di
1428 2728 1546 2770 itatis

79 2787 370 2849 appellatione,
418 2796 484 2838 uti
526 2794 680 2850 passim
722 2793 938 2835 observare
979 2789 1040 2832 eet
1069 2800 1116 2830 ex
1144 2785 1344 2840 Gregono
1420 2818 1431 2826 .
1461 2783 1545 2826 ΡΡ.

79 2849 152 2893 lib.
175 2850 214 2894 7.
242 2851 393 2896 Indict.
413 2854 454 2895 2.
484 2852 615 2907 Epist.
638 2850 704 2892 75.
733 2848 887 2891 Ioanne
908 2845 1093 2889 Diacono
1123 2841 1292 2898 Neapol.
1322 2842 1366 2884 in
1396 2839 1545 2883 Chron.
