1734 3120
192 237 274 278 358
696 242 863 281 ANNAE
901 242 1173 282 COMNENAE.

191 357 215 405 ὁ
246 358 326 417 γὰρ
358 355 642 417 αὐτοκράτωρ
672 358 778 414 τούς
812 358 1066 415 ἁπανταχοῦ
1105 362 1185 417 γῆς
1211 359 1418 419 μαθητὰς
1458 362 1532 406 καὶ
1569 377 1678 419 συμ-

145 425 357 484 Βμύστας
397 432 476 474 τοῦ
515 430 750 475 Βασιλείου
790 426 1200 486 μεταπεμψάμενος
1238 430 1312 474 καὶ
1349 427 1539 487 μάλιστα
1574 428 1678 483 τούς

190 493 362 541 δώδεκα
400 498 660 555 λεγομένους
704 495 911 555 μαθητὰς
956 492 1240 554 ἀπεπειρᾶτο
1278 498 1352 542 καὶ
1392 495 1564 543 τούτων
1602 500 1681 551 τῗς

189 561 376 623 γνώμης.
443 566 516 609 καὶ
556 557 664 624 ἦσαν
701 559 904 621 ἄντικρυς
940 564 1142 622 μαθηταὶ
1172 566 1422 611 Βασιλείου.
1495 566 1568 610 καὶ
1599 563 1678 623 γὰρ

189 628 428 689 ἑνεβάθυνε
471 633 523 678 τὸ
565 631 698 678 κακὸν
743 633 816 677 καὶ
836 652 842 658 ·
861 631 924 686 εἷς
969 630 1109 685 οἰκίας
1152 633 1359 691 μεγίστας
1400 635 1472 679 καὶ
1510 635 1715 679 πολλοῦὸ

31 708 70 743 Ρ.
97 710 165 743 491
189 697 397 761 πλήθους
439 698 587 760 ἥψατο
635 698 687 745 τὸ
729 697 886 746 δεινόν.
960 697 1178 757 καθάπαξ
1222 693 1299 746 οὖν
1341 702 1680 762 κατεψηφίσατο

188 769 407 826 πυρκαϊὰν
435 770 527 816 τῶν
560 764 816 826 ἀλλοτρίων,
853 771 1004 814 τοῦ-τε
1035 770 1282 829 κορυφαίου
1313 771 1386 815 καὶ
1418 772 1497 815 τοῦ
1527 772 1679 827 χοροῦ.

189 838 528 895 ἀθροιζομένων
568 835 647 895 γὰρ
693 840 786 882 τῶν
831 837 1139 896 φωραθέντων
1182 839 1445 897 Βογομίλων
1487 839 1561 883 καὶ
1592 841 1682 883 τῶν

187 905 268 963 μὲν
297 908 375 966 τῆς
404 908 532 966 σφῶν
566 900 947 963 ἀντιποιουμένων
984 904 1206 963 αἱρέσεως,
1247 910 1337 951 τῶν
1374 909 1413 952 δ’
1452 903 1681 964 οἷπαρνου-

187 974 332 1031 μένων
361 971 618 1019 παντάπασι
647 975 720 1018 καὶ
750 972 865 1031 πρὸς
890 972 995 1027 τοὺς
1023 974 1276 1033 ἐλέγχοντας
1305 974 1494 1033 ἰσχυρῶς
1523 970 1682 1020 ἄνθισ-
1698 978 1734 1012 1(

187 1043 388 1099 ταμένων
431 1043 504 1090 καὶ
542 1042 620 1101 τὴν
658 1041 954 1101 Βογομιλικνῗν
998 1041 1306 1088 ὄιαπτυόντων
1347 1045 1532 1103 αἳρησιν,
1580 1044 1683 1089 ἐπεὶ

188 1109 378 1168 ἑτοίμως
408 1109 432 1155 ὁ
462 1108 756 1168 αὐτοκράτωρ
788 1109 965 1165 τούτοις
994 1110 1221 1157 πιστεύειν
1253 1109 1333 1158 οὔκ
1363 1108 1490 1168 εἶχεν,
1520 1113 1593 1157 ἵνα
1621 1110 1681 1172 μή

190 1196 258 1232 τις
302 1177 515 1233 πολλάκις
562 1179 831 1238 Χριστιανὸς
871 1184 968 1234 τοῖς
1013 1182 1282 1238 Βογομίλοις
1325 1179 1388 1235 ὥς
1433 1179 1685 1239 Βογόμιλος

187 1243 497 1308 ἆναμιγνύηται
537 1246 564 1310 ἢ
592 1246 843 1307 Βογόμιλος
882 1248 943 1304 ὦς
972 1250 1241 1308 Χριστιανὸς
1277 1248 1502 1310 ὄιαδράσῃ,
1535 1248 1684 1296 καινόν

188 1334 285 1361 τινα
315 1314 486 1375 τρόπον
517 1318 773 1371 ἐπινοεῖται,
797 1319 852 1363 δι’
886 1310 939 1364 οὗ
960 1317 1002 1364 οἱ
1024 1314 1166 1373 ὅντως
1185 1320 1449 1377 Χριστιανοὶ
1478 1315 1684 1379 ἄποφαν-
1700 1325 1734 1361 ΙΞ

190 1383 425 1445 θήσονται.
478 1387 554 1431 ἐπὶ
582 1390 663 1432 τοῦ
693 1389 924 1444 βασιλικοῦ
954 1388 1101 1433 τοίνυν
1130 1392 1183 1450 τῇ
1211 1389 1306 1446 μετ’
1328 1384 1462 1449 αὐτὴν
1481 1391 1684 1449 καθῆστο

148 1452 376 1511 Βθρόνου.
437 1456 599 1500 πολλοὶ
638 1455 687 1500 δὲ
714 1459 950 1514 τηνικαῦτα
993 1460 1197 1516 παρῆσαν
1235 1460 1313 1516 τῆς
1350 1475 1398 1502 τε
1443 1454 1684 1517 συγκλήτου

192 1523 264 1567 καὶ
305 1526 383 1581 τῆς
428 1521 548 1580 ἱερᾶς
591 1522 780 1569 συνόδου
822 1525 894 1570 καὶ
935 1528 1025 1570 τῶν
1050 1526 1303 1583 Ναζιραίων
1330 1523 1487 1580 αὐτῶν,
1521 1523 1686 1571 ὁπόσοι
1729 1541 1731 1543 ·

190 1587 321 1648 λόγου
351 1595 567 1648 μετεῖχον,
601 1590 796 1650 λογάδες.
856 1590 1037 1638 πάντων
1076 1595 1129 1639 δὲ.
1154 1597 1244 1638 τῶν
1281 1592 1360 1654 τὴν
1388 1591 1685 1653 Βογομιλικὴν

35 1665 79 1703 V.
107 1667 177 1702 388
190 1659 516 1716 ἐγκαλουμένων
544 1661 714 1717 αἵρεσιν
739 1661 784 1714 ἐς
811 1659 862 1706 τὸ
895 1663 1033 1719 μέσον
1063 1661 1177 1720 ὁμοῦ
1208 1663 1533 1719 παραχθέντων
1563 1660 1587 1707 ὁ
1608 1664 1734 1707 αἶα-2(

189 1725 417 1784 τοκράτωρ
437 1721 573 1782 αὖθις
609 1729 927 1786 ἐπερωτᾶσθαι
957 1730 1142 1778 ἕκαστον
1173 1732 1412 1776 ἐκέλευσεν.
1473 1729 1534 1784 ὦς
1561 1731 1610 1776 δὲ
1640 1728 1683 1775 οἳ

188 1795 268 1852 μὲν
297 1793 553 1854 ὡμολόγουν
582 1795 829 1856 Βογόμιλοι
856 1794 968 1845 εἶναι
998 1801 1072 1845 καὶ
1101 1802 1180 1861 τῆς
1216 1803 1344 1859 σφιῗν
1373 1798 1564 1856 ἰσχυρῶς
1583 1794 1684 1843 ἄντ-

322 1912 355 1946 3.
382 1909 569 1958 μαθητὰς]
599 1908 857 1952 ἀποστόλουςῬ
955 1914 988 1949 5.
1014 1910 1214 1971 ἔνερόθυνε
1240 1914 1308 1961 ΟΡ,
1333 1915 1491 1951 correxi.
1567 1916 1683 1954 οἰκίας

321 1959 361 2002 Ρ,
388 1961 523 1998 οἰκείας
549 1960 584 1995 C.
694 1962 729 1997 6.
755 1958 922 2006 πλήθους
945 1962 985 2007 Ρ,
1010 1964 1157 2007 πληθου
1180 1963 1219 2000 Ο.
1320 1965 1375 2000 13.
1403 1959 1616 2011 Βογόμιλος
1640 1963 1680 2006 Ρ,

322 2003 529 2055 βογόμιλον
554 2008 591 2044 Ο.
754 2011 809 2046 14.
836 2008 1082 2058 ἀναμίγνυται
1112 2011 1180 2058 ΟΡ,
1206 2012 1365 2048 correxi.
1464 2008 1682 2059 Βογόμιλον

323 2056 390 2100 ΟΡ,
417 2057 576 2093 correxi.
726 2059 781 2094 15.
808 2055 1171 2108 ἀποφρανθήσονται
1198 2060 1237 2107 Ο,
1262 2072 1358 2097 corr.
1385 2071 1434 2097 m.
1461 2072 1533 2097 rec.

189 2173 326 2218 mystas
368 2172 446 2208 eius
484 2172 650 2220 undique
701 2175 921 2212 convocavit
968 2177 1216 2224 inprimisque
1252 2176 1450 2214 duodecim
1489 2177 1574 2213 illos
1612 2178 1681 2223 qui

189 2220 419 2256 vocabantur
445 2222 644 2267 apostolos,
671 2222 807 2259 horum
834 2236 982 2271 quoque
1007 2226 1224 2271 opinionem
1250 2229 1427 2272 expertus
1454 2228 1519 2262 est.
1558 2228 1683 2262 erant-

191 2280 263 2314 que
288 2269 397 2314 plane
423 2269 552 2306 Basilii
577 2273 803 2318 sectatores3
843 2276 1108 2319 penetraverat
1133 2278 1259 2310 autem
1286 2275 1424 2310 malum
1455 2277 1494 2310 et
1517 2274 1558 2310 in
1585 2286 1683 2310 sum-

189 2328 266 2352 mas
295 2317 456 2353 familias
482 2322 520 2354 et
542 2331 719 2365 magnam
746 2319 1031 2358 multitudinem
1057 2323 1243 2359 affecerat.
1290 2323 1420 2370 itaque
1446 2334 1573 2358 omnes
1599 2323 1684 2359 hae-

188 2365 307 2409 retici,
334 2368 372 2401 et
399 2367 628 2412 coryphaeus
654 2371 693 2404 et
716 2369 862 2412 chorus,
889 2370 1049 2406 flammis
1071 2371 1213 2408 addicti
1239 2374 1343 2407 sunt:
1371 2370 1684 2418 congregatisque

189 2413 409 2460 Bogomffis,
450 2416 516 2461 qui
548 2419 656 2452 erant
681 2416 921 2465 deprehensi,
955 2431 1038 2455 cum
1067 2420 1132 2455 alii
1159 2421 1476 2466 amplecterentur
1502 2419 1682 2464 haeresin,

189 2461 253 2496 alii
292 2462 521 2509 denegarent
560 2467 784 2512 strenueque
816 2466 949 2502 falsam
983 2469 1286 2504 criminationem
1318 2468 1610 2514 deprecarentur
1646 2471 1684 2503 et

190 2510 455 2556 Bogomilicam
483 2517 701 2558 respuerent
726 2515 908 2560 haeresin,
934 2519 1074 2552 certam
1092 2518 1298 2563 imperator
1313 2516 1427 2552 fidem
1443 2528 1517 2552 non
1538 2516 1684 2561 habuit,

191 2561 240 2599 et,
267 2571 312 2593 ne
339 2560 421 2605 quis
448 2559 544 2597 forte
573 2561 807 2599 Christianus
832 2563 1037 2610 Bogomilis
1064 2568 1107 2601 ut
1131 2565 1347 2612 Bogomilus
1372 2566 1568 2601 interesset
1592 2576 1683 2601 neve

190 2606 403 2652 Bogomilus
436 2611 479 2644 ut
505 2609 740 2647 Christianus
775 2612 991 2659 aufugeret,
1024 2626 1160 2650 novum
1186 2614 1375 2661 quoddam
1402 2613 1599 2650 consilium
1625 2625 1684 2649 ex·

191 2655 389 2700 cogitavit,
430 2669 503 2702 quo
540 2660 619 2693 veri
646 2659 848 2696 Christiani
878 2666 1182 2708 agnoscerentur.
1233 2674 1362 2709 quare*
1383 2665 1534 2708 postero
1558 2661 1618 2697 die
1646 2662 1685 2697 in

191 2702 375 2747 imperiali
401 2705 491 2741 solio
518 2707 722 2750 considens,
748 2720 833 2744 cum
859 2710 969 2746 multi
993 2714 1032 2746 et
1059 2723 1079 2746 e
1109 2712 1296 2747 senatorio
1313 2710 1444 2747 ordine
1461 2713 1500 2746 et
1517 2722 1538 2746 e
1557 2713 1686 2746 sancta

191 2751 331 2796 synodo
362 2752 702 2801 Naziraeorumque
737 2757 962 2804 quicumque
987 2758 1162 2796 doctrina
1197 2760 1362 2807 insignes
1396 2761 1505 2794 erant
1542 2759 1686 2794 assiste-

192 2802 286 2839 rent,
301 2801 497 2853 erunibus,
527 2804 592 2848 qui
610 2803 861 2850 Bogomilicae
886 2807 1048 2843 haeresis
1073 2808 1283 2844 insimulati
1308 2810 1427 2850 erant,
1452 2807 1492 2842 in
1519 2806 1684 2843 medium

191 2850 330 2882 coactis
355 2861 483 2885 rursus
509 2852 676 2896 perquiri
706 2866 1008 2901 unumquemque
1033 2857 1163 2901 iussit;
1203 2859 1240 2892 et
1264 2856 1353 2892 dum
1379 2855 1446 2891 alii
1471 2855 1684 2901 Bogomilos

192 2906 229 2933 se
254 2895 482 2944 profitentur
507 2902 544 2935 ct
570 2911 674 2937 suam
699 2902 770 2939 sibi
786 2902 956 2940 haeresin
974 2904 1161 2941 obstinate
1176 2905 1382 2950 vindicant,
1404 2903 1469 2940 alii
1485 2903 1523 2939 id
1538 2906 1680 2950 negant
1728 2932 1730 2935 .
