1768 3152
339 234 393 238 n.
463 222 469 224 -
521 190 824 247 “rithmum
856 210 950 247 Lm.
980 215 1026 247 x.
1063 205 1098 245 1.
1550 204 1575 248 3

73 332 177 378 οὐδὲ
204 334 346 376 τοῦτο
377 332 560 376 διέλαθε
593 328 674 374 τὸν
701 326 1031 386 αὐτοκράτορα·
1077 324 1170 373 ἄλλ’
1204 326 1266 382 ὦς
1306 324 1478 391 ᾔσθετο
1516 331 1573 376 τά

73 401 181 457 περὶ
206 397 369 445 τούτου
412 396 665 456 ὀξύρροπον
705 398 881 443 ἐπινοεῖ
911 395 992 456 τὴν
1029 396 1250 458 βοήθειαν
1288 400 1359 443 καὶ
1389 397 1469 444 τὸν
1502 395 1577 444 ὅν-

73 469 157 526 δρα
184 466 602 525 μετακαλεσάμενος
632 467 780 512 πολλὰ
810 470 892 511 τοῦ
921 465 1126 524 θράσους
1154 468 1227 511 καὶ
1264 471 1343 527 τῆς
1372 465 1572 525 ἀμαθίας
1589 479 1623 514 D

74 538 300 598 ἐμέμφετο
331 538 405 582 καὶ
438 534 586 581 πολλὰ
613 539 775 580 τοῦτον
807 536 982 594 ἐλέγξας
1010 533 1089 596 τήν
1117 553 1167 580 τε
1198 537 1303 581 καθ’
1327 534 1574 583 ὑπόστασιν

39 606 234 652 5ἕνωσιν
276 609 359 652 τοῦ
397 603 711 662 θεανθρώπου
755 602 888 663 λόγου
932 607 1102 661 τρανῶς
1147 605 1348 651 ἐδίδασκε
1393 607 1465 650 καὶ
1500 607 1579 651 τόν

73 679 152 735 τῆς
191 671 462 728 ἀντιδόσεως
502 672 677 732 τρόπον
734 674 932 730 παρίστα
976 674 1047 718 καὶ
1096 672 1227 727 ὅπως
1291 673 1479 733 ἑθεώθη
1522 674 1575 720 τό

74 742 348 808 πρόσλημμα
378 742 491 801 μετὰ
523 747 603 805 τῆς
627 738 809 788 ἄνωθεν
849 743 1051 788 ἐδίδασκε
1094 741 1285 800 χάριτος.
1346 742 1371 789 ὁ
1411 744 1461 789 δὲ
1499 748 1578 803 τῆς
1594 754 1633 790 P.
1661 755 1732 789 270

23 828 26 829 ’
74 812 191 867 ἰδίας
222 813 521 870 ψευδοδοξιάς
550 808 692 870 ἇπρὶξ
728 809 873 868 εἴχετο
914 814 987 857 καὶ
1027 810 1144 870 πρὸς
1184 815 1333 858 πᾶσαν
1373 811 1580 868 κάκωσιν,

74 881 292 939 στρεβλάς
319 900 370 927 τε
399 883 473 928 καὶ
501 880 644 939 δεσμὰ
672 883 746 926 καὶ
780 879 976 938 ξεσμούς
1004 880 1169 938 σαρκὸς
1198 879 1489 938 ἑτοιμότατος
1529 874 1582 942 ἦν

18 949 108 1010 Ῑοῆ
134 947 387 1011 ἀποστῆναι
426 954 507 995 τοῦ
543 949 605 1011 μὴ
635 954 877 1012 θεωθῆναι
907 952 1046 1010 φύσει
1085 948 1308 996 διδάσκειν
1347 951 1400 995 ‘co‘
1438 949 1581 1008 πρόσ-

75 1022 238 1080 λημμα.
288 1015 381 1076 εἶχε
411 1021 460 1065 δὲ
488 1017 593 1064 τότε
626 1020 698 1064 καὶ
730 1018 929 1072 πολλοὺς
957 1022 1048 1064 τῶν
1071 1014 1321 1076 Ἀρμενίων
1351 1017 1581 1080 ἡμεγαλό-

77 1091 223 1147 πόλις,
253 1083 327 1143 οἷς
353 1092 434 1142 τῗς
464 1084 672 1145 ἀσεβείας
691 1086 952 1145 ὑπέκκαυμα
972 1087 997 1132 ὁ
1020 1089 1184 1142 Νεῖλος
1203 1088 1371 1142 ἐκεῖνος
1395 1089 1581 1147 ἐγίνετο·

77 1158 289 1206 ἐντεῦθεν
317 1159 532 1214 διαλέξεις
559 1174 609 1202 τε
645 1158 797 1213 συχναὶ
826 1155 943 1213 πρὸς
973 1157 1052 1201 τὸν
1083 1156 1299 1216 Τιγράνην
1319 1158 1488 1202 ἐκεῖνον
1508 1158 1581 1202 καὶ

77 1227 158 1273 τὸν
185 1223 422 1287 ’Δρσάκηη
458 1223 536 1282 οὓς
566 1229 642 1272 ἐπὶ
668 1227 807 1272 πλέον
835 1226 891 1271 τὰ
919 1230 1001 1271 τοῦ
1029 1228 1195 1272 Νείλου
1234 1225 1433 1284 δόγματα
1465 1224 1581 1284 πρὸς

19 1304 64 1339 15
76 1293 283 1354 ἀσέβειαν
325 1294 520 1359 ἠρέθιζε.
578 1298 622 1342 τί
658 1295 711 1342 τὸ
742 1297 980 1350 ἐντεῦθεν;
1024 1294 1105 1354 τὴν
1148 1293 1354 1353 ἀσέβειαν
1397 1297 1582 1339 πολλῶν
1595 1297 1639 1333 V·
1664 1298 1735 1332 214

77 1367 400 1427 ἐπινεμομένην
434 1367 579 1425 ψυχὰς
605 1364 724 1423 ὁρῶν
765 1364 788 1411 c‘
828 1361 1123 1423 αὐτοκράτωρ
1165 1365 1238 1410 καὶ
1280 1361 1487 1423 ἀλλήλοις
1524 1362 1626 1409 τάΒ

76 1439 158 1482 τοῦ
188 1437 353 1482 Νείλου
375 1437 450 1481 καὶ
479 1439 571 1481 τῶν
597 1431 848 1493 Ἀρμενίων
876 1432 1209 1492 ἐπιπλεκόμενα
1248 1435 1321 1479 καὶ
1350 1432 1582 1494 ἁπανταχῇ

77 1506 131 1551 τὸ
162 1503 302 1566 φύσει
344 1509 578 1566 θεωθῆναι
612 1504 664 1549 τὸ
698 1503 971 1563 πρόσλημμα
1000 1505 1185 1565 λαμπρᾷ
1213 1506 1342 1564 φωνῇ
1376 1500 1584 1561 κηριττό·

80 1592 216 1632 μενον
242 1569 552 1631 (ἰθεῖα-μένας
582 1591 631 1618 τε
659 1572 741 1627 τὰς
769 1576 860 1618 τῶν
886 1570 1023 1630 ἁγίων
1048 1573 1257 1630 πατέρων
1285 1573 1392 1629 περὶ
1423 1570 1584 1616 τούτου

19 1642 255 1705 2ογραφάς
282 1644 357 1688 καὶ
386 1641 466 1703 τὴν
485 1643 592 1687 καθ’
624 1639 876 1691 ὑπόστασιν
902 1642 1062 1687 ἕνωσιν
1089 1637 1386 1700 ἆγνοουμένην
1414 1638 1585 1698 σχεδὸν7

218 1778 251 1812 l.
276 1771 405 1812 τούτου
428 1774 473 1811 V.
582 1771 695 1819 ἥθετο
720 1775 764 1810 V.
875 1777 910 1811 3.
938 1772 1127 1823 ἆμαθείας
1150 1774 1194 1810 V.
1314 1775 1348 1809 4.
1378 1774 1585 1821 ἐμέμψατο

214 1824 323 1862 CGV.
471 1826 508 1860 8.
546 1822 642 1871 πρὸς
666 1836 738 1860 om.
766 1823 811 1859 V.
936 1825 969 1859 9.
997 1825 1174 1871 στρέβλας
1201 1821 1309 1868 CGV,
1337 1824 1518 1868 σιρέβλιιν
1545 1820 1585 1856 Ρ.

216 1875 275 1909 11.
301 1870 420 1908 πολλὰ
446 1872 524 1909 GV.
801 1873 855 1907 12.
882 1876 958 1911 τοῖς
984 1871 1028 1908 V.
1176 1868 1349 1916 ἀσεβείας
1374 1873 1515 1914 ἐκείνης
1539 1870 1583 1905 Α.

217 1924 273 1958 13.
299 1917 480 1962 διατάξεις
504 1921 610 1958 CGV.
713 1916 900 1967 Τικριὶνην
922 1920 963 1966 Ρ,
990 1921 1149 1957 correxi.
1326 1922 1383 1956 16.
1410 1921 1585 1965 ἔπινεμο·

212 1973 342 2017 μένων
366 1970 438 2007 CG.
655 1971 711 2006 17.
738 1966 1028 2018 ἐπιπλεκόμενα
1055 1968 1133 2005 GV.
1350 1970 1408 2004 19.
1436 1969 1478 2004 δὲ
1506 1966 1585 2003 GV.

213 2020 272 2056 20.
300 2017 454 2067 σχεδὸν,
480 2018 629 2066 στῆσαι]
655 2019 918 2066 σφενδονῆσαι.
945 2018 1022 2054 GV.

79 2151 217 2184 natura
252 2147 468 2184 deificatam
506 2147 622 2183 fuisse
672 2146 935 2194 profiteretur.
996 2158 1065 2184 nec
1102 2157 1192 2182 vero
1229 2146 1270 2182 id
1316 2146 1587 2192 imperatorem

79 2197 196 2244 fugit3
233 2197 299 2233 sed
322 2197 389 2233 ubi
414 2208 494 2233 rem
518 2197 685 2242 rescivit,
709 2196 884 2233 celeriter
907 2195 1135 2232 medicinam
1166 2206 1350 2242 quaerens
1396 2194 1585 2230 hominem

79 2246 275 2282 arcessivit
297 2246 574 2292 obiurgataque
605 2245 810 2281 admodum
846 2246 926 2280 eius
963 2244 1122 2281 audacia
1155 2244 1423 2291 imperitiaque
1458 2242 1588 2277 multis

79 2306 165 2331 enm
184 2295 397 2331 rationibus
412 2296 579 2331 convicit
595 2295 873 2341 hypostaticam
890 2294 950 2330 dci
970 2298 1010 2330 et
1033 2294 1199 2330 hominis
1217 2295 1257 2328 in
1276 2293 1392 2328 verbo
1410 2293 1586 2327 unionem

80 2347 211 2390 aperte
261 2343 525 2380 demonstrans
567 2344 829 2390 exposuitque,
869 2343 1057 2390 quomodo
1083 2343 1338 2389 proprietates
1378 2339 1588 2377 communi-

80 2396 187 2429 catae
226 2396 350 2428 essent
393 2395 432 2428 et
482 2396 675 2438 assumpta
728 2396 869 2428 natura
912 2393 1040 2439 gratia
1081 2403 1245 2437 superna
1293 2389 1477 2426 deificata.
1547 2392 1588 2422 at

79 2441 146 2477 ille
191 2441 323 2477 falsam
365 2453 472 2476 suam
509 2441 722 2477 doctrinam
774 2442 960 2477 tenaciter
998 2442 1164 2477 servavit
1215 2444 1254 2476 et
1297 2439 1345 2474 ad
1386 2440 1586 2478 tormenta,

81 2490 242 2534 vincula,
283 2491 455 2536 corporis
505 2489 796 2533 mutilationem,
835 2490 995 2536 quodvis
1032 2490 1196 2535 denique
1236 2487 1378 2524 malum
1416 2485 1588 2533 paratior

80 2543 163 2574 erat
200 2551 314 2582 quam
350 2542 396 2574 ut
434 2539 575 2574 Christi
611 2538 889 2574 humanitatem
935 2543 1074 2574 natura
1117 2538 1231 2573 fuisse
1268 2535 1480 2572 deificatam
1521 2533 1586 2569 do-

80 2599 169 2623 cere
206 2587 407 2624 daeineret.
469 2592 551 2624 erat
586 2591 679 2623 tunc
704 2587 1033 2634 Constantinopoli
1070 2585 1275 2623 multitudo
1308 2585 1585 2622 Armeniorum,

83 2636 222 2683 quibua
245 2637 455 2682 impietatis
477 2637 768 2672 incitamentum
792 2636 901 2671 Nilus
926 2637 991 2673 ille
1017 2636 1146 2671 evasit.
1201 2634 1289 2669 inde
1316 2634 1449 2669 crebra
1475 2631 1586 2667 eollo-

82 2685 172 2732 qnia
196 2683 283 2722 cum
307 2685 472 2732 Tigrane
496 2685 562 2721 illo
586 2689 626 2721 et
650 2685 800 2726 Arsace,
830 2696 924 2731 quos
953 2696 1044 2732 prae
1070 2685 1206 2719 ceteris
1232 2682 1311 2718 Nili
1335 2682 1514 2728 dogmata
1540 2678 1587 2714 ad

81 2734 318 2780 impietatem
343 2733 559 2769 trahebant.
625 2737 709 2769 tum
732 2735 952 2780 imperator,
992 2734 1082 2780 quia
1121 2736 1159 2767 et
1195 2731 1403 2767 multorum
1442 2730 1584 2764 animas

82 2783 257 2829 improba
298 2782 475 2819 doctrina
517 2785 718 2829 corruptas
758 2782 913 2818 videbat
950 2785 989 2818 et
1028 2781 1106 2816 Nili
1146 2781 1490 2823 Armeniorumque
1528 2787 1587 2811 res

82 2832 243 2867 sociatas
267 2831 442 2878 claraque
478 2831 645 2878 undique
681 2843 773 2868 voce
809 2831 949 2875 doceri,
987 2830 1263 2866 humanitatem
1300 2832 1438 2863 natura
1476 2826 1590 2861 fuisse

82 2879 307 2925 deificatam,
331 2881 387 2915 ita
419 2884 461 2915 ut
499 2880 692 2926 abrogatis
716 2883 932 2916 sanctorum
962 2883 1113 2924 patrum
1153 2878 1379 2914 testimoniis
1414 2876 1590 2921 hyposta-
