1734 3120
235 214 311 254 184
736 215 900 249 ΑΝΝΑΕ
928 212 1194 248 COMNENAE

227 333 337 392 μετὰ
366 329 610 390 βαρυτάτου
640 328 800 375 στόλου
832 324 1185 384 διεπεραιώσατο
1215 327 1393 370 ἐκεῖθεν
1412 323 1572 371 ἐνθάδε
1596 324 1710 383 πρὸς

79 416 117 451 Ρ.
145 404 280 451 38οτἁ
310 401 496 462 ἡμέτερα
535 401 605 444 καὶ
649 396 699 443 τὸ
735 394 979 455 Φραγγικον
1025 392 1144 439 ἅπαν
1188 393 1439 452 στράτευμα
1483 396 1593 440 κατὰ
1621 398 1711 439 τῶν

227 469 448 528 ἡμετέρων
482 465 704 512 πεδιάδων
749 466 901 521 ἐξέχεε,
949 460 1271 519 συνταξάμενος
1317 464 1494 508 ἐκεῖθεν
1539 463 1710 521 ἔρχεται

226 536 333 583 κατὰ
361 541 437 597 τῆς
467 533 741 592 Ἐπιδάμνου,
776 533 813 578 εἰ
843 533 923 590 μὲν
951 530 1140 585 δύναιτο,
1173 532 1247 576 καὶ
1278 527 1486 588 αὐτοβοεὶ
1517 530 1711 591 αἱρήσων

226 603 375 665 αὐτήν,
410 605 448 650 εἰ
478 607 514 650 δ’
544 597 631 658 οὖν,
670 599 782 649 οἷλλά
811 599 1089 659 τειχομάχοις
1117 598 1398 660 μηχανήμασι
1435 602 1508 646 καὶ
1547 617 1734 659 πετρο-ξ

225 673 377 731 βόλοις
417 671 615 731 ὀργάνοις
658 671 737 732 τὴν
780 670 882 730 ὅλην
927 668 1059 716 πόλιν
1102 669 1511 730 παραστησόμενος.
1571 669 1594 715 ὁ
1632 672 1712 728 μὲν

229 735 305 788 οὖν
334 741 504 794 σκοπὸς
533 737 652 800 αὐτῷ
683 732 838 793 οὗτος
890 736 1098 798 ηὐλίσατο
1142 740 1190 785 δὲ
1229 737 1407 796 ἄντικρύ
1449 742 1531 799 τῆς
1572 739 1712 798 πύλης

226 814 303 871 τῆς
333 809 443 855 κατὰ
471 808 549 863 τὰς
577 805 789 862 ἀνατολὰς
808 804 1055 868 ἄνεῳγυίας,
1090 800 1140 868 ἧς
1167 806 1370 866 ὕπερθεν
1390 807 1588 868 ἱππότης
1619 810 1712 854 ἐστὶ

227 881 422 934 χαλκοῦς,
456 879 526 923 καὶ
557 875 897 936 κατασκοπήσας
924 879 1004 922 τοῦ
1037 879 1297 935 πολιορκεῖν
1314 873 1488 938 ἤρξατο.
1518 880 1711 934 χειμῶνα

226 949 305 1004 μὲν
335 940 410 992 οὖν
440 945 544 991 ὅλον
574 944 887 1002 ε’πινοούμενος
916 947 989 990 καὶ
1019 944 1306 1002 πανταχόθεν
1337 947 1605 1002 ἐπιβλέπων,
1638 938 1734 992 οὗ]

185 1026 312 1073 Βπερ
358 1012 579 1071 ἁλώσιμόν
617 1015 706 1059 ἐστι
760 1014 812 1058 τὸ
856 1012 1111 1073 Δυρράχιον,
1154 1014 1286 1073 ἔαρος
1321 1016 1369 1060 δὲ
1407 1017 1707 1074 διαγελῶντος,

227 1083 466 1144 ἐπειδήπερ
488 1081 702 1139 καθάπαξ
720 1083 969 1140 παραυτίκα
990 1081 1263 1142 διαπεράσας
1292 1086 1401 1141 πυρὶ
1422 1086 1710 1142 παραδέδωκε

224 1151 302 1207 τάς
329 1171 376 1198 τε
407 1152 718 1213 φορταγωγοῦς
746 1147 879 1196 αὐτοῦ
906 1155 1009 1210 νῆας
1035 1153 1107 1197 καὶ
1137 1151 1216 1207 τὰς
1239 1151 1528 1212 ἱππαγωγοὺς
1557 1155 1630 1198 καὶ
1649 1151 1712 1208 ὥς

226 1220 366 1274 οὕτως
395 1219 540 1265 εἰπεῖν
570 1218 896 1278 στρατιώτιδας,
938 1225 1071 1266 τοῦτο
1113 1222 1194 1278 μὲν
1236 1223 1308 1266 καὶ
1354 1219 1640 1280 στρατηγικόν
1668 1240 1711 1267 τι

224 1286 544 1348 μηχανώμενος,
576 1290 647 1332 ἵνα
677 1287 736 1348 μὴ
768 1287 909 1348 ὁρῷεν
953 1288 1069 1347 πρὸς
1109 1287 1336 1335 θάλατταν
1376 1289 1428 1334 τὸ
1462 1289 1734 1347 στράτευμα]

225 1356 395 1412 τούτου,
429 1361 562 1402 τοῦτο
593 1358 640 1402 δέ
669 1375 711 1402 τι
740 1359 811 1402 καὶ
829 1356 1228 1417 καταναγκάζοντος
1254 1355 1388 1404 αὐτὸν
1420 1361 1500 1404 τοῦ
1526 1357 1711 1416 Ῥωμαϊ-

227 1429 305 1470 κοῦ
337 1423 508 1479 στόλου,
543 1423 645 1479 ὅλος
676 1424 791 1482 πρὸς
821 1427 1083 1484 πολιορκίαν
1113 1423 1358 1485 ἀπέβλεψε.
1410 1426 1553 1487 κύκλῳ
1586 1446 1711 1485 περι-

226 1492 434 1551 χεάμενος
465 1492 515 1538 το
547 1494 813 1551 βαρβαρικὸν
843 1494 1093 1554 στράτευμα
1123 1494 1177 1540 τὰ
1209 1498 1370 1554 πρῶτα
1400 1497 1473 1541 καὶ
1505 1497 1550 1541 ἑν
1578 1491 1710 1553 ἄκρο-

225 1564 456 1618 βολισμοῖς
500 1556 561 1606 ὧν
601 1562 936 1621 (ἐπετοξάζοντο
978 1566 1026 1610 δὲ
1070 1563 1246 1618 τούτοις
1289 1566 1362 1610 καὶ
1407 1563 1448 1609 οἳ
1495 1561 1586 1608 α’πό
1631 1566 1710 1610 τοῦ

187 1628 464 1686 ΟῬωμαϊκοῢ
494 1630 818 1689 στρατεύματος
865 1635 978 1678 ποτὲ
1012 1634 1092 1691 μὲν
1121 1635 1194 1678 καὶ
1231 1631 1462 1691 πυργόθεν
1497 1628 1589 1678 ἀπὸ
1626 1636 1734 1678 τοῦς

226 1699 483 1756 Δυρραχίου,
514 1700 625 1744 ποτὲ
654 1702 701 1745 δὲ
731 1702 801 1746 καὶ
832 1699 1110 1760 πόρρωθεν),
1145 1699 1434 1748 ἀποστέλλων
1453 1700 1574 1755 τινας
1594 1697 1711 1746 α’πο-

224 1764 396 1820 σπάδας
425 1771 503 1811 τοῦ
538 1773 780 1827 Φραγγικοῢ
815 1769 1142 1829 στρατεύματος
1182 1771 1392 1829 ἐπολέμει
1422 1789 1469 1816 τε
1501 1773 1573 1815 καὶ
1603 1770 1710 1816 ἐπο-

355 1878 387 1914 4.
415 1874 592 1933 αἱρήσων]
620 1892 671 1915 ων
696 1880 734 1915 in
760 1893 830 1917 ras.
856 1881 898 1917 F.
1050 1885 1105 1920 13.
1133 1880 1341 1931 φορτηγοὺς
1365 1882 1409 1918 Α.
1561 1884 1615 1918 15.
1640 1896 1710 1930 μη-

352 1938 572 1983 χανωμενος
596 1928 673 1970 FA,
704 1926 980 1985 μηχανώμενον
1005 1931 1043 1966 P.
1145 1934 1198 1968 16.
1226 1932 1268 1967 δέ
1297 1946 1325 1967 τι
1354 1932 1505 1978 scripsi:
1533 1931 1567 1966 δ’
1596 1928 1647 1966 ὅτι
1668 1931 1708 1966 Ρ.

358 1975 413 2010 19.
438 1989 575 2015 τουτοις
598 1977 641 2022 F,
665 1990 811 2017 τουτους
836 1979 875 2014 Ρ.
962 1980 1009 2026 οἱ]
1037 1979 1057 2024 ἡ
1083 1980 1121 2017 C.
1259 1983 1315 2017 20.
1342 1976 1614 2028 στρατεύματος
1639 1976 1709 2027 φά-

357 2024 445 2069 λαγξ
465 2023 504 2060 C.
600 2025 674 2072 μὲν
698 2026 836 2063 addidi.

222 2137 345 2182 classe,
382 2141 425 2174 ut
449 2139 611 2176 diximus
636 2154 758 2190 supra,
783 2144 856 2181 huc
887 2146 927 2181 in
951 2149 1098 2183 nostros
1126 2146 1217 2183 fines
1248 2150 1502 2194 transgressus
1527 2147 1643 2183 effuso
1668 2148 1709 2184 in

223 2197 372 2241 campos
407 2191 553 2224 nostros
594 2191 766 2228 universo
794 2194 1025 2231 Francorum
1057 2196 1224 2232 exercitu
1264 2196 1311 2232 ad
1338 2195 1591 2242 Epidamnum
1631 2198 1709 2232 acie

222 2237 405 2290 instructa
429 2248 466 2271 se
495 2237 678 2293 admovet,
713 2244 755 2276 ut
787 2243 909 2287 primo
935 2245 1016 2290 ipso
1055 2247 1212 2290 terrore,
1239 2245 1269 2280 si
1302 2247 1438 2291 posset,
1464 2248 1626 2291 caperet,
1652 2246 1708 2280 sin

224 2294 357 2323 minus.
400 2285 579 2322 machinis
607 2288 654 2323 ad
688 2290 917 2326 obsidionem
963 2293 1240 2338 pertinentibus
1277 2293 1552 2340 catapultisque
1590 2296 1707 2329 totam

223 2331 351 2387 urbem
368 2338 610 2380 expugnaret.
640 2348 712 2382 quo
731 2339 824 2374 inito
843 2340 996 2377 consilio
1014 2345 1135 2377 castra
1152 2343 1278 2388 posuit
1304 2342 1543 2378 exadversum
1560 2345 1707 2388 portam

222 2391 260 2413 in
288 2384 469 2437 orientem
505 2386 705 2438 patentem,
747 2399 859 2433 supra
884 2401 995 2435 quam
1021 2402 1155 2426 aeneus
1190 2402 1301 2437 eques
1327 2391 1570 2437 conspicitur.
1621 2391 1707 2426 dein

225 2427 422 2483 exploratis
444 2432 614 2488 omnibus
640 2434 808 2471 obsidere
834 2438 963 2473 urbem
989 2440 1123 2485 coepit,
1150 2451 1216 2485 per
1239 2443 1359 2476 totam
1382 2440 1532 2486 quidem
1549 2440 1708 2475 hiemem

225 2475 406 2512 meditans
446 2481 488 2535 et·
520 2480 685 2527 undique
712 2484 924 2530 inspiciens,
950 2498 1022 2532 qua
1056 2490 1165 2533 parte
1190 2487 1437 2535 Dyrrachium
1461 2489 1545 2534 capi
1568 2491 1706 2534 posset.

223 2534 308 2558 vere
333 2528 453 2580 autem
480 2532 630 2584 ineunte
657 2533 830 2568 omnibus
856 2535 975 2580 copiis
1001 2537 1112 2571 semel
1134 2537 1302 2573 traiectis
1320 2540 1516 2583 postquam
1536 2549 1648 2572 naves
1670 2539 1708 2572 et

223 2583 410 2608 onerarias
446 2578 483 2610 et
512 2576 732 2624 hippagines
758 2582 1021 2629 militaresque,
1051 2588 1093 2620 ut
1119 2585 1173 2620 ita
1198 2585 1330 2625 dicam,
1361 2585 1533 2621 incendio
1559 2585 1708 2626 delevit,

222 2630 305 2654 cum
324 2623 585 2681 strategemate
602 2638 698 2672 usus,
725 2641 771 2664 ne
791 2642 891 2666 mare
911 2633 1096 2668 exercitus
1114 2635 1328 2679 respiceret,
1354 2637 1436 2669 tum
1452 2633 1707 2670 Romanorum

223 2667 335 2723 classe
359 2682 517 2717 pressus,
559 2686 631 2709 iam
659 2679 782 2712 totum
806 2691 843 2714 se
867 2680 1055 2716 obsidioni
1081 2682 1187 2718 dedit
1211 2682 1527 2728 circumfuditque
1541 2684 1705 2728 primum

223 2716 387 2771 undique
402 2719 655 2774 'harbarorum
682 2727 806 2771 copias
831 2739 875 2763 ac
898 2729 1054 2764 missilia
1080 2731 1210 2775 procul
1236 2731 1357 2766 iacere
1381 2731 1502 2766 iussit.
1543 2731 1582 2766 in
1615 2742 1706 2777 quos

222 2766 334 2819 etiam
360 2766 496 2822 milites
524 2770 681 2826 Romani
706 2776 891 2811 exercitus
917 2778 1073 2823 sagittas
1099 2780 1176 2815 sive
1200 2779 1246 2815 de
1288 2780 1483 2815 moenibus
1509 2779 1707 2825 Dyrrachii

221 2824 456 2871 siveemmus
476 2820 719 2857 coniciebant.
758 2822 821 2858 ille
843 2825 995 2860 interim
1015 2827 1187 2862 cohortes
1212 2828 1356 2874 aliquot
1380 2828 1567 2864 exercitus
1589 2827 1706 2863 Fran·
1716 2859 1734 2866 b-

219 2871 290 2896 cici
307 2873 346 2897 in
365 2874 504 2900 vicinas
523 2870 647 2911 partes
664 2870 838 2907 emittens
856 2876 1004 2910 nostros
1019 2875 1218 2923 impugnat
1234 2876 1358 2922 modo,
1377 2876 1488 2913 modo
1507 2877 1703 2923 impugna-
