1734 3120
219 200 299 241 164
721 201 885 236 ΑΝΝΑΕ
914 195 1178 233 ΟΟΜΝΕΝΑΕ
1218 206 1220 212 ⁴

216 318 452 378 τοκράτορι
480 314 815 375 ἐπομοσάμενος
844 314 953 372 μηδὲ
970 309 1229 358 θεάσασθαι
1250 305 1386 355 αυτὸν
1408 326 1461 353 το
1483 305 1701 365 παράπαν

216 387 325 446 μητε
358 385 527 444 ομιλίας
556 382 740 439 αξιιῦσαι
771 381 880 427 κατὰ
909 380 987 441 τὴν
1017 377 1133 425 ὁδόν.
1183 376 1328 422 πολλὰ
1357 377 1406 422 δὲ
1436 373 1559 433 ὅμως
1588 375 1699 432 ὑπὲρ

217 453 352 502 αὗτοῦ
383 453 620 513 παρεκάλει
664 451 742 496 τὸν
785 447 1099 507 αὖτοκράτορα,
1147 447 1314 491 ἐκείνου
1345 442 1699 502 ὖποκρινομένου

217 529 305 569 τῶν
334 520 543 604 ομμάτιυν
581 518 714 565 αὐτον
742 517 985 576 βούλεσθαι
1016 512 1333 576 αποστερῆσαι,
1396 510 1525 571 μόγις
1564 529 1641 557 ουν
1675 529 1699 556 ο

216 588 499 650 αὗτοκρὰτωρ
533 588 610 650 τὴν
650 587 883 645 ὑπόκρισιν
914 583 1231 643 παρεγέμνωσε
1263 579 1531 634 κατανεύσας
1560 582 1734 640 ὁῆθενὸ

216 666 313 714 ταῖς
342 656 476 705 αὐτοῦ
504 655 803 718 παρακλήσεσι
837 653 980 699 πολλὰ
1009 650 1440 737 παρεγγυησοὶμενοςζ
1471 648 1531 709 μὴ
1565 648 1702 710 ἔκφο-

217 747 294 786 ρον
323 726 400 773 τὸν
428 725 557 785 λόγον
586 724 884 783 ποιήσασθαι.
953 720 1064 779 μετὰ
1094 723 1143 766 δὲ
1176 722 1327 780 τρίτην
1357 719 1521 781 ἡμέραν
1548 715 1627 777 τὴν
1657 718 1703 762 ἐν

177 800 306 855 Οχρῶ
334 796 535 853 κουρείαν
564 792 821 851 κειρόμενον
856 790 934 850 τὴν
964 788 1158 851 κεφαλήν
1197 807 1246 834 τε
1277 790 1350 833 καὶ
1389 805 1468 833 τον
1508 784 1702 845 πώγωνα

217 863 288 909 διὰ
317 865 451 922 μέσης
480 866 773 921 περιαχθῆναι
804 863 881 919 τῆς
909 855 1076 922 αγορᾶς
1095 859 1295 903 ἐκέλευσε
1325 849 1432 918 κᾷθ’
1465 853 1608 908 ουίως
1639 854 1703 908 εἷς

216 931 295 977 τὸν
329 926 410 991 ἤδη
441 932 631 990 ῥηθέντα
661 928 828 988 πύργον
865 931 944 972 τοῦ
975 923 1139 984 ῘΑνεμᾶ
1169 924 1447 985 ειοαχθῆναι.
1514 925 1640 968 ἐπεὶ
1654 924 1734 968 ὁὲῙ

218 1002 288 1044 καὶ
320 999 572 1059 ἔμφρουρος
604 997 664 1042 ὠν
695 995 902 1050 ασύνετος
928 989 979 1055 ἦν
1008 992 1225 1048 αιιονοίας
1253 993 1424 1055 ῥήματα
1454 1011 1571 1050 προς
1599 993 1703 1072 τοιξς

218 1066 553 1127 δεσμοφύλακας
583 1065 794 1125 ὁσημέραι
824 1061 1159 1124 αποφοιβάζων,
1179 1065 1384 1123 πολλῆς,
1372 1060 1495 1119 παρὰ
1524 1063 1604 1106 τοῦ
1626 1079 1704 1105 αυ-

218 1133 486 1193 τοκράτορος
529 1136 780 1192 ἐπιμελείας
821 1132 892 1178 διὰ
934 1136 1114 1190 μακρῶν
1157 1127 1340 1193 ηξιοῦτο
1370 1134 1541 1188 χειρῶν,
1586 1127 1701 1174 ὥστε

217 1207 479 1261 μεταβαλεῖν
508 1205 580 1248 καὶ
609 1204 841 1261 μετανοίας
870 1203 1148 1258 ἐνδείξασθαι
1178 1198 1363 1259 τρόπον.
1438 1198 1462 1244 ὃ
1491 1201 1540 1244 δὲ
1571 1196 1595 1244 ὁ
1627 1194 1703 1242 αὗ·-

219 1290 295 1326 τος
325 1273 397 1316 καὶ
424 1264 557 1325 αιθις
587 1290 648 1332 ην,
678 1273 962 1328 μετεκαλεῖτο
994 1271 1041 1315 δὲ
1073 1273 1240 1326 συχνιῦς
1269 1267 1347 1314 τὸν
1373 1267 1480 1326 ἐμὸν
1496 1268 1734 1324 Καίσαραι

220 1339 356 1385 πάλαι
385 1359 500 1398 προς
529 1340 641 1399 ἡμᾶς
672 1341 832 1400 φιλίως
863 1339 988 1395 ἔχων.
1050 1340 1120 1383 καὶ
1143 1335 1396 1395 παρεχώρει
1420 1335 1565 1395 τούτῳ
1585 1354 1703 1419 τηνι-

219 1411 354 1454 καῢτα
388 1411 458 1453 καὶ
489 1428 512 1453 ο
543 1405 840 1466 αὐτοκράτωρ,
870 1409 938 1467 ἐφ’
960 1426 994 1466 ω
1023 1409 1095 1451 καὶ
1123 1411 1199 1466 τῆς
1230 1407 1399 1467 πολλῆς
1430 1401 1565 1450 αὐτὸν
1601 1405 1704 1448 ἅνα-

175 1480 413 1523 Βκτᾶσθαι
444 1473 638 1534 αθιμίας
668 1478 739 1521 καὶ
767 1474 1086 1533 συμβοιλεύειν
1113 1473 1166 1519 τὰ
1196 1472 1354 1534 λιῦονα.
1415 1472 1439 1519 ὁ
1471 1475 1520 1518 δὲ
1538 1471 1704 1531 βραδὺς

220 1546 333 1602 πρὸς
363 1543 442 1604 τὴν
471 1546 546 1589 ἐπὶ
575 1544 625 1589 τό
658 1549 858 1601 κρεῖττον
891 1542 1139 1603 μεταβολὴν
1169 1543 1390 1603 ἐφαίνετο.
1457 1541 1592 1587 ἔνθεν
1630 1559 1702 1585 τοι

218 1616 289 1658 καὶ
313 1615 388 1658 ἐπὶ
404 1615 588 1658 πλείονα
612 1613 762 1670 καιρὸν
781 1613 1034 1673 ἔμφρουρος
1050 1609 1111 1673 ἦν.
1142 1609 1238 1658 εἶτα
1263 1612 1551 1669 συμπαθείας
1568 1606 1700 1666 ἄξιω-
1715 1617 1734 1652 2

218 1683 318 1735 θεὶς
347 1681 560 1741 τοσαύτης
590 1680 925 1742 φιλοφροσύνης
949 1677 1148 1741 ἅπήλαυε
1179 1683 1251 1726 καὶ
1270 1683 1451 1739 δωρεῶν
1480 1682 1553 1724 καὶ
1572 1680 1703 1737 τιμῆς

218 1748 389 1808 ὁπόσης
406 1747 506 1795 odda*
523 1750 611 1807 πρὸ
627 1755 718 1804 τοῦ,
744 1749 908 1803 ὁποῖος
931 1748 955 1795 ὃ
974 1748 1080 1807 ἐμός
1094 1748 1300 1806 βασιλεῦς
1315 1750 1423 1807 περὶ
1437 1747 1493 1794 τά
1510 1751 1703 1793 τοιαῦτα.

349 1844 381 1877 2.
406 1838 513 1889 μήτε]
538 1841 591 1890 μὴ
620 1840 674 1877 ὅτι
699 1843 773 1889 γεῬ
915 1845 946 1878 5.
974 1839 1246 1899 παρεγύμνωσε
1272 1843 1314 1885 F,
1342 1838 1639 1899 παρεγὺιινωσεν
1663 1840 1702 1876 Ρ.

348 1892 380 1926 9.
407 1892 574 1926 ἐκέλευσε
601 1892 643 1937 F,
668 1892 858 1927 ἐκέλευσεν
883 1891 921 1928 P.
1056 1894 1111 1928 14.
1136 1888 1278 1939 τρόπον
1303 1871 1346 1938 F,
1371 1887 1532 1938 τρόπους
1556 1890 1594 1933 C,
1619 1886 1700 1937 τρό-

349 1952 422 1974 που
447 1939 484 1974 Ρ.
657 1941 713 1976 21.
741 1938 903 1984 ἀπήλαυε
931 1941 972 1984 F,
998 1926 1212 1985 ἀπήλαυσεν
1235 1940 1278 1976 P.

216 2032 520 2078 comprehensum
560 2033 607 2068 ad
649 2034 912 2079 imperatorem
954 2034 1059 2070 ducit
1098 2035 1179 2070 iure
1218 2033 1379 2070 iurando
1416 2032 1620 2078 affirmans,
1667 2043 1705 2067 se

216 2081 320 2116 illum
346 2083 494 2117 omuino
533 2094 607 2118 non
635 2082 780 2128 adiisse,
811 2083 947 2118 nedum
987 2084 1138 2129 quicum
1175 2083 1452 2129 colloqueretur
1490 2082 1529 2117 in
1569 2081 1705 2116 itinere

218 2141 390 2175 umquam
423 2130 576 2176 dignum
604 2131 813 2166 iudicasset.
864 2133 969 2177 atqui
1002 2132 1231 2187 permultum
1265 2143 1334 2178 pro
1362 2143 1406 2167 eo
1438 2131 1703 2186 imperatorem

216 2177 484 2223 deprecabatui
512 2179 628 2214 oculis
654 2191 691 2214 se
716 2179 821 2214 illum
846 2180 938 2215 velle
964 2181 1112 2226 privare
1139 2180 1387 2216 simulantem.
1411 2179 1564 2215 tandem
1590 2179 1702 2214 simu-

216 2226 391 2262 lationem
433 2239 540 2273 aegre
589 2229 794 2273 imperator
832 2228 977 2264 detexit
1015 2229 1115 2264 illius
1153 2230 1328 2275 precibus
1366 2239 1555 2272 annuens;
1597 2227 1703 2263 valde

216 2278 339 2309 tamen
364 2287 448 2310 eum
475 2276 680 2321 admonuit,
706 2289 750 2311 ne
778 2277 814 2312 id
844 2278 965 2323 palam
993 2277 1111 2313 fieret
1139 2279 1262 2314 tribus
1296 2281 1421 2313 autem
1448 2277 1580 2312 diebus
1619 2278 1704 2321 post

218 2335 283 2367 per
314 2323 476 2359 medium
512 2324 658 2360 traduci
691 2337 774 2360 eum
809 2325 931 2361 forum
964 2326 1107 2372 capillis
1139 2327 1330 2373 barbaque
1364 2337 1479 2372 usque
1505 2325 1552 2360 ad
1579 2327 1703 2360 cutem

218 2371 387 2406 abrasis
380 2384 422 2407 ac
441 2372 601 2407 deinde
593 2386 631 2407 in
647 2377 809 2409 Anemac
829 2375 966 2409 turrim
990 2387 1103 2421 supra
1130 2379 1372 2411 memoratam
1397 2374 1485 2410 duci
1504 2373 1624 2409 iussit.
1651 2373 1705 2408 ibi

222 2431 365 2465 quoque
393 2432 543 2466 prorsus
569 2421 599 2456 is
626 2422 805 2467 insipiens
830 2424 1015 2459 amentiae
1040 2423 1142 2459 dicta
1167 2436 1295 2460 coram
1319 2422 1537 2460 custodibus
1565 2421 1705 2457 cotidie

220 2467 487 2513 hex-inlabatur,
526 2482 750 2516 quamquam
788 2472 993 2517 imperator
1031 2474 1136 2518 quasi
1173 2473 1296 2528 longis
1323 2472 1495 2508 manibus
1532 2481 1704 2516 magnam

220 2527 345 2551 euram
390 2518 424 2552 ei
455 2517 638 2563 adhibuit,
678 2523 720 2553 ut
754 2531 791 2554 se
829 2524 1065 2556 converteret
1105 2521 1434 2567 poenitentiaeque
1480 2519 1705 2555 documenta

220 2563 335 2599 daret.
370 2565 447 2610 ipse
472 2578 558 2602 vero
584 2567 736 2602 minime
760 2569 925 2604 animum
952 2570 1138 2615 mutabat3
1166 2581 1326 2616 cumque
1350 2569 1497 2615 saepius
1513 2567 1704 2603 Caesarem

220 2623 340 2647 meum
366 2613 412 2648 ad
439 2625 476 2648 se
497 2619 663 2651 vocasset
686 2616 823 2662 (fuerat
847 2619 948 2653 enim
970 2618 1110 2653 dudum
1129 2619 1322 2654 nobiscum
1347 2617 1515 2653 amicitia
1530 2617 1705 2652 coniunc-

219 2661 306 2707 tus),
333 2663 501 2706 permisit
520 2663 606 2699 huic
630 2664 846 2711 imperator,
873 2669 914 2700 ut
930 2669 968 2701 et
993 2667 1295 2712 aegritudinem
1287 2679 1325 2702 m
1351 2678 1426 2713 qua
1440 2668 1523 2701 erat
1541 2665 1705 2700 maxima

220 2707 360 2744 levaret
393 2714 429 2745 et
453 2711 606 2747 meliora
638 2713 820 2748 suaderet.
872 2714 935 2749 sed
966 2715 1013 2749 ad
1036 2715 1293 2751 inclinandum
1327 2715 1366 2750 in
1395 2714 1528 2750 melius
1553 2713 1704 2749 tardum

219 2768 295 2792 sese
320 2759 527 2804 praestitit3
564 2772 678 2805 quare
704 2761 845 2797 diutius
871 2763 909 2797 in
935 2763 1104 2798 custodia
1129 2764 1377 2800 retinebatur.
1421 2762 1575 2799 tandem
1597 2761 1705 2797 venia

219 2805 427 2851 impetrata,
459 2819 551 2852 quae
577 2812 658 2844 erat
683 2810 920 2866 imperatoris
947 2812 1021 2847 mei
1045 2813 1084 2846 in
1109 2813 1177 2848 tali
1202 2824 1243 2848 re
1267 2812 1477 2860 clementia,
1507 2814 1614 2846 tanta
1639 2810 1704 2846 do·

219 2864 351 2890 norum
379 2854 637 2902 honorumque
662 2860 769 2903 copia
793 2858 1000 2901 fruebatur,
1025 2864 1165 2905 quanta
1192 2873 1396 2907 numquam
1423 2863 1546 2896 antea.
1713 2867 1717 2869 “
