1734 3120
235 202 319 246 404
792 211 938 246 PETRI
967 211 1161 246 Possim

231 325 456 384 ἁμαξιαῖα.
519 324 581 379 ὦς
611 327 737 385 δηλοῖ
748 343 901 395 φησιν
927 321 1252 394 Ἀριστοφάνης
1282 325 1327 368 ἐν
1349 327 1413 383 τιῦ
1443 326 1610 370 Λυδῶν
1630 327 1721 370 δεῖ·

231 401 321 428 πνα
358 385 432 428 καὶ
467 385 700 428 Θετταλῶν
731 375 792 427 ὧν
829 381 883 426 τὰ
925 379 1167 426 Θετταλικὰ
1200 380 1321 426 πολυ
1368 380 1717 439 καπανικώτερα.

231 443 349 486 Haec
374 443 446 486 ille
476 456 582 498 quae
612 442 776 486 abunde
813 442 911 484 sunt
953 441 1006 484 ad
1050 441 1262 483 notionem
1307 441 1601 485 declarandam
1639 444 1719 498 τῆς

232 495 441 556 καπάνης.
488 513 513 543 6
544 513 627 555 qua
656 500 798 542 tamen
830 499 997 542 videtur
1026 497 1213 540 recedere
1229 497 1382 540 Pollux
1410 498 1483 541 lib.
1504 509 1534 542 1.
1565 512 1654 554 cap.
1673 509 1718 542 X.

230 558 302 600 ubi
339 556 699 600 nomenclaturam
732 555 946 599 variarum
974 567 1123 597 currus
1153 554 1338 609 partium
1358 554 1533 598 reddens
1554 555 1719 625 virgam

231 626 378 657 currus
410 613 591 657 mediam
620 608 819 668 καπάνην
854 612 1018 667 proprie
1056 611 1214 654 dictam
1254 611 1415 655 asserit.
1475 628 1501 668 η
1532 611 1580 654 δὲ
1608 612 1719 669 μέσῃ

232 667 394 728 ῥάβδος
422 666 608 727 καπάνη.

364 727 795 770 ΚΛΣΤΕΛΛΙΟΝ.
869 725 998 779 Quasi
1042 724 1198 768 diceres
1239 724 1533 779 Castellulum,
1579 727 1718 770 muni-

230 785 467 828 tiunculam
501 784 696 828 videlicet
726 783 864 839 exigui
895 782 1091 825 ambitus
1122 781 1195 825 lib.
1215 793 1282 825 XI.

365 843 686 883 KATAAYE
709 843 756 884 IS.
818 840 908 882 Lib.
933 850 997 884 VI.
1038 839 1132 893 post
1160 839 1359 882 medium.
1403 833 1514 881 αλλὰ
1551 836 1606 882 τὰ
1639 842 1717 898 τῆς

227 897 445 966 βοηθείας
473 897 681 941 ἐντεῦθεν
709 892 820 939 κατὰ
849 894 927 938 τὸν
957 896 1060 938 νοῦν
1088 896 1169 938 τοῦ
1197 889 1524 964 αυτοκράτορος
1553 894 1617 948 εἷς
1637 914 1712 940 κα-

227 951 404 999 τάλυσιν
433 955 511 998 τοῦ
542 949 826 1022 Ἀπελχασὴμ
857 951 1128 1018 περιΐστατο.
1183 948 1416 1005 κατάλυσις
1445 954 1505 997 ibi
1533 955 1714 1009 positum

227 1013 394 1056 videtur
422 1007 518 1055 αντὶ
546 1013 626 1055 τοῦ
655 1006 873 1062 ατόλυσις
903 1010 1111 1054 liberatio.

362 1069 732 1112 ΚΛΤΕΠΑΝΩ.
777 1069 843 1111 94.
895 1062 1129 1109 κατεπάνω
1159 1082 1252 1110 των
1280 1060 1544 1137 αξιωμάτων
1573 1069 1715 1112 verto:

225 1126 503 1193 Praepositus
532 1125 823 1192 diynitatibua
898 1125 1008 1168 Puto
1053 1137 1139 1168 esse
1186 1125 1239 1168 ab
1283 1120 1432 1167 ἐπάνω
1480 1126 1714 1181 praeposito

226 1181 349 1226 κατά.
404 1184 478 1226 Β18
521 1183 728 1239 reperitur
766 1183 811 1225 in
855 1182 1045 1237 Epistola
1074 1181 1212 1224 Alexii
1259 1181 1312 1224 ad
1339 1182 1570 1225 Henricum
1608 1183 1715 1226 libro

225 1241 364 1284 tertio.
429 1240 547 1294 Quod
576 1240 783 1284 Meursius
817 1239 926 1282 hanc
970 1251 1113 1282 vocem
1157 1251 1360 1293 exponens
1393 1239 1710 1294 Redemptorem

226 1297 495 1364 vectigalium
529 1298 668 1350 vertit,
699 1296 863 1352 generis
906 1308 1056 1339 nomen
1095 1296 1245 1350 speciei
1280 1295 1444 1339 tribuit.
1507 1296 1714 1339 Videntur

225 1354 336 1397 enim
367 1350 410 1397 οἱ
440 1353 690 1406 κατέπανοι,
719 1354 786 1397 vel
815 1354 863 1395 ut
894 1353 1043 1395 melius
1070 1352 1267 1395 scribitur
1295 1353 1373 1395 hoc
1403 1352 1507 1405 1060,
1540 1349 1583 1396 οὶ
1611 1369 1714 1396 κατ-

225 1406 390 1463 επάνω,
421 1411 526 1454 dicti
555 1411 681 1454 fuisse
711 1410 946 1465 Praepositi
978 1409 1150 1453 cuilibet
1183 1409 1255 1462 rei,
1302 1410 1351 1452 ut
1378 1409 1446 1452 hic
1485 1410 1529 1452 di
1562 1411 1712 1454 nitati-

224 1468 314 1511 bus.
372 1445 454 1511 'Les
483 1468 809 1512 Suriutendans.
866 1467 1016 1521 Itaque
1045 1479 1188 1510 censeo
1221 1467 1329 1509 hanc
1356 1479 1498 1509 vocem
1566 1480 1710 1511 raecae

225 1524 400 1580 originis
431 1526 472 1568 et
501 1525 735 1580 analogiae,
769 1525 891 1579 plane
919 1524 1128 1567 diversam
1165 1523 1218 1566 ab
1256 1523 1340 1566 alia
1378 1536 1489 1567 mere
1528 1525 1708 1568 barbara

224 1582 426 1636 sequioris
457 1581 655 1625 Graeciae
681 1594 759 1625 1186
800 1581 905 1624 11116
955 1579 1215 1631 καπέτανος,
1261 1581 1335 1623 661
1379 1579 1615 1632 καπέιανις
1647 1582 1711 1624 vel

223 1638 351 1681 etiam
380 1637 643 1690 καπέτανιος
675 1637 899 1693 Capitaine
927 1638 977 1681 de
1017 1651 1099 1693 qua
1130 1636 1433 1693 Glossographi
1463 1639 1530 1681 sat
1559 1639 1708 1682 multa.

358 1698 593 1739 KATEP1
602 1697 701 1739 ON.
762 1694 975 1738 Triremis.
1040 1694 1147 1738 Vide
1191 1692 1405 1737 Glossaria
1449 1694 1623 1738 Meursii
1667 1696 1708 1738 et

222 1752 398 1796 Fabroti
424 1753 478 1796 ad
507 1743 1414 1820 Ν16616111.111).Χ.Ῑ10811116(1.απέστειλε
1443 1748 1521 1794 τὸν
1550 1748 1710 1794 καλού-

221 1824 354 1863 μενον
383 1805 590 1865 δεύτερον
614 1805 785 1866 κόμητα
814 1807 925 1864 μετὰ
953 1809 1037 1851 τοῦ
1067 1805 1182 1851 ιδίου
1213 1806 1436 1864 κατέργου.

356 1868 661 1910 ΚΑΥΚΙΟΝ.
740 1866 942 1910 (3666111111
983 1866 1055 1909 lib.
1090 1876 1161 1909 111.
1207 1865 1252 1908 in
1297 1865 1429 1920 Epist.
1472 1865 1610 1908 Alexii
1657 1865 1709 1909 ad

221 1923 391 1968 Henric.
435 1925 525 1968 iure
565 1924 710 1980 opinor
754 1936 846 1967 meo
890 1923 935 1966 in
974 1923 1319 1989 interpretatione
1361 1922 1515 1965 retinui
1559 1935 1707 1965 sonum

221 1980 358 2035 ipsum
377 1981 491 2024 vocis
510 1982 713 2025 barbarae
733 1979 998 2035 eiusdemque
1018 1976 1298 2035 πολυσὴμου.
1334 1992 1431 2022 nam
1454 1979 1496 2022 et
1515 1979 1709 2034 hydriam

221 2038 263 2080 et
292 2038 466 2082 calicem
495 2039 537 2082 61
569 2051 790 2081 nummum
822 2038 956 2080 sonat.
1002 2049 1048 2080 ex
1079 2036 1230 2092 quibus
1261 2036 1502 2079 notionibus
1525 2036 1705 2079 secunda

220 2095 401 2138 maxime
436 2095 480 2138 in
516 2095 627 2138 hunc
660 2095 800 2138 locum
831 2094 1024 2150 quadrat.
1073 2106 1148 2136 1166
1179 2106 1289 2137 vana
1323 2093 1498 2136 fortasse
1526 2093 1707 2148 suspicio

221 2150 289 2205 sit,
334 2152 370 2194 si
413 2153 506 2208 quis
552 2152 725 2196 calicem
771 2164 936 2195 sacrum
980 2151 1033 2194 ad
1077 2162 1198 2193 usum
1239 2149 1434 2194 sacrificii
1463 2162 1510 2193 ex
1539 2162 1705 2205 gemma

220 2208 356 2252 solida
385 2209 574 2265 Sardony
577 2210 651 2252 che
680 2209 841 2252 factum
865 2208 934 2251 hic
962 2207 1189 2263 intelligat.
1247 2207 1354 2250 Vide
1383 2206 1627 2250 Μ661816111

357 2268 602 2308 KEAAA.
663 2266 752 2310 Lib.
773 2276 854 2310 XV.
901 2264 1015 2308 Cella
1044 2264 1255 2308 Monaehi.

354 2325 685 2366 KAHPIKOI.
745 2322 908 2374 Clerici,
938 2321 1237 2391 Episcoporum
1264 2322 1480 2390 AssecIae,
1512 2321 1583 2364 lib.
1600 2331 1704 2363 X111.

221 2378 263 2420 in
294 2379 572 2424 instrumento
612 2380 761 2424 Pacis:
793 2395 836 2422 οι
869 2377 1218 2450 Θεοφιλέστατοι
1258 2375 1503 2422 ἐπίσκοποι
1542 2372 1706 2445 ’Λμάλ-

222 2451 338 2504 φῃς
338 2437 540 2492 Μαῦρος,
581 2436 654 2480 καὶ
704 2433 728 2479 ὁ
775 2436 855 2480 τοῦ
902 2435 1120 2491 Ίαρέντου
1154 2432 1393 2491 Ῥενάρὸος,
1430 2435 1502 2478 καὶ
1539 2451 1579 2478 οι
1618 2450 1703 2477 συν

220 2507 337 2550 αυτω
368 2493 578 2550 κληρικοί.

354 2552 669 2595 ΚΟΜΗΤΕΣ.
736 2551 895 2595 Τ111101
945 2551 1047 2594 11666
1091 2563 1169 2594 vox
1220 2551 1282 2594 est
1335 2563 1415 2593 usu
1464 2549 1703 2605 posterioris

221 2606 421 2651 Graeciae
450 2622 577 2664 quam
607 2610 656 2651 111
685 2608 737 2652 de
764 2608 840 2652 illa
879 2608 1113 2651 notandum
1156 2607 1224 2650 hic
1266 2607 1323 2650 sit
1367 2607 1595 2662 quidquam
1637 2607 1703 2649 di-

219 2664 427 2717 stinctius,
458 2665 702 2720 praesertim
738 2678 831 2708 cum
863 2666 907 2708 in
938 2677 985 2708 ea
1014 2665 1203 2719 copiosus
1235 2665 1291 2707 sit
1329 2664 1549 2716 Meursius,
1581 2676 1701 2719 quem

220 2721 411 2763 consulas
439 2722 549 2765 licet
612 2722 735 2765 Addo
766 2722 935 2765 tantum
964 2723 1127 2777 praeter
1165 2721 1424 2764 notissimam
1466 2720 1590 2764 istam
1627 2733 1702 2763 no-

219 2776 374 2819 tionem
405 2778 628 2833 dignitatis
670 2778 896 2834 aliquando
928 2778 1159 2833 simplicius
1190 2777 1383 2833 usurpari
1419 2778 1528 2820 hanc
1555 2790 1696 2821 vocem

220 2834 267 2874 ut
296 2835 495 2889 antiquae
524 2836 615 2878 voci
645 2836 820 2879 Latinae
850 2835 993 2879 Comes
1022 2835 1280 2891 respondeat,
1314 2835 1355 2877 61
1393 2835 1595 2878 6886616111
1627 2835 1703 2878 6111
