1768 3152
327 166 974 227 *⁷⁷‹A1AEX1AnlsL113.x.
1008 189 1045 229 2.
1498 174 1558 236 7'

30 308 295 372 φερόμενοι,
328 307 448 356 οὕτω
486 312 599 371 δῆτα
626 313 700 357 καὶ
742 309 770 373 ἡ
807 314 899 357 τῶν
924 309 1155 370 Ῥωμαίων
1189 313 1306 375 Τύχη
1335 319 1526 373 πολλοῖς

30 382 367 442 ἔπορχησαμένη
395 386 551 436 κακοῖς
579 382 653 427 καὶ
682 379 891 443 διακορὴς
933 387 1137 441 γεγονυῖα
1175 389 1274 439 τοῖς
1302 383 1526 441 τοιούτοις

29 454 405 511 ψευδοβασιλεῖσι
446 450 527 498 τόν
558 453 744 509 βασιλέα
783 453 1097 510 προσέπαιζεν.
1158 453 1182 499 ὅ
1212 456 1365 512 μέντοι
1394 453 1526 502 αἰτο-

27 520 206 580 κράτωρ
235 519 502 581 κατεφρόνει
530 525 622 566 τῶν
650 522 901 580 λεγομένων
926 519 1225 571 παντάπασιν.
1301 525 1401 571 ἐπεὶ
1431 527 1469 571 δ’
1498 525 1567 571 ὃΒ

0 589 273 650 5χαριιικηνδς
318 587 400 636 κᾶν
441 594 541 644 ταῖς
583 586 756 648 ἆγυιαῖς
801 586 881 635 κᾶν
915 595 1016 645 ταῖς
1052 588 1278 652 ἆμφόδοις
1314 594 1360 639 ἒν
1390 597 1526 641 παντὶ

28 664 169 717 καιρῷ
195 663 379 716 τοιαῦτα
408 661 556 719 ληρῶν
586 661 664 705 οὐκ
695 657 908 714 ἐπαύετο,
954 652 1070 719 ἦλθε
1105 664 1245 707 ταῦτα
1282 660 1348 717 εἷς
1389 659 1527 719 ἆκοάς

27 733 110 788 τῆς
138 724 338 786 Ἀλεξίου
367 732 449 775 τοῦ
479 732 746 785 κρατοῦντος
765 724 962 788 ἀδελφῆς
979 728 1218 788 Θεοδώρας
1237 733 1310 777 καὶ
1333 730 1526 789 ὁμεῦνου

29 802 111 844 τοῦ
138 794 455 856 ἀναιρεθέντος
496 799 666 844 ἐκείνου
711 796 811 844 υἱοῦ
844 800 926 843 τοῦ
965 801 1214 856 Διογένους.
1275 798 1303 862 ἦ
1341 802 1391 847 δὲ
1421 801 1527 857 τούς

29 865 192 924 λήρους
229 868 423 922 ἐκείνους
460 866 521 927 μὴ
562 869 764 927 φέρουσα
806 863 989 927 ἤχθετο.
1050 870 1126 914 ἒπὶ
1164 872 1219 931 τῇ
1265 874 1414 931 σφαγῇ
1445 869 1525 928 γὰρ

0 932 217 994 ὓτᾶνδρός
234 934 315 982 τὸν
332 933 502 995 μονήρη
521 938 623 993 βίον
642 932 858 997 ἠλλάξατο
879 936 959 983 τόν
974 935 1213 996 ἀσκητικὸν
1226 935 1527 997 ἄκριβέστατα

26 1006 357 1065 μετεληλυθυῖα
377 1006 479 1062 βίον
499 1007 571 1051 καὶ
594 1007 695 1066 Θεῷ
714 1005 839 1066 μόνῳ
860 1008 1209 1064 προσανέχουσα.
1269 1006 1294 1053 ό
1325 1009 1374 1054 δὲ
1395 1005 1527 1055 αἰτο-

27 1071 218 1131 κράτωρ,
251 1074 354 1119 ἐπεὶ
385 1073 499 1131 μετὰ
527 1075 737 1131 δευτέραν
763 1077 837 1120 καὶ
863 1076 1016 1135 τρίτην
1043 1077 1306 1134 παραίνεσιν
1336 1075 1362 1122 ὃ
1391 1079 1527 1138 λῆρος

29 1143 198 1197 ἐκεῖνος
241 1137 323 1198 οὐχ
355 1139 579 1204 ἡσύχαζεν,
624 1144 670 1197 ἐς
698 1146 921 1202 Χερσῶνα
949 1148 1110 1199 τοῦτον
1139 1140 1416 1199 οἷποστείλας
1448 1144 1527 1203 ἔμ-

29 1229 229 1271 φρουρον
271 1206 387 1257 εἶναι
428 1209 799 1269 παρεκελεύσατο.
874 1214 1018 1259 ἐκεῖσε
1060 1215 1111 1259 δὲ
1153 1211 1523 1272 παραγενόμενος,

0 1278 187 1334 5νυκτὸς
220 1275 515 1338 ἇνερχόμενος
558 1279 633 1327 διὰ
659 1285 741 1327 τοῦ
775 1283 950 1338 τείχους
988 1284 1062 1327 καὶ
1097 1280 1385 1341 προκύπτων,
1429 1287 1567 1337 vorge

28 1346 241 1410 συνήθως
281 1352 478 1410 φοιτῶσι
519 1348 750 1407 Κομάνοις
793 1352 1016 1409 ἐμπορίας
1064 1350 1191 1410 χάριν
1238 1353 1312 1397 καὶ
1351 1355 1433 1398 τοῦ
1472 1352 1527 1397 τὰ

28 1416 147 1475 πρὸς
176 1419 327 1476 χρείαν
354 1419 535 1464 ἐκεῖθεν
558 1421 824 1477 κομίζεσθαι
855 1419 981 1477 ἅπαξ
1006 1421 1080 1465 καὶ
1111 1422 1180 1474 δὶς
1210 1418 1426 1482 ὁμιλήσας
1452 1423 1526 1467 καὶ

27 1487 204 1541 πίστεις
233 1485 344 1541 δούς
371 1489 445 1532 καὶ
473 1486 623 1544 λαβών
650 1487 724 1534 διὰ
750 1490 980 1548 καλῳδίων
1006 1488 1164 1543 νυκτὸς
1182 1487 1343 1535 ἑαυτὸν
1362 1488 1527 1552 δεσμή-

27 1573 110 1609 σας
138 1552 364 1615 ἐχαλάσθη
393 1559 474 1601 τοῦ
501 1557 688 1612 τείχους.
747 1554 1174 1615 συμπαραλαβόντες
1211 1557 1260 1602 δὲ
1288 1559 1450 1603 τοῦτον
1484 1557 1526 1604 οἳ

0 1621 238 1682 ὓΚόμανοι
272 1624 390 1681 πρός
432 1622 513 1684 τὴν
551 1623 667 1670 ἷδιάν
696 1621 899 1687 ἇπῄεσαν
941 1624 1101 1683 χώραν.
1160 1624 1529 1683 συναυλιζόμενος

29 1693 78 1738 δὲ
115 1689 295 1747 τούτοις
329 1693 402 1752 ἐφ’
439 1690 590 1738 ἱκανὸν
627 1695 673 1748 ἐς
709 1698 927 1740 τοσοῦτον
956 1692 1212 1756 συνήλασεν,
1255 1691 1318 1748 ιῦς
1346 1695 1420 1739 καὶ
1448 1699 1528 1751 βα·-

28 1763 153 1807 σιλέα
193 1757 330 1808 αὐτὸν
363 1760 680 1820 κατονομάζειν
720 1758 816 1826 ἤδη.
877 1761 920 1809 οἱ
960 1765 1009 1809 δὲ
1046 1765 1229 1820 αἳμασιν
1265 1758 1528 1820 ἀνθρώπων

28 1828 221 1891 λαφύξαι
258 1827 535 1888 ἱμειρόμενοι
575 1833 648 1876 καὶ
686 1833 831 1889 κρεῶν
869 1826 1173 1890 ἀνθρωπείων
1211 1832 1528 1892 ἐμφορηθῆναι

166 1936 202 1971 7.
227 1933 431 1982 ὁμευνέτου
454 1936 499 1972 Α.
641 1937 696 1972 13.
725 1937 987 1976 ἐξαποστείλας
1010 1936 1055 1972 Α.
1181 1936 1237 1971 14.
1262 1931 1526 1982 παραγενόμε-

164 1996 233 2020 νον
256 1983 300 2020 G-
484 1986 540 2021 15.
567 1982 826 2032 ἀνερχόμενον
847 1985 900 2021 G.-
1063 1985 1122 2020 20.
1149 1980 1460 2027 συναυλιζόμενον
1482 1984 1525 2020 G.
1574 1996 1577 1997 ⁷

164 2033 224 2069 21.
251 2029 380 2068 τούτου
405 2032 449 2069 G.
636 2035 695 2068 22.
721 2036 862 2078 αἵματα
887 2034 932 2070 A.
1113 2034 1172 2070 23.
1199 2028 1452 2080 ἠμειρόμενοι·
1481 2032 1526 2068 G.

163 2075 412 2127 ἀνθρωπείων
434 2081 513 2128 FA,
538 2079 792 2129 ἀνθρωπίνων
817 2083 856 2118 Ρ.

28 2160 213 2207 Fortuna,
236 2163 438 2209 postquam
462 2161 698 2199 multimodis
721 2161 882 2209 imperio
906 2160 1116 2203 insultavit,
1149 2160 1199 2198 ad
1224 2160 1439 2197 satietatem
1463 2159 1526 2196 ad·

29 2209 146 2246 ducta
168 2221 237 2257 per
260 2210 356 2247 tales
379 2211 775 2258 pseudoimperatores
800 2211 1070 2258 imperatorem
1103 2209 1238 2246 illusit.
1272 2211 1315 2245 at
1344 2209 1408 2246 hic
1430 2220 1527 2255 quae

27 2258 269 2295 iactabantur
292 2259 404 2306 plane
428 2260 670 2306 contempsit.
700 2272 786 2296 cum
799 2271 891 2296 vero
907 2259 1107 2306 gregarius
1121 2259 1185 2295 ille
1200 2259 1308 2295 miles
1325 2269 1393 2304 per
1409 2258 1527 2293 trivia

29 2310 70 2343 et
91 2307 197 2344 vicos
222 2308 278 2343 ita
301 2308 440 2355 nugari
477 2320 554 2346 nou
590 2309 791 2354 desineret,
833 2309 1019 2355 comperit
1054 2307 1096 2344 id
1119 2308 1247 2343 Alexii
1283 2306 1526 2353 imperatoris

30 2367 138 2392 soror
161 2356 372 2399 Theodora,
406 2369 504 2394 uxor
528 2357 722 2394 interfecti
747 2357 931 2404 Diogenis
956 2357 1043 2393 filii:
1078 2368 1175 2403 quac
1200 2355 1400 2402 indignata
1424 2354 1524 2390 frau-

30 2404 116 2441 dem
140 2406 222 2441 eius
245 2417 323 2442 non
347 2406 449 2442 tulit.
500 2417 545 2442 ea
568 2406 669 2442 enim
691 2409 781 2451 post
794 2406 869 2442 viri
886 2405 1264 2442 oaedemmonastica
1289 2403 1526 2450 professione

30 2456 205 2500 suscepta
241 2453 460 2501 religiosam
497 2454 615 2491 vitam
653 2454 945 2502 diligentissime
979 2453 1129 2491 colebat
1166 2453 1237 2489 deo
1276 2452 1347 2489 soli
1383 2451 1525 2488 dedita.

30 2501 185 2538 tandem
207 2501 428 2549 imperator,
452 2514 539 2539 cum
564 2507 791 2551 nugatorem
816 2503 931 2539 istum
958 2502 1103 2538 frustra
1120 2502 1260 2538 iterum
1276 2504 1392 2547 atque
1407 2499 1525 2536 tertio

29 2550 250 2595 monuisset,
278 2551 510 2588 Chersonem
534 2563 621 2588 eum
645 2551 833 2599 relegavit
857 2552 954 2588 etin
970 2550 1143 2588 custodia
1158 2549 1289 2586 haberi
1311 2547 1434 2584 iussit.
1471 2547 1526 2584 ibi

29 2601 143 2635 nocte
167 2599 208 2634 in
234 2611 345 2636 muro
366 2600 565 2636 ambulans
599 2603 639 2636 et
676 2602 924 2647 prospectans
958 2611 1044 2637 cum
1069 2598 1243 2635 Comanis
1271 2598 1320 2634 ob
1345 2608 1527 2634 commer-

30 2646 131 2689 cium
170 2648 452 2695 parandumque
484 2650 627 2685 victum
658 2661 703 2685 eo
728 2649 1005 2685 ventitantibus
1043 2647 1190 2694 saepius
1226 2646 1525 2691 colloquebatur,

30 2694 152 2732 donec
175 2697 330 2733 tandem
353 2696 429 2733 fide
460 2698 651 2743 utrimque
688 2697 779 2734 data
809 2700 927 2734 noctu
962 2709 1002 2732 se
1033 2696 1123 2732 fune
1148 2695 1317 2732 vinetum
1343 2694 1391 2730 de
1416 2705 1525 2729 muro

30 2743 201 2790 demisit3
229 2757 305 2792 quo
338 2749 498 2792 excepto
524 2746 678 2783 Comani
701 2746 741 2782 in
765 2758 870 2782 suam
900 2749 1043 2781 terram
1067 2745 1221 2780 abeunt.
1270 2742 1413 2779 ibidem
1438 2753 1526 2778 cum

31 2792 263 2840 aliquamdiu
289 2797 391 2831 esset
416 2798 684 2842 commoratus,
708 2806 753 2832 eo
767 2797 969 2842 provectus
985 2795 1056 2840 est,
1081 2796 1126 2829 ut
1138 2792 1233 2829 adeo
1245 2792 1451 2839 imperator
1476 2790 1525 2826 ab

30 2841 125 2888 ipsis
150 2842 226 2878 iam
250 2843 521 2890 appellaretur.
566 2846 681 2891 atque
705 2843 756 2888 hi,
792 2844 881 2891 quia
904 2843 1099 2880 hominum
1134 2841 1317 2889 sanguine
1338 2850 1526 2887 carneque
