1806 3132
253 180 335 221 632
780 186 959 220 GAROLI
989 184 1228 219 DUOANGII

251 303 324 347 lib.
354 302 418 345 11.
450 314 538 356 cap.
562 302 600 344 2.
638 299 845 344 Willelmi
874 298 1081 342 familiam
1112 297 1261 354 attigit
1290 298 1401 341 idem
1425 297 1623 342 Albertus
1645 298 1745 341 dum

255 358 455 404 Comitem
476 358 527 401 de
548 356 772 412 Sartenyis
802 356 1039 410 nuncupat:
1068 355 1147 398 hoc
1181 355 1289 397 enim
1311 355 1517 399 vocabulo
1548 355 1746 409 expressit

252 416 467 460 Gallicum
507 415 558 458 de
606 414 854 468 Cerdaiqne,
901 413 968 455 vel
1011 412 1289 466 Hispanicum
1337 413 1388 455 de
1425 411 1631 463 Gerdana,
1674 424 1745 454 seu

256 472 528 517 Ceritaniam.
580 471 767 514 Duxerat
799 470 950 524 quippe
977 469 1021 511 in
1052 481 1221 511 uxorem
1239 468 1744 519 Willelmus-Raimundi‚

253 529 490 573 Ceritaniae
538 528 583 571 in
619 527 854 582 Hispaniae
898 526 1034 568 limite
1075 524 1233 577 Comes,
1263 524 1407 569 Pontii
1437 525 1517 567 III.
1549 525 1746 568 Tolosani

254 585 432 630 Comitis
462 585 611 636 filiam,
633 583 863 627 Raimundi
886 581 1229 637 Sanctaegidiani
1260 594 1455 625 sororem.
1507 582 1568 624 Ex
1594 582 1745 636 quibus

251 642 413 698 nuptiis
461 642 552 686 nati
572 639 1028 684 Willelmus-Iordanis
1075 638 1279 682 Dominus
1324 638 1482 682 Montis
1526 638 1745 693 Peregrini

253 701 295 743 et
326 697 806 742 Bernardus-Willelmi
828 695 1064 739 Ceritaniae
1099 696 1192 750 post
1222 695 1397 738 fratrem
1421 694 1581 739 Comes.
1630 694 1747 738 Obiit

252 769 350 800 vero
373 755 617 798 Willelmus
647 754 698 797 A.
728 763 900 797 MOVIII.
942 752 1007 795 uti
1045 752 1201 795 habent
1231 752 1430 795 Albertus
1459 751 1540 807 Aq.
1580 752 1654 795 lib.
1680 753 1744 794 11.

253 826 342 868 cap.
368 813 433 855 15.
490 812 681 855 Fulcher.
716 810 789 853 lib.
813 812 850 852 2.
892 822 980 864 cap.
1003 810 1070 852 39.
1117 808 1230 852 Hist.
1276 809 1436 852 Hieros.
1479 809 1531 851 A.
1574 818 1745 852 MCVIII.

252 869 403 925 Tyrius
434 868 506 912 lib.
533 869 598 911 11.
632 880 719 922 cap.
742 868 781 910 9.
830 866 973 910 Surita
1011 866 1055 908 in
1093 865 1184 909 Ind.
1229 865 1282 908 A.
1311 875 1449 910 Mem.
1486 866 1527 909 et
1557 865 1746 908 Andreas

250 926 390 970 Boseh
425 925 499 968 lib.
538 924 605 968 del
637 924 770 967 Titols
805 924 856 967 de
906 922 1039 966 honor
1079 924 1130 966 de
1169 921 1364 966 Catalun.
1403 923 1477 966 lib.
1499 924 1538 965 2.
1570 935 1658 977 cap.
1680 923 1746 964 22.

251 983 385 1026 Miror
414 982 527 1026 viros
568 981 753 1024 eruditos
782 981 823 1023 et
855 980 1056 1032 oculatos,
1097 979 1170 1035 qui
1202 979 1389 1023 Stemma
1422 978 1634 1022 Comitum
1665 979 1748 1022 Το-

252 1040 493 1083 1033110111111
539 1038 854 1089 contexuerunt,
902 1036 952 1079 de
998 1036 1175 1080 Comitis
1221 1035 1564 1092 Sanctaegidiani
1609 1048 1747 1079 sorore

253 1097 429 1140 siluisse.
491 1094 731 1139 Comitatus
763 1107 860 1137 vero
893 1093 1130 1137 Ceritaniae
1159 1093 1360 1136 terminos
1390 1093 1459 1136 hic
1490 1093 1651 1144 damus,
1683 1092 1747 1134 uti

253 1152 547 1196 describuntur
589 1152 634 1194 in
683 1150 840 1195 Charta
881 1150 1025 1193 Iacobi
1069 1151 1199 1205 Regis
1246 1149 1493 1205 Aragonum
1537 1151 1602 1192 10.
1649 1149 1746 1192 Kal.

254 1210 367 1265 Sept.
400 1209 480 1253 An.
514 1217 730 1252 MOGLXII.
776 1221 858 1263 qua
903 1207 1055 1250 Iacobo
1100 1207 1187 1250 filio
1223 1207 1418 1262 Regnum
1447 1206 1746 1260 Majoricarum

254 1267 295 1310 et
326 1266 575 1310 Comitatus
608 1264 862 1308 Rossilionis
893 1265 934 1307 et
967 1263 1206 1307 Ceritaniae
1244 1263 1457 1306 concedit:
1501 1263 1583 1306 Est
1623 1264 1749 1306 etiam

253 1323 468 1367 sciendum
513 1322 624 1377 quod
667 1322 838 1364 termini
888 1320 1133 1365 Geritaniae
1187 1324 1287 1364 sunt
1329 1321 1413 1372 isti,
1464 1320 1655 1363 videlieet
1698 1319 1749 1363 de

253 1380 417 1423 Pineen
468 1393 598 1434 usque
640 1379 697 1422 ad
741 1377 918 1421 Pontem
958 1378 1009 1420 de
1049 1378 1092 1421 la
1134 1377 1282 1429 Corba,
1330 1381 1368 1420 et
1406 1381 1494 1420 tota
1522 1377 1657 1421 Vallis
1697 1377 1748 1420 de

255 1437 414 1491 Rippis
447 1450 539 1479 eum
567 1437 658 1478 suis
686 1435 879 1478 terminis
908 1438 947 1477 et
976 1435 1139 1478 baiulia
1177 1438 1237 1477 est
1277 1434 1327 1477 de
1360 1434 1645 1477 dominatione
1675 1433 1749 1477 Ce-

252 1494 455 1549 ritaniae,
486 1497 524 1535 et
544 1492 784 1536 extenditur
814 1495 1015 1545 exparte
1033 1491 1324 1548 Baryuadani
1353 1504 1483 1544 usque
1512 1492 1569 1534 ad
1588 1491 1750 1534 Rooam

255 1550 479 1601 Sameam,
510 1553 551 1592 et
579 1554 710 1592 totum
740 1549 973 1592 dominium
1004 1549 1054 1592 de
1087 1549 1282 1602 Valespir
1313 1561 1404 1591 eum
1431 1549 1580 1602 pratis
1610 1551 1669 1590 est
1699 1547 1749 1590 de

246 1606 527 1662 'pertinentiis
573 1606 806 1650 Comitatus
846 1605 1096 1661 Ceritaniae,
1147 1610 1185 1648 et
1240 1605 1479 1648 extenditur
1520 1618 1649 1659 usque
1693 1605 1750 1647 ad

260 1663 416 1707 Collem
447 1663 600 1716 Bares,
629 1667 667 1706 et
693 1664 801 1706 sieut
831 1662 963 1707 Serra
988 1663 1063 1705 hoe
1090 1662 1248 1705 scindit
1276 1676 1406 1717 33933
1436 1662 1493 1705 ad
1515 1660 1670 1705 Collem
1699 1661 1750 1704 de

256 1720 497 1773 Pavissars,
530 1724 569 1763 et
601 1720 651 1763 de
681 1721 774 1774 ipso
811 1718 924 1763 Colle
954 1720 1004 1762 de
1031 1719 1261 1762 Pavissars
1285 1732 1415 1774 usque
1443 1719 1501 1762 ad
1533 1717 1668 1772 Caput
1700 1718 1750 1761 de

260 1777 475 1822 Orueibus.

22 1858 203 1905 Pag.333.
211 1859 242 1893 A
388 1840 742 1900 Ὑποσχόμενος]
788 1844 1076 1899 Spoponderat
1106 1844 1217 1888 enim
1244 1844 1417 1887 Alexius
1447 1843 1578 1887 Cruce
1607 1843 1750 1897 signa-

256 1902 322 1945 tos
354 1903 643 1945 assecuturum
667 1915 710 1945 se
740 1915 836 1944 cum
866 1901 1014 1944 idoneo
1042 1902 1236 1954 exercitu,
1271 1902 1318 1944 ut
1352 1901 1414 1944 est
1444 1900 1554 1955 apud
1571 1898 1750 1943 Guiber-

257 1960 350 2001 tum
378 1958 453 2002 lib.
473 1960 513 2002 3.
547 1971 637 2014 cap.
659 1960 698 2001 3.
729 1959 855 2013 idque
877 1958 1023 2001 Alexio
1054 1972 1135 2001 non
1156 1958 1282 2001 semel
1302 1957 1513 2001 obiectum
1534 1970 1558 2000 3
1580 1956 1745 2007 11031113,

258 2016 300 2058 31
332 2015 443 2071 quod
474 2016 599 2071 pacta
628 2018 833 2059 conventa
874 2014 1108 2058 violaverat
1148 2014 1273 2070 prior,
1318 2014 1495 2058 narrant
1527 2013 1750 2056 Baldricus

257 2072 331 2115 lib.
352 2072 392 2115 4.
426 2086 522 2128 pag.
548 2074 642 2115 122.
675 2072 826 2128 Tyrius
856 2071 929 2115 lib.
949 2073 986 2115 7.
1019 2085 1107 2127 cap.
1131 2073 1198 2115 20.
1231 2072 1273 2114 31
1293 2072 1444 2114 Ρ311113
1471 2070 1590 2113 Diac.
1619 2070 1691 2113 lib.
1708 2070 1748 2111 4.

261 2128 413 2172 Chron.
442 2129 581 2173 Oasin.
614 2143 703 2184 cap.
728 2130 793 2171 11.

214 2205 246 2240 Α
392 2191 693 2253 Ἀντιόχειαν]
746 2197 947 2241 Albertus
985 2196 1065 2251 Aq.
1108 2195 1181 2239 lib.
1209 2197 1247 2238 5.
1290 2209 1379 2250 cap.
1408 2196 1445 2238 2.
1492 2195 1749 2238 Iuraverunt

259 2254 370 2296 enim
398 2254 481 2297 sibi
512 2253 695 2310 (Alexio)
733 2258 778 2297 ut
804 2255 843 2297 si
871 2257 1091 2308 caperetur
1118 2252 1359 2306 Antiochia,
1392 2253 1492 2307 quia
1520 2252 1571 2295 de
1599 2251 1746 2307 Reyno

259 2311 347 2353 eius
377 2315 479 2363 erat,
507 2313 617 2354 sieut
649 2311 826 2360 Nicaea,
847 2324 941 2353 eum
971 2310 1164 2353 omnibus
1198 2308 1393 2354 Castellis
1420 2313 1458 2352 et
1485 2308 1667 2353 Urbibus
1694 2309 1751 2351 ad

258 2367 454 2422 Reynum
483 2369 572 2411 eius
594 2368 906 2422 pertinentibus
925 2367 1007 2410 sibi
1026 2381 1206 2421 suaeque
1225 2367 1449 2410 ffIaiestati
1470 2369 1744 2409 reservarent.

258 2423 371 2466 Hinc
401 2425 493 2467 falli
533 2425 698 2467 constat
727 2424 977 2468 Guibertum
1010 2423 1083 2467 lib.
1106 2425 1144 2466 3.
1178 2437 1266 2478 cap.
1288 2425 1326 2466 3.
1359 2423 1609 2466 scribentem
1641 2423 1749 2464 Boe-

258 2481 414 2524 mundo
446 2481 694 2536 promissam
734 2482 788 2525 ab
821 2481 968 2523 Alexio
1000 2480 1285 2531 Antiochiam,
1329 2480 1430 2522 dum
1470 2479 1606 2523 adhuc
1642 2478 1750 2522 Con-

259 2537 535 2592 stantinopoli
571 2539 819 2581 moraretur.
876 2537 982 2580 Vide
1018 2537 1115 2592 Tyr.
1155 2537 1228 2581 lib.
1253 2538 1318 2580 14.
1351 2549 1440 2591 cap.
1464 2537 1531 2579 23.
1568 2536 1609 2578 31
1638 2536 1749 2578 infra

260 2606 354 2648 pag.
376 2595 472 2637 405.

213 2672 244 2707 D
396 2663 603 2724 Μιχαὴλ]
634 2668 856 2724 Dignitate
889 2668 1152 2720 Pincernam,
1185 2667 1234 2711 de
1267 2680 1349 2723 quo
1380 2680 1475 2722 pag.
1499 2667 1595 2709 242.

18 2743 245 2790 Pag.334.A
398 2738 484 2797 Τὴν
512 2734 749 2798 Ἀττάλου]
780 2735 1049 2792 Ἀττάλειαν,
1097 2741 1373 2796 Pamphyliae
1402 2740 1671 2795 Metropolim
1704 2739 1747 2781 in

259 2796 460 2839 Themate
489 2796 694 2840 Orientali
726 2799 836 2853 apud
869 2799 1085 2843 Constant.
1119 2798 1376 2853 Porphyrog.
1420 2810 1546 2856 quam
1577 2797 1746 2840 demum
