1734 3120
218 175 299 215 294
726 180 892 214 ANNAE
918 179 1185 215 COMNENAE

218 294 449 353 Καμύτζην
471 293 557 340 ’σὺν
589 291 784 354 εὐθυμία
811 295 1194 351 παραπέμψαντες
1223 293 1372 340 οἴκαδε
1401 297 1507 352 μεθ’
1542 294 1703 355 ἡμέρας

215 362 339 416 τινας
368 364 565 419 δέχονται
607 363 679 407 καὶ
718 360 796 407 τὸν
834 358 1137 421 αὐτοκράτορα
1178 362 1355 421 νικητὴν
1388 366 1699 420 τροπαιοῦχον,

214 428 417 490 άνίκητον
433 428 684 489 στρατηγόν,
703 426 918 490 ἀήττητον
932 431 1126 486 βασιλέα,
1150 430 1367 487 σεβαστόν
1387 429 1703 489 αὐτοκράτορα.

171 502 289 546 Βκαὶ
320 498 362 545 οἶ
391 502 470 557 μὲν
500 498 662 553 οὕτως·
690 497 714 544 ὁ
743 500 791 544 δὲ
812 497 1114 557 εἰσεληλυθώς
1132 499 1186 543 τὰ
1216 501 1416 556 βασίλεια
1436 502 1506 545 καὶ
1526 503 1704 558 σῶστρα

65 583 106 619 V.
133 583 202 619 355
217 567 361 621 θύσας
393 572 492 628 Θεῷ
521 569 592 613 καὶ
619 572 672 628 τῇ
694 565 944 627 Θεομήτορι
975 570 1065 612 τῶν
1094 565 1304 625 συνήθων
1335 566 1477 624 εἴχετο
1507 567 1734 626 wemma-5

68 647 108 683 Ρ.
135 649 204 684 449
216 637 319 690 τούς
347 634 427 694 γάρ
464 636 637 692 ἔξωθεν
677 636 902 692 πολέμους
948 633 1332 693 καταστησάμενος
1374 637 1447 680 καὶ
1490 635 1571 689 τὰς
1614 639 1705 680 τῶν

216 702 437 762 τυράννων
454 701 629 757 στάσεις
649 699 1046 761 ἆποκρουσάμενος
1075 702 1138 756 εἷς
1162 701 1420 764 δικαστήρια
1450 706 1522 748 καὶ
1543 702 1705 760 νόμους

215 770 479 829 ἇπέβλεπεν.
543 765 593 831 ἦν
630 773 707 830 γὰρ
750 773 855 829 παρ’
900 769 1108 829 ἑκάτερον
1149 770 1302 828 καιρὸν
1331 774 1402 817 καὶ
1433 771 1604 832 εἰρήνης
1634 774 1705 817 καὶ

215 839 355 901 μάχης
382 836 561 899 ι’)ἷριστος
592 838 842 897 οἰκονόμος.
903 839 1045 898 ἔκρινε
1075 840 1154 898 γὰρ
1187 836 1383 899 ὀρφανὸν
1410 843 1482 885 καὶ
1511 841 1703 886 ἐδικαίου

215 909 350 971 χήραν
378 911 451 955 καὶ
494 907 603 953 κατὰ
647 907 793 968 πάσης
833 905 1004 963 ἀδικίας
1050 907 1316 966 δριμύτατον
1364 909 1552 966 ἔβλεπεν
1583 906 1734 968 ὄλίγα]

215 977 267 1024 τὸ
309 979 439 1035 σῶμα
483 975 763 1022 διαναπαύων
809 978 853 1022 ἐν
883 979 1155 1036 κυνηγεσίοις
1197 996 1244 1022 τε
1279 979 1351 1023 καὶ
1386 974 1574 1024 ἀνέσεσι.
1632 980 1706 1023 καὶ

215 1046 296 1105 γὰρ
324 1045 437 1103 μετά
467 1049 558 1091 τῶν
587 1040 732 1090 ἄλλων
776 1044 1042 1106 ἐφιλοσόφει
1087 1047 1159 1091 καὶ
1202 1049 1349 1100 τοῦτο,
1397 1049 1706 1105 χαλιναγωγεῖν

214 1113 266 1161 τὸ
299 1119 428 1172 σιῖμα
458 1116 529 1160 καὶ
558 1112 882 1173 εὖαγωγότερον
918 1113 1059 1174 ἑαυτῷ
1100 1119 1330 1160 καθιστᾶν.
1390 1116 1584 1172 ἐξεδίδου
1628 1115 1707 1172 μὲν

215 1182 295 1242 γάρ
327 1179 435 1229 αὐτὸ
465 1187 563 1237 τοῖς
593 1181 751 1237 πόνοις
782 1181 843 1237 ιῦς
874 1184 950 1229 ἐπὶ
972 1182 1023 1229 τὸ
1056 1185 1281 1238 πλεῖστον,
1314 1182 1448 1229 πάλιν
1479 1185 1526 1229 δὲ
1549 1185 1707 1229 ἐπανε-

173 1255 391 1300 Βκαλεῖτο
421 1254 512 1297 τῶν
542 1250 716 1298 πόνων·
763 1253 834 1297 καὶ
868 1250 892 1312 ἡ
923 1246 1069 1305 ἔνεσις
1110 1250 1254 1312 τούτῳ
1301 1251 1507 1309 δεύτερος
1553 1250 1734 1306 πόνος,]

179 1340 184 1346 ·
216 1321 400 1376 βιβλίων
439 1316 679 1377 ἀνάγνωσις
724 1321 797 1365 καὶ
837 1320 1031 1375 ἐξέτασις
1068 1321 1140 1365 καὶ
1170 1319 1194 1379 ἡ
1225 1323 1305 1365 τοῦ
1354 1321 1594 1377 ιιιέρειινοῖτε
1625 1318 1707 1373 τάς

215 1386 414 1447 γραφὰς”
446 1388 807 1446 παραγγέλματος
835 1388 1077 1445 ἐπιμέλεια.
1122 1386 1176 1432 τὰ
1197 1390 1235 1433 δ’
1264 1381 1318 1432 αὖ
1338 1389 1567 1446 κυνηγέσια
1587 1390 1660 1433 καὶ
1683 1387 1705 1447 ἡ

216 1452 308 1500 άπὸ
329 1458 407 1501 τοῦ
430 1457 675 1515 σφαιρίζειν
702 1454 860 1501 παιδιά
893 1457 1100 1514 δευτέρου
1122 1453 1253 1514 λόγου
1275 1457 1348 1500 καὶ
1366 1458 1516 1514 τρίτου
1535 1460 1708 1517 προσῆν

214 1520 349 1583 τιρμιῖ
394 1525 541 1581 πατρί,
580 1524 666 1578 ἕως
705 1523 772 1569 ἔτι
809 1524 1023 1582 νέωτερος
1070 1517 1121 1583 ἦν
1160 1526 1230 1568 καὶ
1270 1519 1399 1568 οὔπω
1439 1523 1491 1569 τὸ
1530 1525 1703 1582 θηρίον,

218 1592 241 1652 ἡ
271 1594 360 1636 τῶν
391 1594 546 1636 ποδῶν
577 1590 792 1647 διάθεσις,
828 1587 946 1652 αὐτῷ
990 1590 1317 1651 ἑπισυνεπλάκη
1360 1590 1570 1648 καθάπερ
1601 1587 1734 1652 ι’)’φιςὲ

217 1678 282 1712 τις
311 1659 488 1714 σκολιὸς
516 1662 587 1705 καὶ
625 1657 733 1706 ath-(3
765 1660 817 1722 δὴ
849 1666 982 1707 τοῦτο
1012 1661 1064 1707 τὸ
1096 1666 1174 1722 τῆς
1209 1660 1400 1721 κατάρας
1431 1661 1601 1708 δάκνων
1630 1659 1707 1707 αὖ·

216 1731 295 1774 τοῦ
325 1727 403 1789 τὴν
433 1731 634 1788 πτέρναν.
694 1732 743 1787 ἐξ
780 1730 889 1777 ὅτου
920 1733 968 1777 δὲ
1001 1731 1056 1776 τὰ
1085 1736 1164 1777 τοῦ
1199 1729 1449 1792 νοσήματος
1476 1729 1705 1791 ὑπήρξατο

354 1869 407 1903 14.
434 1865 545 1904 πάλιν
572 1881 644 1906 om.
674 1870 710 1905 C.
862 1872 917 1907 19.
943 1872 994 1917 τῷ
1018 1872 1081 1918 μῷ
1107 1871 1147 1913 P,
1176 1871 1333 1908 correxi.

217 2013 382 2049 laetitiae
408 2013 716 2060 significationem
743 2014 849 2051 effusi
875 2016 1072 2063 Camytzen
1100 2016 1253 2052 domum
1279 2016 1525 2060 comitantur;
1562 2016 1705 2061 paucis-

217 2074 288 2108 que
313 2062 444 2097 diebus
469 2063 677 2099 interiectis
702 2064 968 2110 imperatorem
993 2068 1223 2111 exceperunt
1249 2064 1430 2100 victorem
1456 2064 1704 2110 tropaeopho-

216 2122 312 2154 rum,
339 2110 471 2146 ducem
496 2112 689 2154 invictum,
724 2114 1013 2159 insuperabilem
1054 2114 1274 2159 principem,
1305 2112 1609 2158 augustissimum
1637 2113 1704 2147 im-

217 2162 427 2204 peratorem
445 2171 529 2195 eum
547 2160 802 2197 acclamantes.
845 2162 925 2208 ipse
943 2162 1123 2207 palatium
1145 2163 1334 2208 ingressus
1351 2161 1421 2197 deo
1439 2161 1573 2206 deique
1592 2161 1705 2196 matri

217 2208 348 2252 gratiis
374 2208 467 2243 actis
492 2212 689 2244 consuetae
714 2211 814 2245 vitae
840 2214 1007 2246 tenorem
1035 2212 1189 2257 recepit.
1244 2211 1382 2246 etenim
1407 2211 1572 2245 externis
1598 2209 1705 2244 bellis

218 2255 397 2291 confectis
423 2257 685 2303 intestinisque
708 2261 955 2304 tyrannorum
981 2259 1230 2295 seditionibus
1255 2258 1453 2304 oppressis,
1475 2259 1615 2303 quippe
1642 2270 1703 2302 pa—

218 2304 270 2339 cis
299 2304 472 2339 simulet
508 2305 598 2341 belli
637 2307 800 2352 optimus
840 2311 1004 2352 curator,
1042 2308 1088 2343 ad
1128 2308 1185 2343 ius
1222 2307 1394 2354 legesque
1431 2318 1468 2341 se
1505 2307 1701 2342 convertit.

218 2351 407 2388 iudicabat
422 2352 581 2398 orphani
595 2366 756 2397 causam,
771 2356 828 2390 ius
843 2356 975 2391 viduae
991 2357 1177 2401 tuebatur,
1192 2367 1341 2391 omnem
1355 2355 1594 2400 iniquitatem
1610 2366 1704 2390 seve-

218 2401 362 2435 rissime
401 2401 722 2438 animadvertebat
747 2416 815 2440 nec
840 2404 1010 2440 venando
1044 2405 1199 2450 aliisque
1235 2403 1519 2440 remissionibus
1560 2415 1597 2438 se
1633 2403 1703 2438 nisi

218 2460 303 2483 raro
331 2449 559 2485 oblectabat:
594 2463 680 2486 nam
706 2452 818 2487 etiam
847 2453 885 2488 in
912 2465 955 2488 eo
983 2453 1082 2498 quod
1119 2465 1254 2499 corpus
1295 2451 1517 2488 frenandum
1560 2452 1706 2497 sibique

219 2497 461 2542 subigendum
488 2510 565 2534 esse
590 2500 749 2544 putavit.
783 2501 1048 2547 philosophum
1082 2514 1119 2537 se
1151 2502 1353 2548 praestitit.
1402 2511 1562 2545 namque
1590 2500 1704 2546 pluri-

220 2556 317 2579 mum
346 2546 408 2581 ille
438 2549 583 2592 tempus
605 2548 796 2584 laboribus
822 2549 1065 2595 impendebat
1081 2553 1349 2595 revocatusque
1372 2549 1420 2583 ab
1446 2549 1492 2584 iis
1521 2549 1704 2583 remissio—

219 2604 301 2627 nem
328 2593 364 2627 in
392 2594 508 2629 altero
534 2596 663 2631 labore
689 2598 862 2643 ponebat,
896 2599 935 2633 in
962 2598 1145 2634 librorum
1171 2599 1332 2634 lectione
1369 2597 1567 2642 studioque
1592 2599 1704 2642 atque

217 2643 255 2674 in
276 2641 532 2677 observatione
546 2646 735 2690 praecepti
752 2646 852 2681 illius
877 2644 1115 2682 ‘scrutamini
1135 2643 1370 2692 scripturas'.
1398 2644 1557 2681 secundo
1571 2644 1705 2680 deinde

218 2689 405 2733 tertioquo
442 2691 522 2726 loco
562 2693 663 2738 patri
702 2705 783 2729 meo
822 2695 895 2730 iam
935 2695 1061 2731 iuveni
1101 2697 1249 2731 venatio
1277 2707 1319 2730 ac
1346 2694 1442 2739 pilae
1478 2692 1587 2728 ludus
1612 2696 1705 2737 erat,

218 2737 339 2782 quoad
366 2738 428 2772 illa
454 2739 543 2783 fera,
571 2741 709 2785 pedum
741 2742 883 2778 scilicet
916 2744 1080 2788 morbus,
1109 2744 1211 2779 velut
1241 2744 1415 2788 obliquus
1445 2741 1597 2786 quidam
1630 2747 1706 2776 s‘er-

218 2797 318 2830 pens,
345 2786 575 2832 “mordens'’,
602 2792 644 2825 ut
669 2792 723 2824 est
751 2791 789 2825 in
816 2791 1087 2834 maledictione,
1114 2792 1274 2828 “calcem
1290 2791 1405 2835 eius''‚
1431 2789 1596 2825 nondum
1621 2801 1702 2824 eum

218 2834 520 2881 comprehendit3
573 2839 637 2883 qui
678 2838 742 2873 ubi
785 2850 869 2876 eum
920 2842 1110 2889 corripere
1162 2843 1275 2889 atque
1323 2840 1580 2886 ingravescere
1623 2849 1703 2874 coe-
