1794 3132
555 237 609 272 m
636 237 924 273 ALEXIADEM
953 240 1116 275 NOTAE
1491 235 1575 279 447

95 351 279 394 maxime
307 354 568 407 construunt,
596 355 644 395 ut
675 352 836 396 nobiles
861 354 1119 408 opprimant,
1139 358 1178 398 et
1204 369 1273 399 eos
1301 370 1393 400 eum
1419 358 1577 402 vilissi-

95 408 179 450 mis
197 408 522 463 propinquitate
546 421 691 451 eorum
712 409 901 452 excultare
930 411 1138 454 studeant.

232 459 491 519 Μᾶγιστρος
516 461 595 522 τὴν
622 459 767 522 ἀξίαν]
799 466 996 521 Magistri
1025 467 1211 522 dignitas
1232 481 1386 524 magna
1406 470 1506 513 olim
1533 472 1576 513 in
1591 477 1788 524 Pag.50.A

40 520 264 564 ·.Palatio
309 520 404 563 fuit.
478 520 780 565 Constantinus
825 523 1082 580 Porphyrog.
1125 525 1169 566 in
1199 525 1358 567 Basilio
1398 539 1487 581 cap.
1512 528 1575 570 16.

94 578 187 619 τῶν
230 575 503 633 Μαγίστρων
549 574 872 633 ὑπέρλαμπρον
914 576 1044 636 τιμήν
1086 582 1222 632 vocat,
1281 582 1348 624 cui
1396 583 1578 626 concinit

97 632 387 677 childebertus
415 634 673 678 Francorum
694 635 781 678 Rex
801 635 933 690 Epist.
963 637 1016 679 ad
1033 637 1294 680 Theodorum
1311 638 1576 693 Magistrum,

97 690 228 733 Tomo
263 691 301 734 1.
345 690 457 733 Hist.
503 691 651 734 Franc.
701 692 889 735 Praelati
933 692 1184 748 Mayisterii
1216 695 1347 736 vestri
1388 695 1578 750 diynitas

94 746 334 800 excolenda,
365 761 471 802 quae
499 747 595 791 licet
625 762 709 802 per
745 762 790 791 se
825 762 983 803 mayna
1014 751 1082 805 sit,
1116 754 1163 792 ut
1192 751 1467 805 coynovimus‚
1499 753 1575 795 etc.

95 803 163 846 Ita
209 804 351 847 autem
394 803 603 859 primitus,
649 806 692 848 et
733 804 828 846 κατ’
859 802 1013 864 ἐξοχὴν
1049 806 1186 849 dictus
1215 807 1459 850 Officiorum
1484 808 1578 851 Ma-

95 859 241 914 gister,
271 859 323 903 de
352 873 434 916 quo
463 860 651 903 Rutilius
671 861 969 914 Namatianus,

153 915 318 971 Officiis
344 930 532 972 reyerem
558 930 653 960 eum
678 919 801 973 reyia
820 919 919 962 iura
949 918 1175 974 Maya'ster.

94 972 370 1016 Postmodum
397 973 537 1029 plures
555 974 646 1017 'hac
675 974 885 1030 dignitate
914 975 1071 1019 donati.
1115 976 1427 1031 Luithprandus
1447 990 1576 1032 usqne

93 1029 147 1072 ad
174 1030 243 1072 24.
273 1029 399 1073 fuisse
426 1043 503 1073 sua
531 1031 670 1074 aetate
698 1031 741 1073 in
763 1031 929 1075 Palatio
947 1032 1411 1087 Constantinopolitano
1431 1034 1577 1077 scribit

93 1085 166 1128 lib.
185 1087 225 1129 6.
254 1097 343 1141 cap.
362 1087 403 1129 5.
447 1086 557 1130 unde
601 1086 876 1131 Anastasium
920 1088 1192 1142 Quaestorem
1236 1091 1277 1132 et
1321 1090 1575 1145 Magistrum

93 1142 250 1240 1111111133
291 1143 475 1208 tenuisse
516 1143 627 1187 inter
656 1144 886 1200 Magistros
928 1146 1051 1189 autor
1094 1147 1157 1188 est
1188 1145 1388 1200 Corippus
1418 1147 1462 1188 in
1489 1147 1576 1189 eius

131 1211 375 1255 anegynco:

149 1255 319 1299 Summe
349 1255 674 1312 Mayistrorum‚
708 1257 940 1301 Pmcerum
967 1258 1102 1311 decus,
1132 1256 1307 1301 Arbiter
1338 1259 1475 1302 Orbis.

95 1312 200 1355 Vide
229 1312 483 1356 Salmasium
514 1314 568 1357 ad
599 1313 885 1369 Capitolinum
916 1328 1012 1370 pag.
1034 1317 1101 1358 83.
1132 1314 1200 1357 84.

226 1365 557 1427 Πακουριανόν]
589 1371 789 1414 Diversus
820 1373 884 1414 est
912 1385 937 1415 a
958 1371 1193 1415 Pacnriano
1222 1372 1380 1427 Magno
1401 1372 1616 1415 Domes-B

89 1425 175 1468 tico
218 1425 446 1482 Gregorius
475 1427 736 1470 Pacui-ianus
766 1427 976 1481 SebastuS,
1008 1429 1062 1471 ad
1097 1440 1220 1483 quem
1247 1429 1369 1471 binae
1397 1429 1575 1484 scriptae

92 1482 237 1525 extant
274 1483 490 1548 Finstolae
533 1484 835 1540 Theophylacti
872 1485 999 1541 Bulg.
1029 1484 1225 1539 Archiep.
1247 1486 1285 1527 7.
1315 1487 1358 1528 et
1389 1486 1457 1528 25.
1515 1486 1575 1528 Ex

12 1538 15 1541 '
93 1538 245 1593 prioris
285 1540 559 1594 mscriptione
600 1540 801 1584 discimus
843 1554 1010 1584 uxorem
1056 1541 1219 1584 duxisse
1263 1541 1394 1584 filiam
1428 1542 1574 1597 Magni

95 1595 340 1651 Drungarii,
370 1596 596 1652 Nicephori
635 1598 831 1640 videlicet
864 1597 1077 1649 Comneni,
1108 1597 1244 1640 Alexii
1273 1598 1378 1652 Imp.
1418 1598 1573 1640 fratris.

95 1651 158 1694 De
185 1651 421 1696 Pacuriano
451 1653 707 1706 Domestico‚
735 1653 943 1710 Gregorii,
981 1655 1030 1697 ut
1074 1654 1287 1709 probabile
1331 1655 1406 1706 est,
1443 1655 1573 1709 patre,

93 1707 186 1763 agit
216 1721 301 1752 non
329 1710 457 1752 semel
482 1711 626 1765 postea
640 1711 780 1754 Anna.
816 1712 866 1754 V.
895 1711 1048 1754 Baron.
1085 1711 1166 1753 An.
1196 1720 1404 1753 MLxxm.
1435 1711 1488 1753 N.
1507 1711 1573 1753 77.

93 1766 135 1807 et
163 1764 304 1808 confer
326 1765 459 1821 Epist.
491 1767 793 1822 Theophylacti
823 1769 891 1810 26.

230 1816 657 1880 Οὗμβερτόπουλον]
690 1823 1002 1874 Constantinus,
1025 1824 1300 1878 cognomento
1318 1822 1617 1865 Humberto-D

92 1877 228 1932 pulus,
257 1878 302 1920 id
331 1880 406 1932 oet,
426 1880 653 1924 Humberti
680 1880 806 1933 filius,
835 1893 917 1936 quo
947 1879 1138 1923 adiutore
1154 1880 1324 1922 Alexius
1346 1879 1571 1934 Imperium

93 1934 328 1989 capessivit,
360 1934 492 1988 Celta,
537 1950 609 1980 seu
641 1937 828 1980 Francus
864 1937 958 1987 fuit,
1005 1936 1068 1978 uti
1113 1936 1265 1978 diserte
1294 1936 1419 1978 Anna
1447 1934 1573 1977 refert

91 1990 165 2033 lib.
186 1991 226 2034 4.
257 1992 300 2034 et
329 1992 369 2035 8.
399 1994 442 2036 et
461 1994 644 2037 Zonaras
673 1993 718 2036 in
739 1994 898 2046 Alexio,
929 1993 1041 2035 filius
1068 1992 1176 2034 sorte
1201 1991 1438 2043 Humberti,
1460 1991 1573 2033 Tan-

93 2047 205 2090 credi
234 2047 286 2091 de
309 2048 518 2093 Altavilla
547 2050 639 2102 filii,
661 2050 872 2093 Wiscardi
907 2049 1064 2100 fratris,
1104 2048 1221 2091 cuius
1260 2048 1450 2090 meminit
1478 2047 1572 2089 Ma·

93 2103 249 2147 laterra
279 2105 352 2148 lib.
376 2107 412 2149 1.
445 2119 535 2161 cap.
554 2108 596 2149 4.
626 2107 699 2162 qui
744 2119 840 2149 cum
868 2105 1135 2155 Normannis,
1181 2117 1284 2159 quos
1311 2104 1571 2147 Maniacatas

91 2160 277 2215 appellat
310 2161 423 2206 infra
459 2163 585 2206 Anna
623 2164 695 2206 lib.
712 2164 750 2206 7.
787 2163 831 2205 111
861 2162 1082 2206 Graeciam
1117 2161 1353 2212 transierat,
1392 2162 1434 2202 et
1463 2159 1572 2224 Con-

89 2217 478 2273 stantinopolitanis
508 2220 716 2275 Augustis
751 2221 981 2262 meruerat:
1026 2218 1142 2260 cuius
1180 2217 1265 2259 filio
1298 2216 1571 2280 Constantino

92 2273 418 2330 Humbertopuli
446 2277 770 2332 cognomentum
791 2276 841 2319 de
861 2276 1026 2318 nomine
1046 2273 1269 2316 Humberti
1300 2274 1431 2327 patus
1452 2285 1571 2314 man-

90 2329 169 2373 sit:
212 2343 261 2373 ea
304 2333 368 2375 ost
408 2333 518 2375 enim
563 2333 627 2375 vis
671 2333 865 2376 vocabuli
905 2327 1085 2382 πουλὸς,
1131 2329 1239 2384 (111οᾱ
1270 2330 1380 2371 infra
1410 2340 1569 2392 moneo.

90 2385 221 2429 Porro
250 2388 391 2431 extitit
421 2388 585 2432 familia
614 2389 751 2432 eiusce
782 2387 1041 2444 cognominis
1083 2386 1378 2450 posterioribus
1421 2384 1570 2427 secuhs

92 2443 345 2497 perillustris
362 2444 739 2500 Constantinopoli,
760 2445 812 2488 ab
832 2446 909 2487 hoc
929 2444 1037 2487 forte
1054 2442 1329 2485 Constant1n0
1349 2441 1568 2505 prognata.

91 2499 352 2543 Memoratur
394 2502 506 2545 enim
546 2516 573 2546 a
612 2502 868 2557 Pachymere
912 2500 984 2543 lib.
1009 2500 1074 2541 12.
1104 2511 1191 2552 cap.
1213 2499 1280 2540 30.
1325 2500 1367 2540 et
1405 2497 1478 2539 hb.
1502 2497 1568 2539 13.

90 2567 181 2610 cap.
203 2557 272 2599 22.
303 2557 662 2614 Humbertopulus
693 2557 843 2613 Μέγας
874 2551 1129 2610 Ίζαούσιος.
1327 2605 1337 2619 ,

230 2611 493 2671 Τυροφάγου
522 2611 749 2671 κυριακῆς]
795 2613 1016 2656 Dominica
1047 2612 1125 2669 τῆς
1159 2613 1432 2675 Τυροφαγου2
1461 2621 1568 2663 quae
1579 2615 1779 2662 Pag.5l.B

89 2669 132 2711 et
167 2666 336 2728 Τυρὴνη
365 2671 515 2715 Annae
542 2673 585 2715 et
613 2672 812 2725 Pachym.
841 2670 914 2711 lib.
937 2670 989 2720 7.,
1021 2669 1083 2710 est
1110 2667 1331 2709 Dominica
1351 2666 1568 2720 Quinqua-

90 2726 287 2780 gesimae.
342 2727 537 2771 Nominis
566 2728 771 2771 rationem
802 2725 991 2780 pluribus
1021 2723 1187 2778 exponit
1207 2723 1286 2765 Leo
1303 2722 1488 2765 Allatius
1517 2721 1568 2763 de

0 2792 9 2839 g
91 2782 325 2826 Dominicis
350 2785 393 2827 et
423 2784 628 2827 Hebdom.
663 2783 808 2827 Graec.
840 2794 930 2836 cap.
954 2782 1019 2823 11.

224 2836 506 2900 Δαλασσηνῆ]
538 2841 645 2885 Vide
674 2839 861 2884 Stemma
892 2836 1202 2881 Comnenieum.
1578 2840 1605 2876 c
