1806 3132
13 2163 127 2199 Arch.
142 2165 234 2211 Rea.

55 2214 198 2259 Tolosa,

22 2262 137 2299 Saeeo
165 2267 221 2299 12.

54 2311 111 2346 tib.
140 2315 194 2347 15.

40 2358 122 2395 Sao.
151 2362 206 2396 17.

65 2407 122 2443 tit.
150 2411 183 2443 9.

39 2455 122 2492 Sao.
148 2459 208 2493 20.

50 2504 107 2539 tit.
133 2507 196 2540 32.

263 209 346 254 508
790 220 968 258 cARoLI
997 221 1238 258 DUoANGn

262 338 474 395 quondam
504 336 659 393 oppidi,
703 337 937 383 dominium
968 339 1198 384 obtinuisse
1235 338 1472 392 censebunt,
1515 351 1610 383 cum
1648 340 1758 384 Nor-

261 397 406 440 manni
452 395 712 451 provinciam
755 397 882 441 istam
924 398 1194 452 occuparunt,
1241 409 1370 452 eoque
1414 395 1686 440 deturbatum
1733 411 1757 441 a

262 454 484 498 Wiscardo
514 453 591 496 aut
621 453 801 508 Rogerio
833 456 1050 498 transiisse
1081 455 1126 497 in
1154 454 1293 509 partes
1316 453 1452 496 Alexii
1487 454 1758 509 Imperatoris

260 511 439 566 indeque
472 522 702 566 cognomen
724 512 966 555 retinuisse:
998 512 1068 555 sed
1087 512 1268 566 Aliphae
1290 510 1488 565 oppidum
1510 511 1756 555 Normanno
1779 524 1784 531 ·

261 568 388 612 alicui
409 567 579 611 Proceri
606 568 795 621 paruisse
828 582 912 612 non
941 569 1118 612 tradunt
1139 569 1262 612 istius
1292 568 1385 611 aevi
1401 567 1756 624 Historiographi.

260 625 386 680 Apud
404 625 676 668 Tudebodum
695 625 806 669 Edit.
824 625 1178 669 Du-Chesnianae
1210 626 1282 668 lib.
1296 626 1334 667 2.
1358 624 1514 667 Petrus
1533 625 1584 668 de
1599 625 1756 680 Aluplz,

261 682 372 737 apud
402 682 650 725 Baldricum
691 681 764 726 lib.
787 684 825 726 2.
859 684 900 726 et
929 683 1174 726 Ordericum
1206 682 1277 725 lib.
1301 683 1339 726 9.
1371 681 1525 724 Petrus
1555 682 1606 725 de
1639 683 1756 737 Λίβα

260 740 540 793 nuncupatur.
616 738 866 783 Tudebodus
914 740 1123 783 Editionis
1172 739 1503 795 Bongarsianae,
1550 739 1758 783 Robertus

260 796 492 839 Monachus
512 796 584 838 lib.
607 797 659 850 3.,
687 794 914 840 Guibertus
947 797 1019 840 lib.
1042 797 1081 839 4.
1115 810 1201 852 cap.
1228 797 1262 839 1.
1300 796 1476 839 Petrum
1506 796 1556 839 de
1575 795 1759 851 Alpibus

260 853 488 908 appellant.
567 852 675 896 Sane
719 854 834 897 extat
878 854 922 896 in
960 854 1209 897 Provinciae
1239 853 1467 905 Comitatu,
1512 853 1556 895 in
1586 854 1758 898 Vicaria

260 910 509 965 BarJ'olensi,
542 909 774 953 Castellum
804 911 923 954 vetus
966 912 1010 953 in
1049 911 1258 954 veteribus
1308 910 1465 953 chartis
1495 910 1546 952 de
1574 909 1760 965 Alpibus

259 968 301 1010 et
329 967 478 1010 incolis
508 965 648 1020 Aulps
678 967 800 1011 hodie
829 968 1076 1021 vocitatum,
1105 968 1215 1023 quod
1237 967 1411 1023 Sibylla,
1433 966 1679 1011 Gaufredeti
1709 968 1759 1011 de

259 1023 444 1079 Agouto,
475 1023 591 1066 Treti
624 1024 665 1066 et
696 1025 846 1068 Toloni
876 1025 1061 1077 Domini,
1094 1025 1182 1068 filia
1218 1025 1355 1077 unica,
1394 1024 1651 1067 testamento
1682 1037 1756 1068 suo

263 1082 326 1123 14.
349 1080 462 1136 Aug.
496 1081 545 1123 A.
576 1090 772 1124 MOOLXI.
803 1082 847 1124 in
882 1082 1089 1125 familiam
1121 1082 1396 1134 Blacassiam,
1429 1094 1453 1124 a
1485 1093 1567 1136 qua
1604 1082 1755 1125 etiam-

259 1151 360 1180 num
391 1138 470 1180 hac
499 1138 748 1192 tempestate
779 1140 1027 1194 possidetur,
1058 1139 1300 1191 transfudit,
1331 1138 1539 1182 institutis
1568 1138 1757 1182 haeredi-

259 1195 335 1238 bus
370 1194 612 1238 Blacasseto
655 1196 696 1238 ct
727 1194 954 1239 Guillelmo
997 1197 1047 1239 de
1078 1196 1338 1239 Bellodinari
1380 1195 1595 1247 fratribus,
1628 1196 1758 1239 Boni-

261 1251 358 1295 facii
389 1252 596 1294 Blacassii
627 1253 797 1307 cognati
828 1253 941 1306 filiis,
973 1267 1075 1308 quos
1112 1266 1259 1307 pueros
1299 1265 1422 1307 penes
1463 1265 1505 1294 se
1541 1252 1754 1304 educarat,

258 1309 420 1363 sibique
449 1308 627 1351 invicem
661 1310 896 1362 substituis,
931 1311 995 1353 uti
1026 1324 1072 1353 ex
1103 1310 1364 1365 Legendario
1397 1309 1607 1352 Ecclesiae
1629 1310 1757 1353 Tolo-

259 1365 398 1409 nensis
426 1365 634 1408 docemur.
692 1365 760 1409 Ab
790 1367 869 1410 hoc
920 1368 1058 1410 castro
1090 1367 1206 1410 Petri
1251 1367 1488 1410 derivatum
1523 1379 1755 1422 cognomen

257 1423 302 1464 in
333 1422 526 1465 Historia
554 1421 909 1479 Gallobyzantina
939 1425 1137 1468 statuisse
1167 1437 1233 1466 me
1263 1424 1411 1467 lubens
1447 1436 1643 1478 agnosco,
1683 1437 1758 1467 nec

258 1479 425 1522 discedo
470 1479 640 1522 omnino
686 1481 739 1523 ab
781 1482 1002 1534 sententia,
1057 1494 1153 1524 cum
1198 1481 1306 1524 hanc
1349 1481 1516 1523 firmare
1563 1480 1759 1524 videatur

258 1536 398 1578 Amici
426 1535 616 1588 Comitis,
648 1536 698 1580 de
733 1550 814 1592 quo
839 1538 964 1592 paulo
998 1539 1098 1582 ante
1134 1538 1307 1593 egimus,
1359 1550 1454 1580 cum
1485 1537 1612 1580 Petro
1657 1551 1757 1580 con-

258 1593 538 1647 sanguinitas,
558 1606 660 1648 quos
689 1594 835 1637 iisdem
870 1596 1037 1638 constat
1057 1595 1302 1650 parentibus
1337 1594 1564 1649 eademque
1594 1594 1756 1637 familia

259 1650 501 1705 prognatos.
550 1650 798 1694 Amicorum
831 1665 966 1706 porro,
999 1652 1077 1705 vel,
1111 1653 1146 1695 si
1176 1651 1611 1703 maviS,An1ici0rum
1640 1664 1755 1706 gens,

258 1720 341 1750 non
361 1707 662 1766 Normannica,
694 1708 766 1751 sed
789 1709 1069 1752 Provincialis
1100 1709 1195 1760 fuit,
1217 1722 1263 1752 ex
1285 1721 1367 1764 qua
1384 1707 1524 1751 extitit
1542 1707 1754 1760 Giraldus,

259 1763 400 1806 Amici
448 1762 700 1808 Gravesonis
744 1765 787 1807 in
822 1766 1124 1809 Tarasconensi
1148 1766 1319 1809 Vicaria
1363 1765 1582 1817 Dominus,
1630 1765 1701 1820 qui
1733 1779 1757 1808 a

258 1820 542 1864 Nostradamo
575 1822 656 1864 An.
687 1831 798 1865 MCL.
831 1824 1110 1873 memoratur,
1152 1823 1237 1874 ille,
1279 1822 1437 1878 opinor,
1471 1822 1543 1878 qui
1578 1822 1756 1864 Adclam

260 1877 460 1933 Raynerii
504 1877 554 1921 de
602 1877 823 1923 Castellari
867 1881 909 1923 et
946 1879 1189 1923 Garcennae
1234 1878 1585 1923 Forcalcariensis
1624 1878 1757 1921 filiam

263 1934 534 1978 matrimonio
579 1935 659 1979 sibi
705 1936 855 1989 iunxit,
898 1950 945 1979 ex
990 1951 1071 1992 quo
1117 1937 1274 1992 prodiit
1313 1936 1565 1980 Guillelmus
1610 1934 1756 1978 Comes

265 1991 631 2044 Forcalcariensis,
663 1993 791 2048 vulgo
823 1993 981 2037 Adelae
1010 1993 1123 2037 filius
1167 2007 1214 2037 ex
1257 1994 1392 2036 matre
1421 1992 1755 2048 cognominatus,

262 2048 447 2091 Fallitur
479 2048 589 2091 enim
621 2049 833 2093 Antonius
864 2050 1030 2094 Ruffius
1058 2051 1103 2093 in
1127 2051 1241 2094 Hist.
1265 2050 1478 2094 Comitum
1494 2049 1755 2102 Provinciae,

259 2105 359 2147 dum
414 2105 475 2148 ait
536 2105 716 2150 Adelam
772 2107 1001 2151 Bertrandi
1053 2107 1229 2151 Comitis
1281 2108 1414 2151 filiam
1469 2106 1608 2159 fuisse,
1660 2119 1755 2148 cum

259 2162 493 2216 repugnent
535 2164 632 2206 acta
668 2164 799 2220 varia,
845 2177 952 2219 quae
996 2164 1266 2208 asservantur
1309 2165 1352 2207 in
1396 2163 1581 2207 Archivo
1626 2163 1754 2218 Regis

260 2217 622 2272 Christianissimi,
656 2221 700 2263 in
733 2221 883 2275 quibus
914 2221 1166 2265 Guillelmus
1196 2221 1397 2276 Raynerii
1427 2233 1554 2276 gener
1584 2220 1752 2263 dicitur.

259 2274 494 2318 Subscribit
531 2277 746 2330 praeterea
778 2278 975 2333 Diploma
1001 2278 1231 2322 Raimundi
1262 2277 1439 2322 Comitis
1470 2277 1670 2320 Tolosani
1702 2277 1754 2319 A.

258 2342 499 2376 MXXOVIII.
529 2332 772 2378 Guiraudus
792 2334 979 2388 Amicus,
1010 2335 1055 2377 in
1078 2335 1195 2378 Tom.
1218 2336 1257 2378 8.
1290 2334 1505 2389 Spicilegii
1527 2333 1754 2376 Acheriani

258 2401 354 2442 pag.
376 2390 469 2432 160.
503 2390 654 2434 Petrus
677 2391 828 2442 Amici,
851 2393 892 2435 et
913 2392 1195 2447 Berengarius
1212 2391 1386 2435 Amicus
1412 2391 1602 2434 chartam
1625 2390 1753 2433 aliam

260 2445 375 2487 Petri
418 2446 546 2502 Regis
592 2447 836 2503 Aragonum
886 2449 928 2491 et
972 2449 1132 2492 Mariae
1164 2448 1475 2503 Montispessul.
1506 2447 1559 2490 A.
1590 2457 1754 2491 MCCIV.

259 2501 364 2544 Ibid.
397 2515 492 2557 pag.
516 2504 611 2547 218.
644 2505 685 2547 et
715 2506 811 2548 219.
874 2505 964 2549 Iam
996 2519 1091 2549 vero
1138 2505 1193 2549 ad
1223 2504 1520 2548 stabiliendam
1565 2504 1751 2547 nostram

258 2557 308 2622 de
337 2558 454 2601 Petri
484 2560 525 2602 et
555 2560 695 2604 Amici
726 2562 890 2606 familia
933 2563 974 2606 et
1002 2562 1385 2618 consanguinitatis
1415 2561 1625 2605 affinitate
1654 2573 1753 2603 con-

259 2614 466 2658 lecturam
506 2618 693 2671 praestat
728 2619 947 2674 utriusque
977 2619 1178 2671 Stemma,
1211 2619 1417 2674 quantum
1448 2631 1495 2661 ex
1523 2616 1752 2661 Guillelmo

259 2670 479 2735 Apuliensi
524 2673 709 2718 delibare
755 2675 797 2717 id
839 2676 973 2729 licuit,
1020 2675 1311 2731 perstringere.
1382 2675 1509 2718 Petro
1540 2675 1581 2718 et
1607 2674 1751 2717 Amici

259 2727 370 2781 patr1
404 2731 636 2774 communis
666 2731 748 2774 fuit
793 2745 956 2786 parens.
1025 2733 1176 2776 Petrus
1208 2732 1384 2776 Comitis
1418 2732 1546 2775 titulo
1574 2744 1599 2774 a
1630 2730 1752 2774 Guil-

258 2783 384 2848 lelmo
416 2784 594 2829 donatus
639 2788 680 2830 et
709 2788 819 2831 inter
849 2789 1033 2833 Francos
1064 2790 1106 2832 et
1135 2789 1416 2842 Normannos,
1449 2789 1522 2844 qui
1552 2788 1677 2843 primi
1706 2787 1751 2830 in

259 2839 386 2884 Itaha
417 2841 557 2885 sedem
596 2842 790 2898 fixerunt,
833 2845 963 2889 ditior
995 2846 1178 2900 habitus,
1225 2847 1279 2890 ab
1323 2845 1557 2889 Humfredo
1589 2844 1751 2888 Comite
