1734 3120
204 219 286 259 266
580 265 582 267 ‚
708 224 873 258 ANNAE
903 223 1169 258 OOMNENAE

203 339 281 385 τὸν
309 337 552 398 Φραγγικὸν
581 333 960 394 ἀπεκδεχομένους
990 333 1161 390 στόλον,
1200 335 1305 390 τοὺς
1336 337 1384 382 δὲ
1425 337 1503 390 τὰς
1532 335 1693 396 νήσους

54 421 92 456 Ρ.
120 420 191 456 430
206 409 544 466 παραπλέοντας
589 410 802 466 φρουρεῖν
846 405 956 463 μηδὲ
999 402 1054 448 τὰ
1096 403 1206 449 κατὰ
1235 403 1314 463 τὴν
1343 404 1691 462 Πελοπόννησον

203 474 481 534 παριδόντας,
504 471 613 520 ἄλλα
631 475 703 518 καὶ
732 472 891 531 ταύτης
910 469 1179 530 ἀποχρῶσαν
1208 478 1447 519 ποιεῖσθαι
1478 471 1687 534 φυλακήν.

202 546 301 590 ἐπεὶ
332 545 380 589 δὲ
424 541 653 601 βραδύνειν
700 542 747 588 ἐν
793 543 975 595 ἐκείνοις
1018 546 1114 595 τοῖς
1159 544 1336 601 μέρεσιν
1380 540 1600 599 ἐβούλετο,
1650 544 1694 587 ἐν

206 615 419 672 ἐπικαίρῳ
450 610 578 671 τόπῳ
624 609 857 667 σχεδιάσας
901 608 1117 672 οἷκήματά
1155 628 1253 655 τινα
1297 607 1432 656 advos)
1477 629 1567 656 που
1613 612 1727 669 τὴνὸ

202 682 553 739 παραχειμασίαν
583 681 796 725 ἐποιεῖτο.
846 678 908 732 ώς
944 680 991 724 δέ
1022 680 1046 724 ὁ
1077 674 1169 723 ἄπο
1188 681 1518 737 Λογγιβαρδίας
1546 675 1693 736 εὖτρε-

202 752 388 803 moesis·
416 747 574 802 στόλος
603 750 674 793 καὶ
704 751 793 793 τῶν
823 749 996 792 λοιπῶν
1025 749 1175 804 μερῶν
1205 745 1338 801 λύσας
1365 748 1420 792 τὰ
1441 745 1693 808 πρυμνήσια

201 816 280 863 τὸν
302 814 540 862 ἀπόπλουν
575 817 834 875 ἐπεποίητο,
877 811 1227 873 οἷποδιελόμενος
1259 814 1281 860 ὃ
1309 814 1478 861 τούτων
1508 811 1694 873 ἆρχηγῖς

202 887 333 930 πέντε
365 883 529 944 διήρεις
554 879 824 938 ἀπέστειλεν,
859 885 929 944 ἐφ’
961 876 997 943 ᾧ
1026 889 1260 940 κατασχεῖν
1280 903 1400 939 τινας
1421 886 1494 930 καὶ
1513 884 1568 929 τὰ
1587 886 1694 941 περὶ

201 957 280 998 τοῦ
323 953 540 1010 βασιλέως
581 958 871 1010 καταμαθεῖν.
942 951 1002 1006 (ὃς
1031 954 1078 998 δέ·
1110 951 1188 1012 τὴν
1221 948 1421 1009 ,Ἀβυδον
1455 954 1694 1010 κατέλαβον
1709 963 1734 996 κ

158 1017 298 1081 Βῆδη,
331 1023 433 1079 μιάν
463 1019 634 1066 τούτων
655 1020 771 1079 πρὸς
789 1020 868 1066 τόν
891 1023 1132 1079 πέμψαντα
1163 1024 1320 1081 συνέβη
1353 1022 1576 1067 ἐπανιέναι
1604 1025 1694 1066 τῶν

201 1093 374 1136 λοιπῶν
402 1093 763 1146 κατασχεθεισῶν
791 1090 870 1136 σὺν
899 1087 1051 1145 αὖτοῖς
1075 1092 1252 1149 ἐρέταις.
1287 1093 1341 1136 δι’
1374 1082 1424 1152 ἧς
1447 1089 1488 1136 οὶ
1509 1087 1693 1150 ἄρχηγοὶ

168 1204 171 1208 ,
200 1162 290 1204 τῶν
319 1155 400 1219 ἤδη
428 1161 655 1219 ῥηθέντων
686 1158 858 1205 στόλων
891 1161 945 1204 τὰ
975 1158 1084 1204 κατὰ
1109 1159 1188 1205 τὸν
1218 1156 1526 1217 αὐτοκράτορα
1556 1177 1695 1216 μεμα-

202 1227 395 1288 θηκότες
424 1230 494 1274 καὶ
526 1228 595 1274 ὅτι
625 1226 679 1273 τά
709 1247 757 1274 τε
787 1227 898 1274 κατα
930 1227 1008 1288 τὴν
1034 1227 1267 1274 θάλασσαν
1297 1230 1368 1274 καὶ
1397 1229 1474 1289 τὴν
1503 1223 1692 1287 ἤπειρον

202 1293 396 1354 ἀκριβῶς
427 1295 835 1356 ἐξασφαλισάμενος
864 1295 974 1341 κατὰ
1015 1295 1098 1355 τήν
1125 1296 1413 1356 Χερρόνησον
1441 1294 1523 1355 τήν
1554 1306 1728 1354 παρα-1

203 1367 432 1422 χειμασίαν
461 1371 670 1419 ποιεῖται,
705 1366 775 1425 ἐφ’
807 1357 842 1423 ᾦ
873 1363 1042 1418 πάντας
1061 1363 1435 1423 παραθαρρύνειν,
1459 1366 1559 1410 ἐπεὶ
1581 1363 1697 1422 πρὸς

51 1441 93 1478 V.
122 1432 256 1478 341τά
287 1438 365 1479 τοῦ
395 1429 720 1492 αὖτοκράτορος
745 1433 1032 1496 μηχανήματα
1070 1429 1148 1489 οὐχ
1182 1429 1345 1479 οἷοίτε
1376 1426 1485 1492 ἦσαν
1516 1429 1698 1490 οἷπομά-

203 1507 376 1558 χεσθαι,
410 1502 514 1556 τους
544 1501 696 1557 οἴακας
715 1501 1131 1560 μεταχειρισάμενοι
1161 1497 1294 1561 ἄλλην
1325 1501 1584 1561 ἐτράποντο.
1631 1497 1698 1555 εἷς

205 1571 253 1615 δέ
282 1587 349 1624 τις
379 1571 550 1624 Κελτὸς
578 1574 668 1618 τῶν
696 1568 810 1631 ἀμφὶ
843 1571 946 1625 τοὺς
973 1570 1206 1625 τοιούτους
1234 1567 1448 1629 ἄρχηγοῦς
1473 1561 1555 1628 τῆν
1585 1569 1699 1615 ἰδίαν

166 1646 192 1682 C
205 1634 479 1698 ἀφελόμενος
499 1642 579 1700 νῆα
605 1637 773 1701 μονήρη
796 1638 1022 1699 ὠκυτάτην
1042 1633 1177 1686 οὖσαν
1195 1638 1313 1697 πρὸς
1332 1637 1410 1684 τὸν
1426 1640 1699 1683 Βαλδουῖνον
1712 1646 1734 1679 2

204 1702 337 1768 α’πῂει
369 1708 440 1752 καὶ
469 1706 548 1752 τῦν
583 1710 725 1765 Τύρον
755 1710 1081 1765 πολιορκοῦντα
1124 1713 1295 1754 τοῦτον.
1330 1706 1470 1764 εὑρών
1508 1705 1695 1760 ἅπαντα,

204 1775 359 1829 καθώς
391 1773 414 1820 ὁ
444 1774 574 1834 λόγος
604 1774 789 1835 φθάσας
819 1775 1025 1836 ἐδήλωσε,
1059 1776 1113 1822 τὰ
1147 1775 1257 1822 κατὰ
1287 1774 1366 1822 τόν
1395 1771 1699 1832 αὐτοκράτορα

341 1882 371 1917 1.
397 1878 495 1927 τοὺς]
521 1879 615 1928 πρὸς
641 1881 677 1917 C.
779 1883 812 1918 2.
840 1878 1112 1927 Πελοπόνησον
1137 1883 1176 1919 P.
1289 1883 1324 1918 8.
1356 1882 1556 1924 ἐπεποίητο
1583 1881 1633 1927 (ίη
1659 1881 1699 1915 in

337 1929 421 1975 rae.)
431 1929 471 1974 F,
498 1929 719 1973 ἐπεποίηντο
735 1930 775 1966 Ρ.
875 1931 907 1966 9.
937 1927 1091 1978 τριήρεις
1101 1931 1144 1967 Α.
1225 1934 1310 1977 περὶ
1324 1930 1369 1976 A,
1395 1927 1495 1976 παρὰ
1511 1929 1551 1965 P.
1642 1930 1696 1965 10.

339 1982 480 2024 μαθεῖν
497 1977 534 2013 C.
640 1980 695 2014 14.
722 1975 920 2015 θάλασσαν
937 1979 979 2023 F,
1006 1976 1194 2016 θάλατταν
1205 1979 1246 2014 Ρ.
1350 1980 1405 2014 15.
1430 1975 1694 2025 χερόνησονΕ.

340 2027 394 2062 19.
420 2024 504 2066 τοὺς
529 2023 711 2066 τοιούτους
733 2027 776 2074 F,
802 2024 986 2067 τοιούτους
1009 2029 1048 2065 Ρ.
1197 2029 1254 2064 20.
1281 2028 1351 2072 νῆα
1377 2027 1448 2072 FO,
1474 2027 1567 2071 νῆαν
1592 2026 1630 2061 Ρ.

205 2143 348 2180 curiose
375 2143 616 2180 observantes
641 2144 872 2181 Francorum
891 2146 1044 2182 classem
1064 2147 1314 2192 expectarent,
1330 2144 1471 2191 partim
1485 2144 1623 2179 insulas
1642 2146 1698 2178 tu-

204 2191 309 2227 tandi
322 2203 432 2227 causa
443 2193 819 2238 praeterveherentur
832 2207 900 2230 nec
912 2194 1207 2241 Peloponnesum
1222 2194 1472 2240 neglegerent,
1487 2192 1551 2228 sed
1566 2193 1598 2227 ei
1611 2204 1699 2237 quo-

206 2252 276 2286 que
294 2252 404 2275 curae
420 2244 603 2286 quantum
629 2243 720 2278 satis
746 2246 842 2278 esset
868 2244 1137 2289 impenderent.
1182 2243 1220 2278 in
1239 2243 1298 2278 his
1324 2243 1496 2288 partibus
1524 2241 1699 2286 quoniam

204 2287 346 2324 diutius
370 2289 576 2334 imperator
601 2292 740 2326 morari
778 2292 1036 2336 constituerat,
1073 2294 1288 2337 opportuno
1314 2291 1407 2331 loco,
1443 2290 1509 2325 ubi
1537 2301 1581 2324 ex
1610 2292 1700 2324 tem-

204 2349 295 2382 pore
330 2336 460 2372 domus
495 2338 674 2384 quasdam
700 2339 971 2385 aedificaverat,
998 2341 1158 2376 hiemem
1186 2340 1382 2386 transegit.
1433 2341 1472 2373 at
1501 2340 1698 2384 postquam

205 2397 224 2420 e
246 2385 503 2431 Longibardia
528 2388 736 2434 ceterisque
763 2389 935 2433 partibus
966 2390 1077 2425 solvit
1102 2388 1324 2424 Latinorum
1351 2387 1487 2429 classis,
1514 2386 1591 2421 dux
1618 2387 1696 2421 eius

206 2433 357 2469 selectas
382 2435 546 2479 quinque
572 2435 732 2471 biremes
764 2436 918 2480 dimisit,
961 2441 1004 2472 ut
1045 2442 1220 2483 caperent
1260 2435 1436 2482 quosdam
1483 2435 1530 2469 ab
1568 2435 1698 2479 iisque,

207 2482 296 2527 quid
321 2485 466 2527 gereret
489 2484 719 2529 imperator,
745 2489 1028 2531 cognoscerent3
1062 2486 1196 2530 quibus
1220 2497 1308 2521 vero
1334 2485 1410 2519 iam
1450 2482 1498 2518 ad
1525 2482 1697 2529 Abydum

207 2529 370 2575 appulsis
398 2531 546 2576 accidit,
582 2535 625 2567 ut
648 2533 802 2578 reliquis
827 2545 911 2569 cum
936 2535 1142 2580 remigibus
1167 2535 1286 2579 captis
1311 2545 1385 2568 una
1425 2531 1471 2567 ad
1510 2543 1595 2566 eum
1635 2530 1700 2576 qui

206 2578 357 2613 miserat
385 2583 606 2615 recurreret.
657 2582 703 2616 ab
729 2581 798 2617 hac
822 2582 1006 2627 classium,
1033 2595 1123 2628 quas
1149 2583 1322 2626 diximus,
1349 2581 1471 2625 duces,
1495 2580 1587 2626 quid
1615 2591 1696 2625 age—

206 2629 264 2661 ret
282 2626 498 2671 imperator,
516 2627 641 2664 edocti
658 2630 854 2675 ipsumque
868 2632 964 2666 mari
983 2635 1020 2666 et
1037 2631 1251 2667 continente
1270 2629 1464 2676 praesidiis
1479 2627 1647 2671 firmatis,
1659 2630 1700 2663 ut
1729 2636 1731 2639 ⁴

207 2675 371 2709 omnium
399 2676 540 2711 animos
568 2677 762 2722 excitaret,
801 2681 839 2713 in
874 2679 1104 2715 Cherroneso
1132 2679 1308 2724 hiemare,
1340 2690 1424 2714 cum
1455 2689 1494 2712 se
1524 2677 1700 2712 adversus

209 2722 286 2757 eius
315 2727 517 2767 apparatus
546 2724 705 2761 feliciter
730 2738 897 2772 pugnare
933 2740 1007 2763 non
1033 2739 1139 2772 posse
1176 2728 1457 2768 intellexissent,
1493 2726 1608 2761 versis
1645 2736 1699 2759 re·
1722 2739 1734 2773 μ’,

208 2773 319 2816 pente
357 2770 468 2806 clavis
505 2772 576 2808 alio
617 2773 814 2810 flexerunt.
867 2776 930 2811 sed
969 2780 1095 2811 tamen
1134 2789 1229 2811 unus
1267 2776 1401 2811 horum
1439 2774 1576 2810 ducum
1615 2785 1734 2820 pro·

208 2819 292 2864 pria
317 2829 466 2854 monere
495 2820 725 2857 velocissima
754 2835 949 2859 conscensa
975 2824 1201 2860 Balduinum
1226 2824 1322 2860 adiit
1346 2823 1485 2869 Tyrum
1510 2825 1602 2857 tunc
1636 2832 1699 2867 op·

208 2870 438 2914 pugnantem
456 2868 563 2914 eique
579 2869 692 2916 iussu,
719 2872 864 2917 opinor,
889 2872 1027 2909 ducum
1056 2873 1219 2919 illorum,
1245 2873 1381 2917 omnia,
1397 2882 1492 2918 quae
1516 2881 1629 2916 supra
1653 2869 1698 2905 de
1706 2880 1734 2912 ,ἒ

1708 2916 1732 2945 ff

1710 2954 1734 3120 ἒ
