1734 3120
189 201 269 245 356
690 209 855 244 ANNAE
879 207 1145 243 coMNENAE

185 321 338 382 ὅββᾶν.
400 322 565 384 μήνιμα
608 325 647 369 δ’
694 316 757 379 τ’ν,
805 321 866 377 ὦς
895 323 1026 377 ἔοικε,
1071 326 1163 368 τῶν
1192 318 1310 383 ἀμφὶ
1338 323 1417 369 ’τὸν
1445 322 1673 382 Σαταναὴλ

187 391 407 451 δαιμόνων
439 393 779 451 ε’ξωργισμένων,
813 393 857 437 ἐν
887 394 1016 451 δεινῷ
1059 392 1352 449 ποιουμένων,
1387 391 1455 438 ὅτι
1483 392 1537 454 δὴ
1574 391 1628 438 τα
1652 415 1675 440 *

187 461 305 519 πρὸς
330 460 411 507 τὸν
430 462 613 518 βασιλέα
644 458 924 519 ε’·ξωρχήσατο
955 461 1027 504 καὶ
1057 458 1251 518 διωγμὸν
1280 459 1390 504 κατὰ
1412 464 1490 520 τῆς
1507 460 1676 521 πλάνης

142 546 175 581 1)
187 529 391 588 λαμπρὸν
407 527 611 589 ἐπήγαγε.
649 530 721 574 καὶ
737 530 876 573 ταῦτα
890 529 970 585 μὲν
985 526 1358 588 Παρασκευιώτης
1379 547 1448 582 τις
1462 528 1675 587 καλούμε-

190 616 265 652 νος
294 595 564 658 ἅφορισθεὶς
583 595 730 658 φύλαξ
748 592 859 641 εἶναι
891 598 971 641 τοῦ
997 594 1319 652 δαιμονιώδους
1339 598 1506 642 ἐκείνου
1527 599 1675 656 γέρον-
1688 609 1710 643 5

187 684 275 721 τος,
308 663 371 720 ὦς
398 663 458 726 μὴ
489 667 639 710 ἄδειαν
680 664 795 720 ἔχειν
838 665 1131 721 προσομιλεῖν
1174 682 1260 710 τισι
1307 666 1379 710 καὶ
1421 667 1500 725 τῆς
1539 668 1675 711 αὐτοῦ

188 732 326 794 λίμης
343 731 637 792 μεταδιδόναι,
661 731 716 777 τὰ
738 732 1074 792 φρικωδέστατα
1096 730 1332 790 ἐπώμνυτο
1362 732 1494 790 [ἰδεῖν
1511 752 1559 779 τε
1580 735 1673 792 καὶ]

188 798 372 847 ἅκοῦσαι
399 802 480 859 μὲν
509 799 619 854 τούς
647 804 737 845 τῶν
763 801 1045 858 βαλλομένων
1072 801 1218 846 λίθων
1248 802 1321 846 καὶ
1350 800 1461 847 κατὰ
1489 804 1567 862 γῆς
1605 804 1677 847 καὶ

189 869 299 915 κατὰ
329 868 532 928 κεράμων
561 867 759 926 κρότους,
793 868 904 914 ἰδεῖν
933 871 981 914 δὲ
1011 874 1208 926 συνεχεῖς
1228 872 1301 915 καὶ
1321 866 1678 931 α’λλεπαλλήλους

38 952 79 989 P.
105 953 177 988 490
189 939 292 993 τοὺς
321 940 487 993 λίθους,
520 938 685 997 μηδένα
715 938 763 983 δὲ
795 939 1000 996 μηδαμοῦ
1030 937 1110 983 τὸν
1126 936 1345 996 βάλλοντα
1364 937 1550 994 τούτους
1568 937 1678 985 θεά-
1694 947 1734 980 10

35 1018 78 1054 V.
106 1019 177 1054 387
190 1013 371 1054 σασθαι.
413 1004 771 1064 συνεπελάμβανε
792 1005 871 1064 γὰρ
902 1010 956 1068 τῇ
987 1009 1077 1051 τῶν
1096 1007 1241 1052 λίθων
1262 1011 1384 1070 φορᾷ
1402 1010 1475 1053 καὶ
1496 1007 1680 1065 σεισμός

189 1095 256 1130 τις
285 1071 459 1134 ἀθρόος
499 1076 571 1120 καὶ
615 1073 666 1120 τὸ
700 1075 917 1119 ἐπίπεδον
955 1073 1212 1136 ἐκεκλόνητο
1257 1078 1330 1121 καὶ
1373 1075 1427 1121 τὰ
1468 1078 1574 1135 περὶ
1603 1074 1680 1122 τὸν

190 1139 362 1205 ὄροφον
405 1141 700 1202 ἕτετρὺγεσαν.
761 1141 784 1188 ὁ
829 1143 981 1200 μέντοιΙ
1020 1142 1404 1204 Παρασκευιώτης,
1452 1146 1559 1203 πρὶν
1600 1147 1680 1203 μὲν

188 1211 436 1274 ’ὑπονοῆσαι
467 1210 519 1257 τὸ
552 1211 681 1270 ἔργον
701 1210 940 1269 δαιμόνιον,
974 1210 1171 1269 ἐθάρρει,
1204 1211 1265 1266 (ὃς
1283 1214 1450 1267 ἐκεῖνος
1472 1212 1676 1274 ἔφασκεν,

190 1279 307 1339 δρῶν
335 1281 395 1336 δέ,
430 1278 499 1326 ὅτι
528 1278 569 1325 οἱ
599 1280 679 1337 μὲν
708 1281 834 1325 λίθοι.
866 1275 1045 1326 ἄνωθεν
1073 1276 1172 1326 οἷον
1192 1280 1337 1327 εἰπεῖν
1356 1282 1678 1340 ἐξωμβρίζοντο
1694 1289 1734 1324 15

188 1349 261 1393 καὶ
290 1347 340 1394 τὸ
372 1346 596 1407 γερόντιον
626 1348 766 1393 ἐκεῖνο
810 1346 861 1393 τὸ
892 1346 1216 1407 αἳρεσιαρχικὸν
1249 1347 1498 1394 ἐνεδεδύκει
1527 1367 1575 1395 τε
1607 1351 1679 1395 καὶ

190 1417 567 1471 ἕναποκέκλειστο,
591 1415 655 1470 εἷς
671 1417 883 1474 δαίμονας
902 1415 952 1462 τὸ
979 1415 1107 1476 ἔργον
1125 1413 1368 1476 ἀνενεγκών
1398 1438 1424 1462 κ
1446 1413 1524 1463 οὐκ
1545 1414 1672 1475 εἶχεν,

190 1483 216 1530 ὅ
243 1503 286 1530 τι
315 1485 388 1529 καὶ
418 1485 601 1544 γένοιτο.

325 1557 362 1598 9.
438 1553 503 1597 Τὰ
541 1553 622 1610 μὲν
663 1545 740 1598 οὖν
776 1557 856 1598 τοῦ
903 1554 1086 1612 τέρατος
1127 1552 1288 1599 τούτου
1333 1551 1468 1615 ταύτῃ
1514 1555 1673 1611 ἐχέτω·

328 1652 360 1688 1.
395 1648 517 1696 ἆββᾶν
542 1651 586 1686 L.
609 1651 790 1687 Allatius:
817 1649 914 1696 ἁβᾶν
938 1651 1006 1688 ΟΡ.
1117 1654 1150 1688 2.
1176 1652 1348 1688 lacunam
1374 1653 1536 1700 signavi:
1564 1654 1679 1690 inter-

325 1699 498 1736 ciderunt
524 1699 602 1736 fere
627 1700 718 1736 haec
743 1698 863 1736 αὐτῶν
884 1697 1077 1749 μυστήρια.
1245 1702 1279 1737 4.
1303 1698 1625 1749 Παρασκευιώτης]
1652 1716 1680 1738 ω

325 1748 365 1783 in
388 1760 459 1784 ras.
485 1760 533 1784 m.
563 1750 584 1783 2
610 1752 648 1784 et
672 1762 694 1793 η
723 1760 767 1784 ex
793 1763 805 1783 ι
830 1762 878 1785 m.
903 1752 924 1785 2
952 1748 991 1786 C.
1116 1761 1169 1788 τις
1193 1749 1333 1786 addidi.
1527 1752 1560 1786 5.
1586 1749 1679 1798 ἀφο-

326 1799 468 1843 ρισθεὶς
489 1796 527 1842 C,
552 1794 784 1846 ἂφωρισθεὶς
808 1797 849 1835 P.
1025 1799 1060 1834 6.
1085 1800 1329 1846 προσομιλεῖν
1353 1798 1394 1843 P,
1419 1801 1617 1847 προμιλεῖν
1643 1800 1679 1835 C.

328 1846 358 1880 7.
386 1845 482 1881 ἰδεῖν
503 1857 542 1880 τε
567 1848 628 1881 καὶ
652 1846 794 1882 seclusi.
909 1847 943 1882 8.
970 1848 1096 1885 λίθους
1120 1845 1158 1891 C,
1185 1847 1344 1883 correxi.
1491 1849 1523 1884 9.
1549 1845 1681 1896 κρότον

327 1893 395 1939 ΟΡ,
419 1894 577 1930 correxi.
707 1896 762 1931 11.
789 1891 876 1941 γὰρ]
904 1895 975 1930 cst?
1101 1896 1153 1931 13.
1185 1891 1441 1942 ἔτετρύγεσαν]
1466 1909 1488 1931 υ
1513 1908 1557 1932 ex
1582 1909 1680 1933 corr.

328 1954 377 1978 m.
403 1943 425 1977 2
452 1942 489 1979 G.
613 1943 669 1979 16.
697 1941 989 1991 αέρεσιαρχικὸν]
1019 1955 1035 1978 ε
1061 1955 1107 1979 ex
1125 1957 1145 1988 η
1164 1955 1213 1980 m.
1234 1944 1305 1980 20.
1431 1946 1487 1982 17.
1510 1945 1678 1981 lacunam

326 1991 472 2037 signavi
475 2039 506 2075 P
516 1991 711 2028 intercidit
735 1994 866 2040 μένειν
889 1992 947 2028 vel
970 1992 1091 2028 simile
1117 1992 1219 2039 quid.
1420 1994 1476 2029 19.
1503 1994 1618 2041 ἐχέτω
1642 1994 1679 2039 C,

327 2039 451 2086 ἒχέθω
508 2069 517 2077 .

189 2131 386 2180 lapidaret,
410 2134 719 2180 conspiciebatur.
759 2147 869 2172 causa
894 2138 1020 2172 autem
1047 2136 1127 2173 visa
1150 2139 1207 2173 est
1224 2136 1429 2174 Satanaelis
1453 2138 1510 2174 ira
1529 2138 1680 2185 eiusque

190 2180 425 2227 daemonum,
460 2184 524 2228 qui
563 2184 828 2220 succensebant
861 2185 939 2231 isti,
970 2185 1069 2231 quod
1094 2185 1261 2232 ipsorum
1286 2186 1463 2233 mysteria
1487 2187 1588 2233 apud
1612 2188 1680 2223 im-

190 2232 402 2275 peratorem
427 2231 618 2268 effudisset
642 2244 868 2279 gravemque
892 2234 932 2269 in
959 2233 1125 2270 haeresin
1146 2235 1443 2280 persecutionem
1465 2236 1679 2282 excitasset;

189 2278 302 2324 idque
319 2279 609 2327 Parasceuiotes⁷
635 2283 701 2327 qui
724 2283 940 2328 vocabatur,
966 2285 1091 2318 custos
1115 2283 1348 2320 daemoniaci
1371 2283 1472 2320 illius
1497 2284 1605 2328 senis,
1634 2297 1680 2320 ne

189 2328 440 2364 conversando
479 2341 564 2365 cum
605 2329 686 2365 aliis
716 2330 927 2366 doctrinam
966 2342 1068 2366 suam
1100 2333 1406 2378 communicaret,
1442 2333 1680 2379 constitutus,

190 2375 377 2412 horrendo
408 2377 490 2412 iure
525 2378 685 2414 iurando
717 2378 937 2426 affirmavit;
973 2379 1119 2415 audisse
1155 2392 1193 2416 se
1217 2380 1386 2427 lapidum
1424 2380 1609 2428 fragorem
1644 2386 1680 2418 et

191 2424 230 2459 in
269 2425 387 2460 solum
427 2429 465 2461 et
505 2427 545 2462 in
583 2427 728 2473 tegulas
768 2428 880 2464 cellae
915 2428 1101 2464 iactorum
1138 2432 1176 2465 et
1210 2429 1347 2466 vidisse
1373 2429 1515 2476 lapides
1548 2431 1680 2466 crebro

192 2475 468 2520 acervatimque
498 2475 694 2522 cadentes3
737 2479 777 2512 at
806 2478 872 2523 qui
903 2477 1054 2521 iaceret,
1092 2478 1326 2524 conspexisse
1362 2490 1399 2514 se
1432 2490 1586 2525 prorsus
1618 2491 1679 2515 ne·

192 2522 339 2556 minem.
381 2535 491 2569 quem
515 2523 684 2570 lapidum
710 2525 870 2561 imbrem
886 2528 1010 2562 terrae
1025 2529 1150 2562 motus
1167 2527 1314 2573 excepit
1330 2526 1527 2563 vehemens
1543 2531 1679 2563 treme-

192 2570 330 2615 batque
356 2572 473 2607 solum
499 2575 537 2608 et
561 2572 739 2608 domuum
765 2573 916 2621 fastigia
941 2574 1141 2611 stridorem
1164 2575 1336 2611 edebant.
1373 2576 1484 2611 initio
1501 2577 1680 2612 narrabat

194 2617 481 2666 Parasceuiotes‚
512 2623 712 2668 antequam
760 2622 982 2659 diabolicam
1025 2635 1100 2659 esse
1136 2624 1213 2659 vim
1250 2623 1584 2670 animadvertisset,
1625 2626 1679 2660 in·

194 2667 383 2711 trepidum
417 2681 453 2704 se
485 2669 615 2715 fuisse;
647 2682 731 2706 cum
763 2683 852 2707 vero
887 2672 1030 2718 lapides
1056 2671 1216 2718 desuper
1240 2672 1514 2719 quodammodo
1540 2673 1679 2719 pluisse

192 2715 358 2760 vidisset,
385 2719 422 2752 et
447 2718 629 2755 seniculus
653 2719 715 2754 ille
741 2719 999 2756 haeresiarcha
1024 2721 1127 2756 intus
1153 2721 1305 2757 abditus
1330 2723 1368 2757 et
1393 2721 1557 2757 inclusus
1573 2725 1678 2767 esset,

192 2765 272 2797 tum
298 2764 458 2811 denique
483 2766 725 2804 daemonibus
750 2780 828 2804 rem
854 2780 891 2804 se
916 2769 1135 2805 attribuisse
1159 2781 1226 2806 nec
1253 2770 1307 2806 ibi
1337 2781 1486 2806 manere
1510 2771 1677 2816 potuisse

194 2823 261 2846 nec
287 2814 438 2849 omnino
457 2826 614 2856 curasse,
641 2816 742 2862 quod
766 2815 885 2852 fieret.

329 2862 359 2895 9.
423 2862 608 2898 Hactenus
645 2864 692 2900 de
730 2865 930 2901 miraculo:
969 2877 1098 2903 verum
1125 2866 1227 2913 quod
1249 2866 1529 2913 constitueram,
1555 2868 1674 2903 totam
