1806 3132
532 240 588 276 m
613 239 903 276 ALEXIADEM
931 242 1094 278 NOTAE
1474 235 1559 280 543

72 355 266 399 fluvius·
252 369 298 398 ιιι
326 368 443 400 mare
472 356 695 409 evolvitur,
732 357 895 412 reliquo
941 357 1059 400 fluvii
1099 358 1230 412 ipsius
1274 359 1381 401 ostio
1424 360 1560 403 arenis

73 413 203 456 ferme
231 412 416 468 undique
446 413 596 456 obsito.
656 413 746 457 Hos
782 413 895 456 enim
939 413 1142 457 traiectus
1172 414 1289 458 Gras
1333 416 1559 470 appellant,

73 469 274 512 adiuncta
304 469 487 524 quadam
517 470 571 513 ab
599 470 703 512 locis
745 470 908 521 vicinis,
942 471 1018 513 aut
1048 483 1074 513 a
1103 470 1244 526 pelagi
1283 473 1437 515 natura
1485 474 1561 515 aut

73 525 150 570 soli
196 525 546 569 denominatione.
630 526 827 581 Superest
881 528 1095 581 praeterea
1138 527 1322 570 eiusdem
1367 529 1561 572 vocabuli

73 582 300 636 vestigium
329 584 374 625 in
411 582 631 626 Occitania
668 583 723 626 ad
764 582 975 638 Stagnum
1005 584 1316 638 Magalonense,
1360 585 1470 639 quod
1505 585 1561 628 ad

74 638 409 694 Septentrionem
455 639 688 683 continenti
732 639 944 691 adhaeret,
988 639 1039 682 ad
1089 640 1307 683 Meridiem
1342 654 1367 684 a
1398 640 1560 684 Gallico

72 695 179 738 mari
229 695 491 739 validissimo
522 709 677 752 aggere
706 696 977 752 disiungitur.
1035 696 1163 740 Haud
1187 697 1331 751 procul
1359 710 1385 740 a
1412 697 1563 753 Maga-

74 751 173 795 lona
198 752 302 795 urbe
329 752 375 794 ιιι
403 752 575 795 modum
602 753 773 796 Insulae
798 748 1097 808 stagnantibus
1134 753 1255 809 aquis
1295 754 1561 807 circumfusa,

72 808 443 863 Montispessulani
472 809 722 852 Praesulum
753 808 962 852 Cathedra
991 809 1092 852 olim
1132 810 1303 875 insigni,
1348 811 1562 866 disruptus

71 877 205 920 agger
234 865 315 908 iste
344 866 530 908 meatum
562 878 613 909 ac
642 866 867 909 traiectum
899 866 1077 908 navibus
1108 880 1134 910 a
1162 866 1271 909 mari
1300 867 1561 911 venientibus

71 922 242 976 praebet
270 921 315 963 in
344 922 558 978 stagnum,
589 922 701 987 quod
738 923 884 977 portus
919 922 1055 965 vicem
1093 924 1293 978 praestat.
1361 923 1560 967 Canalem

71 979 201 1021 istum
222 978 378 1021 Versus
407 979 575 1034 antiqui
604 979 650 1021 in
681 979 919 1022 Arnoldum
946 979 1199 1034 Episcopum
1219 980 1560 1036 Magalonensem

72 1035 181 1089 scrip
181 1034 218 1077 ti
250 1034 362 1078 circa
390 1035 474 1079 An.
503 1046 749 1080 mxvm.
782 1035 962 1079 Gradus
991 1037 1157 1089 vocant,
1202 1036 1426 1092 indigenae
1461 1050 1559 1080 vero

71 1091 116 1134 la
148 1091 284 1144 Grau,
312 1091 424 1146 apud
456 1091 666 1135 Catellum
693 1093 766 1135 lib.
788 1093 828 1134 2.
859 1092 956 1135 Rer.
982 1092 1172 1136 Occitan.

204 1148 292 1192 Hic
320 1162 466 1192 muros
486 1149 601 1203 fecit,
632 1153 772 1192 turres
799 1148 867 1192 hic
896 1149 1082 1204 undique
1104 1149 1217 1203 fecit,

264 1204 439 1249 Glerum
465 1206 629 1249 divinis
656 1205 835 1249 contulit
862 1206 1026 1260 officiis.

202 1261 293 1305 Iste
320 1261 498 1306 Gradus
526 1262 691 1318 clausit,
720 1276 799 1317 quo
820 1263 990 1316 praedo
1012 1263 1229 1328 piraticus
1258 1263 1402 1307 hausit

262 1317 398 1373 Saepe
424 1318 664 1363 latrociniis
692 1319 840 1363 littora
867 1323 1015 1362 nostra
1040 1321 1142 1363 suis.

203 1375 400 1419 Navibus
429 1376 632 1419 introitus
652 1390 734 1430 per
763 1390 857 1419 eum
886 1376 1065 1419 Gradus
1094 1377 1203 1420 alter
1232 1381 1417 1434 apertus,

259 1431 362 1475 Non
380 1432 539 1487 procul
567 1447 595 1476 a
625 1434 766 1487 terris,
795 1447 818 1476 o
848 1432 1103 1489 Mwalona,
1133 1435 1231 1477 tuis.

69 1489 119 1532 In
149 1489 392 1544 Diplomate
420 1489 623 1532 Ludovici
646 1489 741 1532 VII.
764 1490 869 1545 Reg.
893 1490 1043 1532 Franc.
1066 1491 1118 1533 A
1137 1500 1284 1534 MCLV.
1305 1504 1359 1545 ap
1361 1490 1416 1533 ud
1434 1490 1557 1534 Sam-

68 1546 315 1589 marthanos
344 1545 390 1588 in
417 1546 637 1601 Episcopis
668 1546 882 1602 Magalon.
912 1547 967 1589 N.
998 1548 1064 1589 21.
1094 1546 1260 1590 Gradus
1289 1547 1362 1589 isti
1399 1547 1558 1591 Portus

69 1603 238 1646 nomine
277 1602 512 1646 donantur:
551 1602 609 1646 In
648 1602 859 1647 C'omitatu
900 1602 1247 1646 Susiantionensi
1278 1607 1447 1659 portas,
1485 1605 1558 1659 qui

69 1660 228 1703 dicitur
258 1659 448 1703 Gradus.
477 1660 527 1702 In
548 1660 787 1702 Annalibus
809 1660 976 1703 Pisanis
1004 1660 1130 1702 editis
1161 1661 1214 1703 ab
1235 1660 1414 1716 Ughello
1440 1661 1556 1703 Τοιιι.

68 1718 107 1759 3.
128 1716 227 1759 Ital.
247 1715 363 1759 Sacr.
383 1716 460 1759 sub
489 1716 542 1759 A.
568 1726 749 1760 MCLXV.
781 1716 958 1760 Gradus
981 1716 1210 1772 Merqierii
1239 1717 1438 1759 dicuntur
1479 1730 1554 1772 pro

69 1772 199 1828 Mery
200 1773 296 1824 orii,
330 1785 402 1816 seu
434 1773 487 1816 de
510 1773 641 1828 Mery
642 1773 740 1816 ueil.
771 1773 949 1816 Gradus
988 1774 1115 1816 etiam
1149 1773 1194 1816 in
1226 1774 1378 1828 stagno
1411 1773 1555 1816 Salsa-

69 1842 164 1873 rum
192 1830 238 1872 in
267 1828 486 1873 Comitatu
518 1830 821 1873 Ruscinonensi
864 1831 1019 1873 habent
1050 1830 1220 1872 chartae
1249 1830 1412 1884 aliquot
1442 1830 1558 1872 vete-

68 1899 134 1929 res
163 1899 211 1929 ex
240 1885 592 1942 chartophylacio
622 1887 751 1942 Regis
783 1886 1148 1930 Christianissimi.
1193 1886 1243 1928 Id
1281 1899 1401 1940 porro
1430 1898 1556 1929 voca-

69 1942 160 1985 buli
196 1943 368 1986 notione
400 1943 484 1986 ista
518 1956 601 1986 non
643 1956 872 1997 nuperum:
913 1956 960 1986 eo
996 1943 1147 1998 quippe
1187 1943 1324 1985 utitur
1360 1942 1556 1986 Valerius

70 1999 282 2042 Maximus
307 1999 382 2042 lib.
402 2001 443 2042 3.
466 2011 555 2054 cap.
576 2001 615 2042 6.
660 2001 725 2042 uti
772 2001 1039 2043 observatum
1085 2012 1110 2042 a
1158 1999 1259 2042 viris
1303 1999 1456 2042 doctis:
1502 1998 1554 2041 P.

71 2055 215 2110 Scipio
251 2069 346 2099 cum
378 2056 427 2099 in
454 2055 609 2100 Sicilia
645 2057 840 2111 auqemlo
891 2057 1118 2099 exercitum
1151 2055 1481 2109 traiiciendoque
1507 2056 1556 2098 in

68 2112 267 2166 Africam
313 2117 596 2167 opportunum
633 2117 850 2167 quaereret
885 2113 1096 2156 Gradum.
1139 2112 1190 2155 In
1233 2112 1415 2167 sequiori
1456 2124 1554 2155 vero

68 2169 191 2212 Latio
228 2182 312 2212 non
347 2170 475 2212 semel
509 2171 758 2225 usurpatum
789 2170 982 2225 legimus.
1025 2169 1210 2212 Annales
1246 2168 1392 2211 Pisani
1425 2168 1476 2211 de
1510 2168 1553 2211 S.

68 2226 195 2269 Petro
229 2226 455 2281 Apostolo:
496 2226 810 2280 Transfretavit
843 2227 957 2269 circa
993 2226 1140 2268 littora
1173 2225 1442 2277 Pisanorum‚
1481 2224 1555 2267 ubi

68 2282 192 2325 hodie
222 2282 381 2326 dicitur
408 2282 604 2327 Ecclesia
631 2283 676 2327 S.
706 2283 828 2326 Petri
856 2284 915 2326 ad
945 2282 1133 2325 Gradus.
1168 2281 1299 2333 Infra,
1328 2281 1379 2324 de
1409 2280 1553 2324 eadem

71 2339 204 2382 Aede:
226 2339 285 2383 In
306 2354 385 2394 quo
407 2339 496 2383 loco
518 2354 612 2383 cum
623 2354 707 2394 per
726 2353 906 2382 mensem
926 2353 1088 2382 moram
1104 2338 1283 2391 fecisset,
1305 2338 1365 2380 ad
1378 2337 1555 2381 Gradus

69 2397 205 2439 maris
223 2396 461 2440 Ecclesiam
479 2398 728 2440 construxit.
750 2396 884 2439 Iidem
906 2395 1090 2438 Annales
1113 2396 1190 2437 sub
1212 2395 1550 2437 A.MCLXXVI11.

72 2451 281 2496 Saraceni
326 2457 548 2507 coeperunt
593 2453 751 2496 bellare
785 2456 824 2495 et
858 2452 1059 2495 invadere
1093 2451 1287 2494 Insulam
1321 2449 1553 2493 Sardiniae

71 2512 111 2551 et
138 2509 203 2552 ire
229 2510 279 2553 in
311 2510 516 2564 partibus
543 2509 804 2553 Pis-anorum
839 2512 877 2551 et
913 2522 1043 2563 usque
1075 2509 1133 2551 ad
1169 2507 1344 2550 Gradus
1379 2506 1552 2549 Romae.

71 2565 218 2620 Neque
246 2566 416 2609 aliunde
445 2579 596 2610 nomen
626 2567 787 2621 accepit
815 2565 959 2608 Insula
990 2564 1175 2607 Venetiis
1211 2564 1411 2618 proxima,
1447 2575 1553 2618 quae

73 2621 262 2676 Gradus,
291 2623 420 2678 vulgo
449 2622 581 2676 Grac,
611 2624 780 2674 dieitur,
811 2621 922 2676 quod
951 2621 996 2663 in
1017 2634 1065 2664 ea
1085 2620 1364 2663 exscensiones
1396 2619 1553 2671 fierent,

71 2679 114 2722 et
142 2680 288 2733 portus
331 2680 422 2723 vice
464 2681 570 2722 esset
604 2679 789 2722 Venetis.
825 2678 865 2720 A
902 2677 1126 2732 praedictis
1168 2677 1364 2719 dissentit
1403 2675 1554 2718 Petrus

74 2734 139 2790 Gy
140 2735 240 2778 llius
264 2736 338 2779 lib.
359 2737 400 2778 2.
427 2736 478 2780 de
498 2737 623 2791 Bosp.
646 2736 794 2778 Thrac.
823 2747 912 2789 cap.
937 2735 1000 2776 11.
1028 2733 1145 2776 cuius
1164 2733 1395 2775 sententiae
1414 2732 1554 2775 favere

71 2791 239 2835 videtur
269 2792 466 2849 CuJacius
493 2793 546 2836 ad
571 2793 670 2847 Leg.
693 2793 730 2834 7.
752 2791 797 2834 C.
818 2791 870 2833 de
889 2789 1189 2845 Aquaeductu;
1208 2789 1423 2832 contendit
1441 2788 1550 2831 enim

0 2873 5 2879 ·
73 2847 219 2892 Scalas
247 2862 334 2893 oese
363 2850 594 2906 crepidines
624 2862 674 2892 ac
702 2848 833 2892 moles
861 2849 1071 2903 portuum,
1100 2858 1278 2902 quarum
1298 2846 1462 2889 obiectu
1481 2857 1552 2900 pe-
