1794 3132
500 240 555 274 IN
581 239 870 274 ALEXIADEM
898 239 1061 275 NOTAE
1442 235 1525 278 483

39 355 278 399 miniscitur
298 353 562 409 Nicephorus
584 353 834 409 Bryennius‚
867 354 978 410 quod
1012 367 1314 423 quemcumque
1342 356 1426 399 telo
1455 357 1526 400 ille

39 411 339 469 aggrederetur
364 411 541 461 hostem,
571 410 719 453 statim
749 411 841 453 neci
869 410 1012 454 daret:
1044 401 1080 467 ᾦ
1108 411 1181 454 καὶ
1209 426 1261 453 το
1292 408 1527 467 ἐπώνυμον

40 468 87 512 ἐκ
116 470 197 526 τῆς
222 461 429 522 ἀνδρείας
456 462 720 525 κεκλήρωτο,
757 459 858 509 οἷόν
880 482 976 509 τινα
1005 465 1084 523 γὰρ
1115 467 1320 511 ἐναντίων
1363 466 1522 522 βαλών,

40 525 139 569 ἐπεὶ
170 521 325 580 νεκρὸν
353 518 627 576 ἀποδέδειχε,
660 519 827 578 Χάρων
856 522 1065 567 ἐντεῦθεν
1098 523 1415 581 ἐπωνομάσθη.
1445 526 1527 569 Ve-

38 596 134 626 rum
162 583 261 626 ante
290 581 485 624 Alexium
516 579 755 624 Charonum
798 581 1006 624 familiam
1051 582 1270 625 observare
1313 583 1375 624 est
1416 583 1526 637 apud

40 639 288 695 Scylitzem:
326 637 521 682 meminit
550 637 663 680 enim
691 637 765 680 ille
797 637 1063 681 Constantini
1104 639 1333 690 cuiusdam,
1372 651 1526 694 cogno-

40 697 179 739 mento
212 694 428 747 Charonis,
459 694 533 750 qui
563 707 589 737 a
611 694 848 749 Nicephoro
863 694 1006 737 Phoca
1035 695 1141 750 Imp.
1173 695 1292 739 clava
1325 695 1370 737 in
1400 696 1525 750 caput

38 753 223 808 impacta
253 751 307 796 ad
337 750 591 795 Charontem
621 750 760 805 ipsum
793 752 835 794 et
864 751 918 794 ad
947 751 1100 794 inferos
1130 751 1322 795 detrusus
1350 752 1425 794 est.

173 806 252 860 Εἰς
280 805 450 862 ἔρωτας
477 801 692 862 ἀλόγους]
728 807 1053 850 Monomachum
1083 809 1329 864 Augustum
1359 809 1410 850 ob
1439 808 1564 850 illi-C

40 867 145 909 citos
175 867 219 909 et
237 865 451 921 pudendos
477 871 639 908 amores
668 864 879 907 infamant
908 865 1064 919 passim
1086 865 1335 920 Scriptores:
1361 865 1527 907 vivente

40 923 151 966 enim
180 921 262 966 Zoe
289 921 653 977 Porphyrogenita
686 934 820 971 uxore,
841 920 1107 964 Constantini
1125 922 1395 976 Imperatoris
1423 920 1525 972 filia,

39 979 266 1023 foeminam
296 978 525 1035 quamdam
565 991 612 1020 ex
658 977 791 1020 nobili
818 977 1053 1021 Sclerorum
1100 979 1225 1034 gente
1262 979 1400 1021 ortam
1445 990 1528 1020 non

40 1035 286 1091 superduxit
313 1035 452 1087 modo,
483 1035 554 1078 sed
585 1047 632 1078 eo
652 1035 768 1077 venit
794 1034 1015 1086 amentiae,
1047 1036 1096 1077 ut
1115 1035 1356 1090 Augustam
1387 1034 1530 1089 appel-

40 1094 149 1137 laret
183 1092 304 1148 eique
322 1091 585 1135 domicilium
609 1091 846 1147 assignaret
874 1091 918 1133 in
939 1090 1104 1134 Palatio
1135 1091 1380 1146 mediusque
1406 1091 1527 1133 Zoem

39 1151 151 1192 inter
182 1150 224 1193 et
254 1149 458 1205 pellicem,
488 1148 640 1203 populo
671 1148 899 1203 spectante,
934 1148 1106 1191 sederet.
1165 1148 1228 1191 De
1257 1149 1436 1202 utraque
1462 1147 1529 1189 iu-

40 1205 295 1250 tellicrendus
337 1206 517 1249 Ioannes
553 1205 858 1248 Euchaitarum
894 1205 1123 1260 Episcopus
1155 1205 1339 1247 carmine
1384 1200 1448 1254 εἷς
1475 1200 1527 1245 τὸ

37 1241 319 1362 βιβλῖονοῖῆς
347 1260 583 1312 Διακονίας
610 1262 690 1303 τοῦ
726 1257 1088 1319 Τροπαιοφόρου,
1122 1261 1232 1316 quod
1253 1260 1528 1304 Monomacho

38 1333 167 1363 1nscr1
197 1333 234 1363 sl
265 1335 276 1363 z

168 1333 345 1428 ΙΙ)Ιιστὸς
377 1372 602 1427 Βασιλεὺς,
635 1369 831 1444 εὐσεβὴς,
864 1369 1163 1430 αὐτοκράτωρ,

172 1430 407 1488 Σεβαστὸς,
435 1428 689 1488 ὀρθόδοξος
718 1448 742 1474 ο
772 1428 1044 1487 ΠΙονομάχος
1075 1433 1153 1475 etc.
1213 1432 1269 1474 Et
1294 1444 1412 1474 mox:

167 1483 363 1533 ’Ἔπειτα
392 1492 491 1540 ταῖς
525 1492 626 1541 σαῖς
654 1485 982 1543 πανσεβάσταις
1010 1484 1302 1544 Αὐγούσταις.

42 1548 98 1591 Et
127 1547 212 1591 alio
242 1547 429 1591 carmine
456 1548 499 1590 in
529 1546 742 1590 eumdem:

178 1603 266 1646 Καὶ
296 1600 376 1655 τὰς
403 1599 669 1659 Αὐγοί·στας
693 1599 753 1654 (ὃς
783 1602 1018 1659 συνέργους
1041 1598 1262 1656 λαμβάνω.

42 1661 144 1704 Pari
172 1661 338 1704 insania
366 1662 463 1716 post
492 1661 592 1704 Zoes
627 1660 849 1703 interitum
896 1659 1186 1702 mulierculam
1225 1659 1365 1709 aliam,
1399 1657 1527 1699 Alani

43 1718 262 1761 cuiusdam
289 1717 497 1773 Principis
526 1717 676 1767 filiam,
707 1730 814 1772 quae
845 1717 962 1760 obses
987 1730 1011 1759 a
1043 1717 1161 1770 patre
1190 1715 1290 1758 data
1322 1713 1527 1757 Constan-

41 1774 218 1829 tinopoli
251 1775 509 1827 morabatur,
546 1775 592 1817 in
619 1774 799 1829 Regiam
842 1773 1008 1815 induxit
1044 1773 1086 1815 et
1116 1772 1353 1827 Augustam
1385 1769 1526 1824 appel-

40 1831 161 1874 lavit.
222 1831 330 1874 Vide
358 1831 563 1874 Zonaram
594 1843 690 1886 pag.
714 1831 808 1872 207.

178 1884 524 1946 Φροντιστ-ἡ-ρια]
557 1887 666 1930 Vide
693 1886 829 1930 Notas
859 1886 912 1929 ad
945 1885 1139 1929 Cinnami
1167 1897 1263 1939 pag.
1285 1885 1323 1925 5.
1537 1888 1569 1923 D

174 1938 615 2003 Ἀλεκτρυοφωνιάς]
664 1943 859 1994 Romani,
889 1944 938 1985 ut
966 1944 1131 1986 autores
1161 1943 1258 1983 sunt
1288 1937 1524 1982 Macrobius
1537 1947 1735 1994 Pag.88.s*

40 2001 113 2044 lib.
139 2003 174 2044 1.
203 2001 374 2045 Saturn.
405 2003 447 2046 et
480 2001 731 2044 Censorinus
762 2000 813 2043 de
842 1999 921 2042 Die
950 1999 1084 2042 natali
1113 2010 1202 2052 cap.
1225 1997 1291 2038 24.
1323 1996 1432 2038 diem
1465 1995 1524 2036 ci-

41 2058 168 2101 vilem
197 2071 223 2102 a
249 2058 389 2102 media
415 2059 538 2102 nocte
569 2057 839 2112 incipiebant,
887 2056 1004 2098 cuius
1046 2054 1225 2110 primam
1269 2053 1432 2107 partem
1476 2051 1526 2093 de

41 2115 183 2158 media
210 2119 339 2168 nocte,
363 2116 542 2159 alteram
564 2113 855 2164 Gallicinium‚
889 2113 1057 2155 tertiam
1082 2109 1375 2157 Comicinium,
1399 2119 1526 2162 quar-

40 2172 132 2214 tam
157 2171 336 2228 deuique
362 2171 613 2215 Diluculum
642 2171 863 2213 vocabant.
937 2169 1054 2211 Tunc
1098 2167 1211 2210 subit
1238 2165 1392 2228 Mane,
1431 2176 1524 2206 eum

40 2228 113 2270 lux
140 2228 308 2271 videtur
335 2229 448 2272 solis.
512 2228 601 2271 Alii
648 2227 812 2270 noctem
857 2227 902 2268 in
934 2226 1089 2279 septem
1130 2224 1269 2278 partes
1309 2220 1525 2263 divldunt:

41 2285 219 2327 Ioannae
245 2285 296 2328 de
327 2285 476 2337 Ianua,
520 2284 673 2327 Prima
707 2296 819 2337 pars
858 2282 993 2325 noctis
1022 2281 1179 2323 dicitur
1211 2276 1526 2341 Crepusc-ulum,

40 2342 226 2385 secunda
271 2340 565 2394 Gonticinium,
612 2342 738 2395 tertia
784 2339 1074 2388 Gallicinium,
1120 2335 1316 2390 (primum
1348 2332 1525 2384 sclhcet)

42 2402 198 2452 quarta
230 2397 539 2454 Intempestum,
582 2399 731 2453 quinta
767 2398 918 2438 iterum
954 2393 1242 2444 Gallicinium,
1282 2389 1524 2441 (secundum

44 2467 201 2510 nempe,
233 2456 344 2510 quod
374 2456 443 2498 hie
471 2455 654 2508 δευτέρα
683 2446 1044 2508 diaron-ommia
1076 2449 1249 2498 dicitur)
1275 2450 1394 2489 sexta
1424 2444 1525 2487 Ma-

43 2512 237 2564 tutinum,
280 2513 459 2566 septima
487 2511 747 2555 Diluculum.
819 2509 1009 2551 Primum
1055 2504 1327 2548 Gallicinium
1372 2503 1525 2544 innunt

43 2568 156 2611 hisce
186 2569 323 2612 verbis
353 2570 464 2612 Acta
493 2569 535 2612 S.
558 2567 709 2624 Thyrsi
733 2579 820 2619 cap.
846 2566 884 2607 8.
915 2563 967 2606 N.
987 2563 1054 2605 37.
1108 2561 1402 2625 Vipr-imum
1422 2557 1525 2611 pul-

43 2624 111 2667 lus
139 2625 315 2668 dederat
341 2629 523 2668 cantum.
585 2625 698 2667 Nam
725 2621 895 2676 pullum
924 2633 949 2662 a
980 2618 1277 2662 Grammatlcls
1306 2627 1379 2669 pro
1410 2613 1525 2669 gallo

43 2681 277 2736 gallinaceo
322 2683 433 2724 sumi
478 2683 624 2724 notum
656 2693 702 2723 ex
735 2679 776 2722 S.
808 2676 1029 2720 Ambrosio
1075 2673 1129 2717 ad
1157 2674 1264 2736 Iren.
1341 2670 1453 2725 Quid
1479 2671 1527 2712 in

34 2737 211 2791 pullis?
239 2752 366 2792 quam
393 2745 553 2782 canora
581 2751 663 2780 vox
690 2735 809 2791 yalli,
840 2733 1137 2785 nocturnisque
1175 2728 1333 2771 nimbus
1361 2726 1529 2790 solenne

43 2807 199 2837 mnus
224 2795 283 2838 ad
311 2795 582 2839 excitandum
610 2797 648 2836 et
676 2788 947 2836 canendum?
991 2788 1103 2830 Hinc
1131 2785 1276 2840 pullu-s·
1308 2796 1381 2839 pro
1402 2783 1527 2839 galh—

45 2850 155 2893 cinio
183 2851 228 2894 in
257 2851 421 2906 Regula
452 2850 648 2907 Magistri
678 2862 766 2903 cap.
788 2848 856 2890 33.
924 2844 980 2887 In
1018 2844 1159 2900 hyeme
1196 2840 1426 2885 cavendum
1454 2842 1526 2889 est,
