1734 3120
194 217 278 259 410
750 230 896 265 PETRI
928 230 1121 264 Possml

193 344 467 387 exscensionis
496 344 540 387 in
571 345 754 400 aliquem
783 346 922 388 locum
957 345 1208 399 improvisae
1251 346 1446 390 facerent.
1518 348 1567 390 Id
1597 349 1678 391 Leo

193 401 312 444 Tact.
346 401 487 444 Const.
517 411 597 445 XX.
631 403 786 446 citatus
816 416 841 446 a
875 402 1057 444 Meursio
1098 402 1306 445 ναυτικοῦ
1345 399 1507 446 στόλου
1546 420 1678 458 στρα-

192 454 361 517 τήγημα
390 459 525 502 vocat.
586 460 668 503 Ubi
706 462 748 502 et
778 472 864 502 rem
903 459 1037 514 ipsam
1078 459 1168 502 fuse
1201 460 1412 504 describit.
1474 462 1561 513 Nos
1591 462 1678 505 eius

192 516 317 558 verba
363 527 457 557 cum
487 515 636 559 Annae
677 516 846 559 nostrae
886 515 1021 559 verbis
1067 515 1291 571 diligenter
1334 518 1592 562 conferemus
1633 519 1677 561 in

194 572 317 615 Notis
357 573 398 614 et
439 573 634 616 accurate
667 573 754 616 Deo
794 573 922 616 dante
951 572 1154 627 quidquid
1194 573 1237 616 id
1267 575 1330 617 cst
1360 574 1678 619 declarabimus.

326 630 719 672 ΠΕΛΕΙῬΙΝΟΣ
753 630 820 673 vel
850 630 1120 684 Περεγρῖνος
1157 630 1544 687 Peregrinationem
1580 632 1679 676 reli-

119 680 121 682 *
191 686 352 743 giosam
385 687 612 741 suscipiens
643 686 695 730 ad
726 686 881 730 Christi
911 686 1158 741 sepulcrum.

327 745 693 786 ΠΙΓΚΕΡΝΗΣ.
742 744 961 786 Pincerna.
984 756 1023 786 v.
1046 743 1277 787 Meursium
1308 746 1350 789 et
1370 745 1677 801 Curopalatem.

326 801 732 843 ΠΡΛΙΤΩΡΙΟΝ.
782 801 872 844 Lib.
903 811 1006 843 XIII.
1054 793 1230 855 ἆντικρύ
1260 803 1338 861 τῆς
1366 802 1573 862 δουκικῆς
1602 818 1679 845 κα-

193 856 359 911 θέδρας
389 852 502 911 ὅπερ
533 853 818 912 Πραιτώριον
848 852 1217 910 προσωνόμαστο.

326 916 709 957 HPEBENTZH.
781 914 1019 958 Provincia.
1093 914 1163 958 Sic
1216 916 1380 972 proprie
1423 916 1538 961 dicta
1582 931 1677 972 pars

192 970 367 1024 Galliae,
412 971 639 1014 comitatus
688 971 860 1015 celebris
905 971 1022 1014 cuius
1062 971 1207 1016 Comes
1252 974 1304 1017 ab
1336 974 1460 1018 Anna
1503 975 1677 1018 vocatur

193 1024 350 1084 Κύμης
379 1027 667 1084 Πρεβέντζης.
698 1042 794 1084 pag.
815 1029 911 1071 289.
1677 1033 1688 1044 ”

326 1086 755 1128 ΠΡΟΑΛΜΛΤΛ
790 1086 880 1128 τῶν
918 1084 1114 1128 πεδίλων
1144 1086 1233 1130 Lib.
1253 1098 1298 1131 V.
1335 1087 1449 1131 ultra
1479 1089 1677 1140 medium,

193 1155 300 1197 quae
330 1155 520 1185 excussos
550 1142 665 1197 equis
688 1141 833 1186 Gallos
853 1143 1010 1186 astatu
1041 1144 1082 1186 et
1110 1144 1273 1187 incessu
1300 1144 1545 1199 impediant,
1578 1146 1679 1201 quid

191 1199 276 1242 sint
305 1212 471 1254 quaero.
526 1199 793 1242 calcariane?
837 1213 890 1243 an
931 1201 1016 1243 alia
1060 1200 1262 1256 equestris
1304 1202 1543 1246 armaturae
1583 1216 1680 1258 pars

190 1255 283 1355 111Ῐῖ
305 1256 561 1355 ὺέῐηροτὶῢῑιε
591 1256 781 1300 usitata?
826 1270 879 1300 an
919 1257 1081 1313 aliquid
1116 1257 1340 1302 hodiernae
1382 1272 1548 1315 quoque
1580 1273 1680 1303 eon-

191 1325 262 1355 sue
285 1326 312 1355 u
343 1313 454 1356 inis?

326 1370 675 1413 ΠΡΟΣΩΠΟΝ.
733 1371 906 1415 Praeter
951 1372 1163 1415 notionem
1195 1373 1415 1428 vulgatam
1460 1374 1567 1417 artis
1609 1388 1678 1418 vo-

191 1426 385 1469 cabulum
417 1427 480 1470 est
509 1427 553 1469 in
585 1427 778 1470 civilibus
811 1429 1156 1472 conventionibus
1188 1443 1310 1472 usum
1341 1430 1509 1474 habens.
1555 1431 1603 1474 ut
1632 1431 1675 1474 in

189 1483 494 1537 pacificationis
513 1484 791 1527 instrumento
809 1485 1003 1529 Alexium
1022 1486 1133 1530 inter
1163 1487 1204 1530 et
1222 1486 1505 1531 Baimundum
1537 1489 1677 1532 trans-

190 1540 284 1583 acto
314 1540 453 1584 videre
481 1541 543 1584 est
572 1541 645 1584 lib.
665 1552 769 1585 XIII.

324 1599 698 1642 ΠΟΛΛΛΧΟΣ.
759 1599 849 1643 Lib.
879 1610 960 1644 XV.
1006 1600 1243 1655 oppositum
1282 1602 1461 1658 μοναχῷ
1500 1602 1678 1658 plurifa-

189 1654 299 1697 rium
328 1655 530 1699 solitario.
1100 1681 1104 1686 ·

323 1713 551 1756 IIOPTH.
608 1714 739 1758 Porta
771 1714 864 1758 vide
893 1715 1138 1758 Meursium.

910 1819 955 1861 P.

324 1885 728 1928 PEBENNIKON.
776 1886 865 1929 Lib.
886 1897 931 1930 V.
963 1883 1211 1943 ρεβεννικὸν
1241 1884 1508 1943 περικόψας.
1550 1889 1677 1932 Vide-

190 1940 260 1981 tur
291 1937 538 1995 ῥεβεννικὸν
575 1955 660 1985 esse
701 1943 813 1998 quod
845 1942 1008 1987 Gallice
1043 1944 1221 1988 dicimus
1251 1945 1450 1998 Rauelin,
1491 1945 1679 1989 barricre

190 1996 265 2038 aut
293 1997 393 2052 quid
425 1998 575 2041 simile.

282 2105 292 2119 x
324 2056 538 2099 PHTOE.
599 2056 688 2100 Lib.
719 2067 765 2100 X.
807 2057 919 2101 circa
949 2058 1131 2101 medium
1165 2058 1290 2116 ῥητοὶ
1320 2055 1399 2115 γὰρ
1430 2049 1551 2117 ἦσαν.
1609 2058 1677 2101 An

189 2112 320 2164 ῥητος
358 2111 528 2155 notione
571 2113 750 2157 barbara
788 2127 861 2169 pro
901 2129 1031 2158 rarus
1065 2116 1282 2170 positum?
1339 2117 1409 2159 An
1438 2130 1464 2159 a
1494 2115 1677 2159 Graecae

189 2166 364 2221 originis
409 2169 662 2223 proprietate
707 2184 788 2214 non
835 2171 1094 2214 discessum?
1143 2174 1253 2217 certe
1294 2173 1402 2218 ratio
1445 2173 1676 2216 sententiae

189 2223 319 2282 exigit
349 2225 397 2266 ut
426 2225 553 2269 isthic
584 2227 708 2282 ῥητοὶ
737 2228 859 2283 pauci
889 2228 1096 2271 dicantur.
1156 2230 1232 2273 Est
1268 2243 1316 2273 ea
1347 2230 1506 2274 Graeca
1545 2243 1623 2272 vox
1651 2244 1676 2273 a

188 2279 353 2322 dicendi
382 2282 520 2326 verbo.
565 2283 688 2339 ῥητοὶ
718 2298 816 2340 ergo
846 2285 966 2338 forte,
1010 2298 1112 2340 quos
1149 2287 1273 2330 facile
1309 2287 1402 2343 quis
1427 2286 1605 2331 ‚dicendo
1636 2288 1677 2329 et

189 2338 444 2381 numerando
476 2341 776 2393 percensuerit3
807 2342 958 2397 quippe
989 2355 1071 2385 non
1101 2343 1258 2388 multos
1289 2344 1359 2387 sed
1390 2344 1502 2387 certo
1533 2356 1608 2386 nec
1628 2356 1674 2386 eo

189 2406 342 2448 magno
368 2397 682 2450 comprehensos
714 2411 898 2442 numero.

322 2452 497 2494 POI'A.
557 2454 647 2498 Lib.
679 2466 748 2498 ΙΙΙ.
793 2457 887 2510 post
931 2456 1116 2499 medium
1165 2453 1272 2513 ῥόγα
1314 2459 1404 2500 τῶν
1447 2454 1676 2499 δοθέντων

189 2501 329 2572 εἴκρσι
339 2501 652 2610 ίῗιῖξιῂιιιμιοὶταθῇᾱ
681 2511 945 2611 Sffipssndjum
963 2513 1244 2569 dignitatibus
1264 2515 1452 2559 debitum
1477 2506 1675 2568 οἷξιωμα-

188 2578 309 2604 τικον
368 2578 406 2607 1c
427 2578 513 2609 um.
610 2582 624 2610 1
657 2582 677 2611 e
753 2582 948 2613 eurslum.

323 2623 664 2667 ΡΟΜΨΛΙΑΙ.
723 2625 811 2669 Lib.
841 2637 870 2669 1.
931 2626 1073 2670 Gladii
1117 2628 1289 2683 quidam
1337 2627 1448 2671 circa
1486 2628 1674 2682 Impera·

130 2686 132 2688 ’
188 2676 320 2739 torem
351 2679 508 2732 gestari
530 2694 554 2723 a
576 2682 699 2724 certis
727 2683 815 2725 eius
842 2683 1118 2737 stipatoribus
1145 2685 1274 2738 soliti,
1298 2686 1347 2728 ut
1367 2684 1469 2728 olim
1497 2698 1522 2728 a
1551 2685 1675 2728 licto-

189 2732 304 2775 ribus
335 2734 465 2777 fasces
497 2738 538 2779 et
569 2751 729 2781 secures
762 2740 860 2782 ante
894 2740 1106 2784 Consules.

325 2790 740 2838 ΡΩΜΛΝΑΤΟΝ.
800 2796 890 2839 Lib.
921 2808 990 2843 ΙΙΙ.
1029 2811 1126 2853 pag.
1150 2798 1217 2841 94.
1273 2795 1557 2853 εἰργασμένου
1597 2790 1675 2851 ἆρ-

189 2844 338 2907 γυρίού
375 2846 446 2893 καὶ
473 2844 750 2905 Ῥωμανάτου
783 2852 973 2909 παλαιᾶς
1002 2853 1256 2913 ποιότητος.
1304 2854 1541 2901 Verisimile
1560 2855 1674 2900 arbi·
