1768 3152
180 251 214 284 X
771 248 1063 282 PRAEFATIO.

180 366 404 416 Allatius
452 367 504 416 in
550 366 686 415 libro
743 365 808 415 de
859 365 1040 414 eccles.
1090 363 1346 413 occident.
1402 370 1451 411 et
1495 361 1678 411 orient.

179 454 436 510 perpetua
464 445 804 494 consensione
832 442 966 502 (Col.
991 442 1216 507 Agripp.
1250 459 1294 490 a.
1329 437 1503 505 1648):
1541 439 1682 490 unde

182 540 316 590 quae
349 522 416 572 ad
456 523 678 573 eundem
718 523 912 572 librum
941 521 1202 571 decimum
1239 520 1572 587 pertinebant
1600 536 1681 568 re-

180 603 360 670 petivi.
414 612 686 667 praeterea
725 602 917 652 nullius
953 601 1107 667 pretii
1156 609 1273 649 sunt
1316 599 1572 648 librorum
1608 605 1680 644 XI.

181 688 276 728 XII.
314 689 429 732 XIII.
468 683 727 748 epitomae
774 681 828 730 in
870 680 1006 729 libro
1055 679 1314 729 Gronovii
1364 678 1681 744 superstites,

183 777 403 826 quarum
467 760 761 825 exemplum
824 778 854 809 a
908 758 1182 822 Schopeno
1243 766 1486 824 paratum
1552 756 1683 806 mihi

180 848 388 903 praesto
428 839 540 888 fuit.

318 918 556 984 Denique
601 919 884 984 scripturas
933 917 1152 982 adposui
1197 915 1440 966 editionis
1490 915 1684 982 princi-

181 997 261 1063 pis
281 993 377 1060 (P),
415 1015 547 1063 quae
586 997 885 1047 incredibili
922 996 1257 1061 neglegentia
1291 1012 1319 1043 e
1355 994 1538 1043 codice
1561 993 1683 1042 Flo·

180 1077 385 1126 rentino
424 1094 670 1143 expressa
707 1085 810 1125 est:
855 1075 1171 1141 aliquotiens
1211 1073 1454 1122 Possinus
1493 1072 1561 1122 ad
1599 1089 1683 1121 co-

181 1154 311 1205 dicis
348 1155 623 1205 Barberini
660 1156 968 1204 memoriam
1010 1153 1224 1218 refugit.

319 1233 406 1283 Ad
432 1234 853 1284 emendationem
890 1251 976 1284 sex
998 1233 1272 1283 Alexiadis
1304 1232 1559 1281 librorum
1594 1231 1684 1297 qui

180 1313 282 1363 hoc
319 1313 586 1363 volumine
626 1314 954 1363 continentur
981 1312 1216 1362 nondum
1253 1329 1467 1361 manum
1503 1310 1685 1360 admo-

180 1401 327 1443 verat
374 1392 705 1458 Schopenus:
750 1400 802 1442 at
860 1391 1346 1457 interpretationem
1397 1390 1614 1440 latinam
1654 1408 1684 1440 a

183 1471 451 1536 discipulis
508 1471 818 1537 quibusdam
874 1473 1167 1522 confectam
1228 1470 1333 1520 iam
1404 1470 1518 1534 ipse
1572 1487 1685 1519 cor-

182 1561 390 1601 rexerat
442 1551 599 1616 plane
651 1551 706 1600 in
753 1569 866 1600 eam
917 1550 1160 1601 vertendi
1204 1550 1477 1612 rationem,
1526 1565 1687 1615 quam

183 1630 396 1695 egregie
438 1630 603 1695 praef.
645 1647 697 1696 p.
749 1636 931 1676 XXVIII
981 1629 1456 1679 commendaverat.
1508 1628 1687 1694 recepi

183 1725 296 1759 eam
333 1726 430 1759 nec
465 1709 755 1776 quidquam
795 1710 994 1759 mutavi
1030 1709 1130 1759 nisi
1168 1709 1259 1759 ubi
1296 1709 1459 1758 verba
1497 1707 1684 1758 Annae

182 1788 507 1839 emendatius
528 1789 682 1853 edita,
712 1789 855 1855 quod
876 1806 1033 1855 saepe
1063 1789 1261 1839 factum
1287 1797 1377 1852 est,
1406 1796 1494 1838 aut
1520 1787 1685 1837 mani-

182 1868 302 1918 festi
339 1885 540 1918 errores
576 1867 901 1934 flagitabant.
1165 1933 1168 1939 Ι

316 1947 520 1998 Deinde
560 1958 866 2013 argumenta
902 1948 1162 1998 librorum
1200 1956 1250 1997 ct
1304 1947 1533 2011 capitum
1582 1945 1685 1996 dis-

180 2027 458 2077 tinctiones
494 2027 758 2094 Schopeni
811 2037 946 2079 sunt.
1012 2028 1154 2078 idem
1188 2027 1500 2081 Graecitatis
1549 2026 1686 2076 indi-

181 2123 293 2156 cem
353 2106 655 2157 conditurus
710 2125 775 2157 ex
815 2108 1082 2158 volumine
1139 2108 1316 2173 priore
1369 2107 1688 2157 notabiliora

182 2194 528 2250 excerpserat,
586 2187 774 2252 quibus
822 2204 921 2252 ego
964 2205 1086 2237 usus
1133 2204 1246 2236 cum
1297 2186 1452 2252 plura
1498 2186 1688 2236 omissa

182 2264 417 2315 viderem
457 2283 591 2331 quae
626 2266 931 2331 recipienda
983 2275 1165 2327 essent,
1225 2266 1413 2316 iterata
1462 2265 1687 2316 lectione

181 2352 239 2393 ut
288 2361 467 2394 curam
514 2345 862 2410 inperfectam
912 2345 1213 2412 supplerem
1262 2344 1446 2395 sedulo
1491 2344 1685 2394 studui.

242 2430 245 2433 ’
320 2422 583 2490 Schopeni
636 2424 910 2474 consilium
961 2434 1164 2474 secutus
1220 2433 1432 2488 praeter
1488 2423 1685 2473 indices

180 2520 356 2553 rerum
394 2512 443 2552 et
467 2504 751 2552 verborum
786 2521 950 2553 novos
981 2504 1241 2568 Ducangii
1282 2503 1685 2553 commentarios

181 2582 238 2631 in
275 2580 502 2644 Annam,
551 2582 692 2647 quod
742 2582 854 2632 iure
910 2582 1000 2631 ille
1052 2583 1218 2648 praef.
1274 2600 1324 2649 p.
1362 2589 1545 2628 XXVIII
1593 2599 1685 2631 no-

182 2660 289 2711 bile
313 2660 620 2711 eruditionis
635 2670 1033 2711 monumentum
1057 2679 1168 2711 esse
1193 2661 1479 2727 praedicat,
1502 2661 1688 2711 addidi

183 2757 379 2806 eosque
416 2740 589 2789 indice
625 2741 762 2804 auxi,
811 2757 967 2806 quem
1007 2758 1090 2790 me
1136 2749 1350 2791 auctore
1385 2739 1550 2790 Iulius
1589 2741 1687 2790 As-

183 2819 318 2869 bach
366 2819 608 2869 confecit.
679 2820 952 2884 Ducangio
1000 2820 1248 2884 praemisi
1297 2820 1501 2869 Possini
1546 2818 1683 2885 glos-
