1734 3120
197 197 282 239 392
753 205 900 238 PETRI
930 203 1124 238 Possim

197 321 322 363 unius
363 320 550 385 emphasi
592 318 825 374 iungantur
868 317 1135 360 institutione
1180 317 1380 371 peculiari
1426 317 1679 362 Graecorum

197 377 400 433 sequioris
430 377 534 420 aevi.
613 376 804 418 Primum
837 374 1033 417 omnium
1072 373 1264 417 Blattam
1311 374 1394 418 dici
1439 389 1679 430 purpuram

198 435 373 487 ostrum,
406 433 620 486 muricem,
652 445 701 476 ac
731 444 911 484 coccum,
942 434 1067 482 (unus
1098 430 1208 473 enim
1239 432 1431 486 populari
1462 445 1538 475 usu
1569 433 1680 476 color

197 493 348 535 rubeus
368 490 587 546 splendens
620 490 686 532 tot
706 489 799 532 istis
817 488 928 530 inter
948 500 991 530 se
1012 487 1185 530 diversis
1206 488 1400 543 signatur
1425 484 1680 543 nominibus)

196 549 378 592 blattam
408 548 582 603 inquam
612 547 695 589 dici
724 557 977 600 purpureum
1009 557 1313 600 quemcumque
1342 545 1497 598 fucum,
1528 546 1682 589 doctis-

196 606 300 649 sime
329 604 589 648 demonstrat
618 603 809 646 Andreas
838 601 1069 644 Resendius
1096 601 1169 644 lib.
1199 612 1231 645 1.
1260 601 1583 657 Antiquitatum
1597 603 1683 646 Lu-

197 662 485 714 sitanicarum,
516 662 608 703 tum
639 659 735 703 aliis
764 659 953 701 veterum
982 658 1236 702 testimoniis
1264 659 1468 712 adductis,
1498 661 1588 703 tum
1619 661 1683 702 his

199 719 362 763 Sidonii
391 718 580 762 versibus
610 717 683 760 lib.
714 726 778 759 IX.
807 715 938 770 Epist.
967 715 1021 758 ad
1052 715 1321 759 Tonantium.

604 773 856 827 Rutilasqae
881 771 989 825 ferte
1012 772 1169 815 blattas

603 831 864 885 Reeoqaente
892 843 1000 884 qaas
1027 829 1160 873 aheno

602 887 816 930 Meliboea
841 886 962 940 fucat
990 886 1109 930 unda

605 943 827 998 Opulentet
854 947 901 987 at
929 957 1094 987 meraco

602 1001 807 1045 Bibulum
834 1000 970 1044 colore
998 1000 1142 1043 vellus.
1176 1002 1254 1046 etc.

198 1061 316 1105 Idem
345 1060 575 1103 autoritate
595 1058 779 1114 Vopisci,
816 1057 1056 1112 Capitolini,
1091 1057 1300 1114 Eutropii,
1339 1060 1464 1103 Pauli
1495 1061 1686 1113 Diaconi,

198 1117 363 1169 Isidori,
400 1116 599 1160 Venantii
642 1114 880 1167 Fortunati,
925 1115 967 1157 et
1018 1114 1199 1158 aliorum
1241 1116 1424 1159 adstruit
1469 1116 1687 1169 Gretserus

200 1175 340 1218 noster
368 1174 439 1217 lib.
471 1185 521 1217 ΙΙ.
567 1172 952 1217 Observationum
941 1185 986 1214 111
1008 1171 1226 1226 001111111111,
1259 1173 1518 1226 8011111118,111
1548 1174 1685 1227 fallor,

202 1245 329 1287 quam
354 1232 403 1273 ut
431 1231 535 1274 satis
565 1229 692 1273 fuerit
721 1229 931 1272 eruditum
965 1229 1208 1284 scriptorem
1239 1230 1451 1273 Notarum
1478 1231 1689 1274 Posterio-

26 1296 116 1342 Pag.
143 1297 295 1332 38111111
324 1288 368 1330 in
398 1287 644 1341 Cedrenum,
681 1286 818 1330 tribus
857 1286 1003 1328 contra
1043 1287 1179 1330 verbis
1215 1287 1423 1352 excipere.
1460 1288 1566 1330 nihil
1603 1301 1689 1331 essc

201 1345 282 1388 nisi
311 1359 451 1401 nuyas
480 1348 519 1387 et
550 1321 710 1387 nullius
738 1343 934 1386 momenti
961 1348 1193 1387 commen-ta
1222 1358 1328 1399 quae
1354 1345 1470 1389 circa
1492 1345 1690 1388 blatteam

200 1402 377 1446 colorem
406 1403 454 1445 iol
484 1406 544 1445 est
571 1415 738 1444 roseam
767 1400 831 1443 vel
854 1414 1123 1454 purpuream
1160 1405 1198 1444 et
1231 1400 1441 1444 Graecam
1468 1400 1686 1455 βλαττίον,

199 1474 251 1503 ea)
295 1460 513 1503 nominum
556 1458 763 1502 allusione
806 1457 917 1500 velat
954 1471 975 1500 e
1014 1457 1227 1512 Delphica
1269 1458 1448 1513 tripode,
1495 1460 1691 1502 enunciat

199 1517 384 1571 sparsim
414 1515 639 1560 Gretseras
666 1516 715 1558 ‘ln
738 1513 957 1558 Godinam.
1016 1515 1068 1557 In
1097 1528 1179 1570 quo
1199 1516 1413 1570 praeterea
1437 1515 1566 1571 (quod
1591 1530 1690 1571 pace

200 1574 281 1618 viri
311 1573 424 1616 docti
456 1573 497 1616 et
529 1572 716 1628 religiosi
758 1572 918 1614 dictum
953 1571 1097 1625 velim)
1134 1573 1444 1616 humanitatem
1480 1573 1568 1616 01118
1615 1573 1691 1616 ad-

200 1643 343 1674 versus
372 1630 585 1673 hominem
616 1629 666 1672 de
696 1629 898 1684 religione
929 1640 978 1672 ac
1006 1628 1142 1671 literis
1170 1629 1274 1672 bene
1294 1629 1492 1672 meritum
1512 1631 1691 1685 requiro,

202 1687 356 1730 Afferri
387 1687 493 1730 solet
523 1686 760 1730 Cassiodori
791 1698 954 1740 quoque
995 1685 1268 1728 manifestum
1308 1686 1352 1728 in
1388 1687 1563 1730 eandem
1599 1700 1692 1729 sen-

201 1744 379 1787 tentiam
409 1743 711 1787 testimonium.
773 1741 854 1786 Sed
882 1755 947 1785 res
978 1742 1151 1786 minime
1179 1742 1307 1786 dubia
1335 1743 1587 1787 testimoniis
1608 1757 1692 1786 non

202 1802 309 1857 eget.
382 1801 543 1853 Blatta,
588 1800 741 1843 vermis
785 1812 917 1855 genus
959 1799 1119 1842 triticei
1165 1812 1214 1842 ac
1257 1800 1486 1865 ferruginei
1528 1801 1690 1853 0010118,

202 1858 453 1913 usurpatum
482 1857 569 1900 iam
600 1857 700 1900 olim
731 1857 885 1899 scimus
921 1870 995 1912 pro
1025 1870 1164 1900 verme
1209 1856 1373 1900 minuto
1418 1857 1567 1922 0010118
1612 1858 1692 1900 1111-

203 1915 444 1958 cautissime
487 1914 683 1966 flammei,
728 1927 778 1957 ac
824 1913 922 1956 viva
958 1913 1158 1957 rubedine
1202 1914 1336 1957 saturi
1367 1914 1440 1969 qui
1482 1915 1616 1957 oritur
1646 1928 1692 1957 ex

202 1972 350 2036 granis
382 1971 548 2014 fruticis
580 1971 792 2014 Arabibus
821 1970 1000 2014 Kermes
1040 1970 1168 2013 dicti:
1217 1984 1264 2013 ex
1305 1983 1386 2026 quo
1432 1972 1495 2014 est
1539 1984 1690 2014 nomen

204 2028 375 2072 celebris
419 2029 530 2083 apud
564 2028 754 2071 officinas
783 2027 966 2071 antidoti
1011 2028 1330 2082 (confectionem
1363 2028 1581 2071 Alkermes
1619 2041 1693 2071 vo-

204 2085 320 2139 cant)
353 2086 463 2140 quod
497 2085 542 2127 in
573 2098 620 2128 ea
639 2085 778 2128 locum
801 2085 868 2128 vel
887 2085 1158 2140 praecipuum
1189 2085 1343 2128 baccae
1374 2085 1499 2127 huius
1529 2084 1694 2127 fruticis

203 2142 411 2185 habeant:
447 2142 564 2185 cuius
593 2142 694 2185 item
727 2155 774 2185 ex
805 2142 973 2185 nomine
1003 2141 1227 2197 vulgatum
1257 2141 1364 2184 illud
1394 2142 1548 2185 nostris
1578 2143 1694 2185 satu-

203 2212 274 2242 rae
302 2211 510 2254 purpurae
538 2199 790 2242 vocabulum
826 2199 974 2242 natum
1019 2211 1103 2254 qua
1146 2212 1276 2254 rouye
1318 2199 1530 2254 cramoisy
1575 2199 1694 2254 quasi

204 2257 378 2298 rubrum
407 2256 705 2299 Kermesinum
735 2256 817 2299 dici
848 2256 964 2299 solet.
1014 2255 1127 2298 Hinc
1160 2256 1260 2310 quia
1303 2269 1351 2299 ex
1393 2256 1539 2311 granis
1580 2256 1693 2298 hisce

204 2313 324 2355 fucus
353 2325 584 2368 purpureus
627 2326 708 2368 quo
752 2313 887 2356 vestes
929 2312 1176 2356 inficiuntur
1219 2313 1466 2379 exprimitur
1510 2326 1694 2367 purpura

204 2370 294 2424 ipsa
322 2384 462 2425 yrana
492 2370 706 2413 Lusitanis
737 2370 913 2414 dicitur:
957 2371 1042 2413 imo
1080 2370 1121 2411 et
1157 2369 1328 2413 Graecis
1369 2366 1541 2422 κόκκος,
1582 2369 1693 2424 quod

204 2427 458 2482 genericum,
504 2439 588 2470 non
628 2427 768 2470 minus
808 2440 934 2482 quam
980 2426 1147 2479 vermis,
1192 2439 1342 2470 nomen
1389 2428 1464 2480 est,
1503 2427 1556 2470 ad
1586 2427 1695 2469 hanc

204 2485 347 2526 tamen
375 2484 552 2538 speciem
585 2496 665 2527 usu
694 2484 924 2527 addictum.
990 2484 1081 2527 Iam
1118 2484 1218 2539 quia
1253 2497 1390 2539 grana
1418 2484 1520 2527 haec
1549 2483 1695 2526 indus-

204 2540 288 2583 tria
325 2541 577 2584 infectorum
620 2542 731 2584 certo
760 2541 883 2584 modo
914 2542 955 2584 et
996 2541 1132 2596 spatio
1163 2541 1362 2595 temporis
1402 2541 1447 2584 in
1487 2541 1594 2583 areis
1625 2553 1694 2582 ex—

205 2610 347 2651 pansa,
391 2598 432 2640 et
475 2598 650 2641 subinde
696 2611 832 2653 vappa
877 2598 943 2641 vel
987 2598 1164 2641 cervisia
1206 2598 1361 2653 rigata,
1399 2598 1621 2641 vertuntur
1650 2597 1695 2638 in

206 2654 454 2697 vermiculos
483 2655 737 2719 pellucentes
768 2668 914 2698 cruore
934 2655 1220 2698 florentissimi
1250 2655 1413 2708 coloris,
1445 2667 1527 2710 quo
1559 2654 1693 2697 vestes

205 2711 393 2753 imbutae
421 2711 712 2754 amoenissime
753 2712 963 2765 fucantur,
1002 2711 1186 2755 invaluit
1229 2712 1277 2753 ut
1314 2725 1499 2778 purpura
1543 2710 1695 2754 vermis

206 2779 256 2810 ac
280 2768 533 2811 vermiculus
557 2767 800 2823 appelletur,
823 2768 980 2812 Graece
1012 2763 1131 2811 σκώλ
1162 2768 1188 2821 ξ
1204 2769 1279 2811 aut
1308 2764 1564 2827 σκωλήκιον,
1585 2767 1696 2810 1111110

207 2823 381 2882 putatur
409 2824 453 2866 in
485 2824 680 2882 vulgares
710 2825 878 2880 linguas
898 2838 1112 2870 emanasse
1131 2785 1358 2870 Zoarlacae
1385 2838 1548 2879 nomen,
1581 2823 1695 2868 Galli
