1806 3132
231 347 262 383 D

277 216 362 262 594
793 224 971 262 CAROLI
998 223 1238 261 nooman

414 338 777 399 Κουκούπετρος]
823 342 891 385 Ita
921 341 1118 385 vocatum
1149 341 1210 384 ait
1239 339 1366 383 Anna
1394 340 1568 383 Petrum
1598 340 1760 384 Eremi-

274 399 377 451 tam,
422 399 604 454 primum
647 400 688 442 et
718 399 986 454 praecipuum
1032 397 1439 452 Hierosolymitanae
1474 397 1759 451 Expeditionis

274 456 476 507 autorem,
508 456 575 499 vel
608 456 748 510 potius
777 455 1046 507 incentorem,
1090 453 1201 509 quod
1231 453 1344 496 vitae
1381 453 1579 497 instituto
1610 454 1760 496 Mona-

274 512 375 555 chus
408 513 449 555 et
477 513 664 555 Eremita
695 512 833 555 fuerit.
904 511 979 554 Est
1016 511 1126 553 enim
1166 510 1415 553 vocabulum
1448 510 1682 553 confectum
1714 523 1760 553 ex

274 569 441 612 nomine
479 568 560 612 viri
589 569 843 623 appellativo
891 568 931 610 et
964 580 1063 610 voce
1103 562 1387 609 κουκούλλιον
1418 567 1629 619 truncata,
1678 579 1759 621 qua

273 626 485 680 praeterea
515 626 652 668 utitur
681 638 775 680 pag.
798 625 894 667 486.
927 636 1032 678 quae
1053 623 1214 666 Latinis
1235 623 1443 666 cucullam
1474 623 1620 673 notat3
1650 622 1760 665 unde

273 695 370 725 vero
401 682 537 724 simile
565 682 670 724 mihi
700 681 865 725 videtur
894 681 1080 732 Petrum,
1113 683 1160 723 ut
1188 681 1290 722 tunc
1320 680 1449 735 vulgo
1479 679 1759 734 vocitabatur,

273 738 503 781 Eremitam
535 739 588 782 ab
616 738 717 793 ipsis
749 737 883 781 Gallis
910 737 1116 779 militibus
1145 736 1322 779 ioculari
1354 736 1556 779 vocabulo
1586 736 1761 779 Petrum

272 795 528 838 cucullatum
572 795 863 850 indigitatum,
895 793 1006 848 quod
1039 793 1204 836 cuculla
1235 792 1481 836 monachica
1513 793 1639 847 caput
1666 805 1761 846 ope-

274 852 386 903 riret,
430 851 781 906 quemadmodum
826 850 867 893 S.
898 850 1154 892 Aimilianus
1199 849 1416 892 Confessor
1460 850 1501 892 et
1530 849 1760 892 Monachus

274 908 571 951 Benedictinus
600 908 644 950 in
675 908 761 950 eius
789 907 891 958 vita,
924 907 966 949 et
995 906 1145 949 Petrus
1175 906 1439 949 Abaelardus
1469 906 1707 961 appellatur
1737 918 1762 948 a

274 964 457 1007 Fulcone
489 964 635 1007 Priore
662 963 822 1019 Diogili
866 964 911 1005 in
941 963 1144 1017 Epistola,
1191 975 1297 1018 quae
1345 963 1591 1006 inscribitur
1633 962 1760 1005 Petro

274 1020 493 1064 cucullato.
556 1021 778 1063 Enimvero
810 1020 1064 1062 Monachum
1091 1019 1217 1062 fuisse
1238 1019 1411 1062 Petrum
1443 1019 1633 1062 scribunt
1662 1019 1761 1061 Flo-

274 1077 433 1120 rentius
463 1077 798 1132 Wigorniensis,
818 1076 1033 1119 Conradus
1063 1076 1207 1118 Abbas
1239 1076 1514 1131 Uspergensis
1558 1076 1598 1118 et
1620 1075 1759 1118 Autor

276 1133 470 1176 Chronici
497 1133 768 1176 Hildesheim.
828 1132 916 1175 Alii
946 1132 1214 1176 Sacerdotem
1245 1133 1286 1175 et
1316 1132 1549 1175 Eremitam
1575 1131 1761 1181 faciunt3

274 1190 475 1233 Albertus
507 1191 588 1245 Aq.
618 1190 690 1233 lib.
715 1191 751 1232 1.
797 1189 909 1231 Hist.
940 1189 1104 1232 Hieros.
1137 1201 1224 1243 cap.
1248 1190 1286 1231 2.
1353 1188 1561 1233 Sacerdos
1590 1188 1762 1244 quidam

274 1245 428 1290 Petrus
455 1248 632 1299 nomine,
684 1246 894 1301 quondam
937 1245 1141 1288 Eremita.
1202 1246 1442 1288 Willelmus
1481 1246 1579 1301 Tyr.
1626 1245 1699 1288 lib.
1724 1246 1760 1287 1.

276 1315 364 1357 cap.
389 1304 454 1346 11.
487 1304 558 1358 qui
587 1317 633 1346 re
665 1308 703 1346 et
731 1303 975 1358 coynomine
1004 1302 1379 1357 coynominabatur
1407 1302 1613 1345 Eremita.
1657 1301 1762 1345 Gui-

275 1360 417 1403 bertus
447 1360 519 1403 lib.
542 1361 580 1402 2.
634 1372 722 1414 cap.
745 1360 783 1402 8.
834 1373 951 1413 quem
982 1373 1033 1401 ex
1063 1359 1175 1410 urbe,
1220 1360 1267 1402 ni
1290 1359 1436 1413 fallor,
1483 1358 1763 1401 Ambianensi

275 1420 412 1459 ortum
440 1417 488 1459 in
530 1417 741 1470 superiori
780 1416 918 1459 nescio
959 1429 1042 1470 qua
1069 1415 1314 1459 Galliarum
1357 1419 1481 1470 parte
1522 1415 1763 1458 solitariam

273 1473 349 1515 sub
370 1473 515 1516 habitu
530 1473 781 1515 Monachico
801 1473 932 1515 vitam
955 1473 1125 1515 duoeisse
1145 1473 1437 1526 comperimus.
1459 1472 1557 1515 Mox
1577 1471 1760 1515 eiusdem

274 1529 391 1572 Petri
421 1530 630 1573 cucullam
661 1531 702 1572 et
727 1530 861 1572 vestes
894 1529 1140 1581 describens,
1171 1529 1296 1572 lanea
1326 1530 1471 1572 tunica
1502 1529 1559 1572 ad
1584 1542 1756 1582 purum,

274 1586 434 1629 cucullo
463 1600 602 1640 super,
634 1587 821 1640 utrisque
849 1585 1070 1636 talaribus,
1101 1585 1254 1640 byrrho
1284 1586 1462 1640 desuper
1491 1585 1759 1629 induebatur.

276 1642 466 1698 Denique
494 1643 646 1686 Petrus
675 1642 879 1698 Angelius
913 1642 1132 1697 Burgaeus
1169 1642 1242 1685 lib.
1268 1644 1305 1685 1.
1339 1642 1560 1698 Syriados:

989 1698 1078 1742 Nec
1109 1700 1318 1754 sanquine
1347 1702 1483 1742 cretus

479 1755 674 1811 Obscuro,
702 1755 838 1799 solum
867 1756 1021 1798 montis
1046 1757 1211 1798 secessit
1239 1757 1287 1799 in
1317 1759 1501 1809 antrum,

479 1811 584 1856 Cum
604 1813 798 1866 primum
828 1812 1002 1856 obduxit
1031 1815 1196 1855 teneras
1227 1812 1429 1867 lanuyine
1458 1811 1608 1855 malas.

274 1869 367 1912 Iam
398 1882 495 1912 vero
526 1869 638 1924 quod
659 1869 832 1912 Petrum
862 1869 907 1911 in
937 1868 1139 1922 superiori
1160 1868 1400 1912 Galliarum
1429 1870 1549 1924 parte
1578 1867 1763 1911 eremiti-

276 1938 369 1968 cam
399 1926 563 1968 duxisse
589 1926 722 1969 vitam
752 1925 814 1968 ait
835 1924 1074 1977 Guibertus,
1104 1925 1265 1968 firmari
1296 1925 1461 1969 videtur
1489 1938 1536 1968 ex
1557 1924 1761 1968 Chronico

277 1981 474 2026 Canonici
494 1982 792 2033 Landunensis,
823 1982 868 2024 in
900 1993 982 2036 quo
1014 1982 1224 2034 narratur,
1253 1981 1427 2025 Petrum
1445 1981 1682 2025 Eremitam
1713 1981 1764 2023 de

274 2039 488 2082 territorio
518 2037 794 2081 Ambianensi
828 2040 975 2092 primo
1004 2038 1262 2081 Monachum
1293 2039 1409 2092 apud
1440 2038 1485 2082 S.
1515 2038 1763 2093 Riyaudum

274 2095 322 2138 in
347 2095 524 2138 Foresio
556 2095 702 2150 eyisse,
727 2099 876 2149 postea
904 2094 1227 2138 Pradicatorem
1272 2095 1469 2148 effectum,
1513 2098 1633 2138 tanta
1677 2107 1763 2137 coe-

266 2152 385 2205 pisse
414 2152 672 2206 populorum
696 2152 963 2209 multitudine
991 2151 1162 2203 vallari,
1204 2155 1263 2195 tot
1293 2152 1399 2195 caeli
1426 2151 1669 2194 muneribus
1692 2151 1762 2193 do-

275 2209 386 2263 nari,
417 2209 549 2251 tantis
578 2209 754 2263 denique
772 2209 1013 2252 sanctitatis
1033 2209 1282 2262 praeconiis
1311 2208 1552 2263 acclamari,
1581 2211 1627 2250 ut
1653 2206 1762 2250 mul-

275 2268 342 2307 tae
371 2266 523 2308 aetatis
550 2265 736 2308 homines
766 2279 852 2308 non
880 2266 1146 2308 meminerint
1179 2266 1334 2308 honore
1364 2265 1496 2308 simili
1527 2265 1763 2319 quempiam

275 2321 475 2364 habitum.
549 2321 629 2365 Sed
672 2335 803 2377 neque
832 2322 1000 2365 videtur
1045 2322 1319 2376 improbanda
1359 2334 1501 2364 eorum
1541 2320 1761 2372 sententia,

277 2378 350 2432 qui
371 2378 544 2421 Petrum
572 2378 726 2432 putant
755 2379 799 2420 in
828 2378 919 2433 ipsa
947 2378 1138 2421 Dioecesi
1159 2378 1446 2430 Ambianensi,
1479 2377 1588 2420 unde
1619 2377 1656 2420 ei
1687 2389 1764 2419 na-

276 2434 396 2486 tales,
439 2447 522 2477 non
552 2447 647 2478 vero
688 2447 735 2478 ex
762 2435 981 2490 Hispania,
1019 2435 1068 2477 ut
1097 2435 1159 2478 est
1186 2435 1298 2489 apud
1327 2434 1599 2477 Helmoldum
1628 2433 1699 2476 lib.
1726 2434 1761 2476 1.

278 2502 366 2544 cap.
387 2491 454 2533 31.
506 2491 547 2533 et
581 2491 784 2534 Autorem
823 2491 1030 2534 incertum
1076 2491 1290 2534 Historiae
1335 2491 1527 2535 Sclavon.
1574 2503 1662 2544 cap.
1697 2490 1760 2532 14.

277 2546 410 2589 vitam
441 2547 697 2590 eremiticam
727 2548 922 2600 induisse,
955 2561 1051 2591 cum
1078 2548 1224 2591 doceat
1243 2547 1352 2591 idem
1373 2546 1599 2591 Guibertus
1629 2546 1701 2589 lib.
1724 2547 1762 2588 3.

278 2602 328 2644 de
360 2602 449 2645 vita
486 2616 561 2646 sua
605 2616 693 2658 cap.
718 2604 782 2646 14.
815 2604 958 2648 eadem
1001 2604 1092 2659 ipsa
1137 2604 1385 2658 tempestate
1415 2603 1623 2647 Eremitas
1658 2602 1763 2645 exti-

277 2658 376 2700 tisse
402 2658 446 2700 in
466 2659 739 2703 Ambianensi
762 2661 989 2704 territorio.
1040 2661 1198 2713 Vitam,
1242 2673 1308 2703 res
1339 2660 1480 2716 gestas
1513 2660 1555 2702 et
1583 2659 1763 2702 mortem

278 2713 395 2756 Petri
426 2717 587 2768 praeter
620 2729 759 2759 rerum
794 2717 1273 2772 Hierosolymitanarum
1300 2716 1531 2771 Scriptores
1562 2714 1763 2770 perstrin-

278 2771 385 2825 gunt
414 2771 630 2815 Albericus
651 2773 695 2814 in
716 2772 867 2816 Chron.
889 2773 971 2816 An.
991 2783 1091 2817 MOI.
1112 2783 1279 2818 MCXVI.
1311 2773 1353 2816 et
1371 2782 1574 2817 MCCVIII.
1595 2771 1638 2815 S.
1659 2772 1763 2814 Ber-

278 2826 434 2870 nardus
474 2828 606 2883 Epist.
626 2830 721 2872 322.
753 2829 958 2884 Aegidius
987 2830 1217 2873 Monachus
1247 2829 1412 2873 Aureae
1432 2829 1567 2873 Vallis
1605 2828 1651 2871 in
1686 2828 1761 2883 Ep.
