1780 3138
252 255 334 301 152·
775 262 941 299 ANNAE
971 260 1239 298 COMNENAE

249 384 403 441 τηγῶν,
435 384 526 426 τῶν
550 377 821 439 πραγμάτων
850 375 1155 437 ἡσυχαζόντων
1175 371 1336 428 αὖτοὺς
1359 375 1615 433 ἐξεπίτηδες
1643 369 1743 419 ἀνε-

250 450 446 507 ρεθίζειν
473 447 580 502 τούς
611 448 743 505 πέριξ
771 445 834 499 εἰς
862 443 1074 502 πόλεμον.
1118 441 1266 503 εἰρήνη
1296 444 1377 500 μὲν
1396 440 1480 501 γάρ
1501 442 1629 495 τέλος
1650 443 1744 488 ἐστὶ

248 518 450 575 πολέμου
483 513 663 569 παντός,
709 514 762 560 τό
798 516 836 559 δ’
875 509 1152 558 ἀνθελέσθαι
1191 509 1259 556 ἀεὶ
1298 506 1497 556 αὐτόθεν
1532 509 1584 555 τό
1616 508 1742 555 ἕνεκά

247 604 327 630 του
343 607 365 630 ιιι
384 586 458 630 καὶ
477 586 556 630 τοῦ
582 580 757 643 ἀγαθοῦ
785 583 939 635 τέλους
958 578 1028 626 ἀεὶ
1051 576 1242 637 ἀμελεῖν,
1271 583 1405 624 τοῦτο
1426 575 1628 638 ἀνοήτων
1650 580 1744 624 ἐστὶ

249 654 504 713 στρατηγῶν
548 654 621 697 καὶ
660 653 932 710 δημαγωγῶν
971 652 1043 694 καὶ
1088 644 1282 706 ι’)’λεθρον
1313 648 1778 706 πραγματευομένων5

248 726 330 781 τῆς
368 721 557 775 πόλεως.
625 717 718 765 ἀλλ’
758 718 781 764 ὁ
820 717 1032 776 βασιλεῦς
1070 714 1268 773 Ἀλέξιος
1321 713 1579 762 τοιῗναντίον
1625 714 1745 761 ἅπαν

250 791 397 835 ἐποίει
424 791 496 834 καὶ
515 792 595 834 τοῦ
616 785 854 846 εἰρηνεύειν
885 784 1089 839 ἐκτόπως
1122 787 1384 842 ἐπεμελεῖτο
1415 786 1488 830 καὶ
1518 805 1544 828 ae
1575 789 1744 842 παροῦ-

207 869 331 904 Βσαν
359 855 429 903 ἀεὶ
459 854 745 912 πανταχόθεν
775 858 946 911 συνεῖχε
982 856 1053 899 καὶ
1094 851 1296 913 ἀπούσης
1328 851 1602 913 ἐπηγρύπνει
1633 855 1744 898 πολ-

249 925 391 981 λάκις,
425 923 554 979 ὅπως
584 924 840 969 ἐπανέλθοι.
905 924 977 968 καὶ
1019 915 1070 984 ἦν
1113 921 1136 967 ὁ
1173 918 1307 976 αὐτὸς
1350 920 1461 967 κατὰ
1501 919 1636 982 φύσιν
1665 922 1745 979 μέν

249 992 478 1054 εἰρηνικός,
512 989 846 1051 ἀναγκαζόντων
876 992 924 1035 δέ
952 995 1042 1036 τῶν
1066 988 1340 1049 πραγμάτων
1364 988 1772 1048 πολεμικώτατος]

248 1064 321 1108 καὶ
346 1061 470 1121 ἔγωγ’
494 1059 548 1106 ἂν
567 1062 703 1121 φαίην
724 1058 1015 1117 θαρρούντως
1045 1060 1149 1118 περὶ
1181 1062 1261 1103 τοῦ
1286 1054 1446 1116 ἀνδρὸς
1468 1059 1651 1115 ἐκείνου,
1683 1057 1745 1112 ὠς

94 1138 138 1176 V.
165 1139 236 1176 284
247 1125 333 1189 ἄρα
352 1134 432 1175 τοῦ
451 1131 681 1187 βασιλικοῦ
700 1131 974 1188 χαρακτῆρος
997 1129 1167 1172 πολλοῦ
1188 1124 1347 1185 χρόνου
1368 1125 1745 1180 καταλελοιπότος

246 1197 301 1243 τὰ
316 1196 641 1255 τῶνῬωμαίων
653 1198 867 1253 βασίλεια,
888 1197 957 1241 ἐπ’
971 1192 1109 1242 αι”τοῦ
1123 1197 1195 1241 καὶ
1210 1194 1350 1253 μόνου
1369 1196 1744 1254 ἐπανεληλυθέναι-

246 1264 419 1324 τρόπον
448 1263 546 1310 τινά
568 1263 671 1309 τότε
691 1265 886 1321 πρώτως
909 1267 962 1325 τῇ
979 1262 1208 1321 Ῥωμαίων
1228 1263 1439 1323 ἡγεμονίᾳ
1460 1264 1744 1321 ἐπιξενουμέ-

247 1353 324 1380 νου
355 1354 429 1381 *κε*
458 1329 550 1378 ἀλλ’
580 1331 693 1392 ὅπερ
717 1332 867 1390 ἔλεγον
894 1335 972 1376 τοῦ
991 1330 1124 1390 λόγου
1142 1329 1377 1391 ἀρχομένη,
1409 1330 1478 1377 ὅτι
1499 1329 1773 1389 θαυμάζειν]

249 1402 337 1459 ἔχω
368 1405 447 1464 τῆν
478 1399 696 1460 τοσαύτην
723 1406 813 1445 τῶν
843 1398 1115 1459 πραγμάτων
1133 1404 1223 1445 τῶν
1246 1403 1504 1458 πολεμικῶν
1526 1400 1742 1457 ἐπίχυσιν.

208 1469 301 1518 Οτά
315 1488 363 1515 τε
383 1470 461 1529 γὰρ
481 1469 567 1526 ἔξω
587 1472 657 1514 καὶ
673 1464 836 1514 τᾶνδον
850 1466 995 1513 πάντα
1011 1461 1062 1529 ἦν
1080 1468 1191 1514 ἰδεῖν
1206 1467 1506 1527 κυμαινόμενα
1522 1467 1742 1525 πανταχό-

246 1543 343 1584 θεν.
407 1532 498 1581 ἀλλ’
527 1535 554 1582 δ’
582 1554 629 1595 γε
660 1534 866 1594 βασιλεὺς
885 1532 1084 1593 Ἀλέξιος
1103 1538 1175 1581 καὶ
1196 1536 1250 1581 τά
1277 1537 1425 1596 ἀφανῆ
1449 1541 1540 1582 τῶν
1567 1538 1744 1594 ἐχθρῶν

246 1608 319 1651 καὶ
347 1603 513 1665 κρύφια
542 1607 615 1650 καὶ
654 1605 973 1667 προῃσθάνετό
1017 1625 1065 1652 τε
1111 1607 1184 1651 καὶ
1214 1608 1525 1659 παντοδαποῖς
1553 1603 1743 1665 μῃχανή-

244 1691 354 1732 μασι
384 1672 543 1733 πόρρω
575 1673 654 1728 τὰς
682 1673 851 1731 βλάβας
881 1671 1107 1734 ἀπήλαυνε
1147 1677 1219 1720 καὶ
1258 1674 1376 1732 πρὸς
1411 1674 1521 1728 τούς
1553 1674 1778 1720 ἔνδοθενὲῖ

243 1740 482 1798 τυράννους
499 1743 572 1787 καὶ
601 1741 720 1799 προς
739 1742 844 1797 τοὺς
869 1743 1043 1799 ἔξωθεν
1065 1742 1319 1802 βαρβάρους
1342 1740 1745 1802 ἀνταγωνιζόμενος

382 1844 413 1877 1.
440 1838 569 1880 αὐτοὺς
593 1841 634 1887 F,
661 1838 770 1880 αὐτὸς
796 1841 835 1877 Ρ.
973 1843 1007 1877 4.
1034 1842 1204 1879 lacunam
1224 1842 1388 1889 signavi:
1415 1843 1596 1889 πολεμεῖν
1621 1841 1679 1878 vel
1696 1842 1743 1877 si-

381 1890 468 1926 mile
486 1891 641 1926 verbum
660 1890 868 1927 intercidit.
994 1892 1027 1926 7.
1055 1892 1226 1927 lacunam
1246 1891 1404 1938 signavi.
1528 1892 1561 1926 9.
1589 1891 1741 1927 ἐπανέλ-

379 1943 441 1974 θοι
456 1939 499 1984 F,
517 1939 722 1986 ἔπανέχθοι
738 1938 779 1974 Ρ.
890 1941 945 1974 11.
960 1939 1078 1985 ἔγωγε
1093 1940 1134 1976 F.
1244 1942 1299 1975 14.
1314 1935 1470 1988 πρώτως
1481 1939 1524 1986 -F,
1542 1940 1688 1986 πρῶτος
1700 1938 1741 1974 Ρ.

383 1989 438 2023 15.
465 1988 760 2034 ἔπιξενουμένου.
786 1985 880 2034 ἀλλ’]
906 1989 1007 2023 inter
1031 1989 1123 2024 haec
1147 1988 1263 2024 verba
1291 1991 1402 2024 unlus
1432 1987 1511 2024 fere
1531 2000 1659 2024 versus
1685 1999 1742 2023 ra-

380 2047 466 2071 sura
484 2037 523 2071 in
540 2036 571 2071 F
586 2039 660 2072 est:
687 2036 858 2072 lacunam
877 2037 1036 2083 signavi.
1178 2038 1232 2072 17.
1257 2034 1397 2073 τὶἔνδον
1418 2036 1488 2082 FC,
1513 2035 1557 2072 τὰ
1576 2037 1687 2073 ἔνδον
1701 2036 1740 2072 Ρ.

244 2120 393 2154 tuantes
430 2118 699 2155 summovebat.
755 2119 940 2155 malorum
986 2122 1044 2155 est
1082 2120 1183 2155 enim
1223 2119 1376 2166 ducum,
1414 2119 1526 2156 rebus
1567 2119 1741 2155 omnibus

244 2166 390 2211 pacatis
430 2166 531 2202 ultro
570 2170 701 2213 gentes
738 2166 918 2204 finitimas
956 2168 1004 2204 ad
1049 2168 1189 2204 bellum
1228 2169 1400 2205 incitare.
1449 2180 1524 2214 pax
1562 2168 1742 2214 cuiusque

245 2214 333 2250 belli
366 2213 451 2251 finis
483 2217 560 2258 est3
613 2215 677 2251 sed
713 2215 804 2251 belli
837 2228 966 2252 causas
1005 2219 1145 2253 temere
1185 2229 1366 2264 quaerere
1399 2217 1519 2253 salute
1550 2216 1740 2252 communi

245 2262 463 2309 posthabita
513 2266 571 2299 est
618 2264 915 2310 imprudentium
959 2265 1096 2302 ducum
1146 2269 1185 2301 et
1231 2266 1428 2302 hominum
1477 2265 1740 2301 seditiosorum

245 2312 498 2358 omniumque,
535 2311 601 2358 qui
630 2313 797 2349 civitatis
834 2314 1041 2360 perniciem
1076 2313 1298 2351 moliuntur.
1349 2314 1414 2350 sed
1439 2314 1596 2351 Alexius
1626 2314 1740 2359 impe·

243 2362 350 2395 rator
388 2363 521 2396 contra
570 2372 724 2406 prorsus
768 2360 937 2398 faciebat.
1008 2374 1170 2409 namque
1207 2364 1311 2410 pacis
1358 2367 1439 2399 erat
1477 2363 1536 2400 vel
1578 2363 1740 2398 maxime

247 2407 448 2454 studiosus,
474 2419 601 2454 quam,
629 2408 741 2444 simul
769 2421 812 2445 ac
837 2411 1067 2456 conciliavit,
1098 2413 1203 2447 omni
1233 2423 1304 2458 ope
1329 2411 1516 2455 servabat,
1544 2411 1739 2447 turbatam

244 2467 334 2492 vero
359 2458 404 2491 ut
427 2456 717 2503 redintegraret,
751 2469 898 2505 semper
931 2459 1167 2506 invigilabat.
1217 2463 1331 2506 atque
1362 2463 1501 2496 natura
1531 2462 1612 2495 erat
1637 2460 1740 2505 pacis

244 2505 531 2550 amantissimus,
570 2508 610 2541 at
647 2517 731 2542 cum
772 2509 945 2554 tempora
984 2508 1238 2554 postulabant,
1281 2508 1381 2544 idem
1420 2508 1738 2545 bellicosissimus.

245 2563 361 2598 quare
385 2553 556 2599 equidem
581 2553 628 2589 de
652 2554 736 2590 viro
767 2555 831 2592 illo
857 2555 1047 2592 affirmare
1073 2556 1175 2593 haud
1201 2557 1469 2603 dubitaverim,
1503 2557 1739 2592 maiestatem

244 2599 399 2646 regiam,
430 2613 525 2648 quae
554 2613 622 2648 per
653 2603 807 2650 longum
833 2606 983 2651 tempus
1009 2617 1031 2641 a
1064 2606 1169 2652 regia
1194 2606 1365 2642 Romana
1400 2605 1549 2651 afuerit,
1586 2606 1626 2641 in
1657 2605 1739 2651 ipso

245 2649 323 2684 solo
360 2650 638 2696 quodammodo
675 2653 927 2698 comparuisse
958 2657 997 2689 et
1035 2655 1143 2700 quasi
1169 2654 1360 2700 hospitem
1385 2654 1597 2690 Romanum
1622 2654 1739 2699 impe-

243 2697 344 2732 rium
369 2700 451 2733 tum
485 2699 651 2744 primum
676 2700 847 2736 visitasse
884 2717 948 2733 n*
984 2702 1049 2737 sed
1080 2705 1123 2738 ut
1153 2702 1314 2749 redeam,
1350 2703 1450 2738 unde
1480 2714 1614 2738 exorsa
1638 2713 1736 2737 sum:

242 2745 380 2781 merit-0
422 2747 540 2782 miror
571 2750 715 2783 tantam
751 2749 972 2785 bellicorum
1004 2751 1237 2786 tumultuum
1270 2751 1554 2796 abundantiam,
1589 2762 1674 2787 cum
1700 2753 1739 2785 et

244 2793 346 2829 domi
371 2796 410 2829 et
438 2794 528 2830 foris
555 2799 691 2831 cuncta
717 2795 994 2834 fluctuaverint.
1045 2799 1198 2834 Alexius
1224 2802 1349 2836 autem
1375 2801 1585 2846 imperator
1610 2809 1739 2834 omnes

242 2841 409 2878 hostium
440 2843 736 2880 machinationes
763 2845 927 2882 occultas
958 2849 996 2882 et
1022 2847 1274 2884 clandestinas
1300 2848 1489 2894 praevidit
1519 2859 1657 2894 eaeque
1690 2857 1737 2882 ne

242 2893 421 2927 nocerent
444 2892 549 2928 varia
583 2895 665 2928 arte
689 2893 799 2939 cavit,
835 2895 889 2930 ita
921 2897 964 2930 ut
989 2895 1181 2932 intestinis
1205 2898 1376 2943 tyrannis
1408 2895 1620 2943 exterisque
1652 2896 1738 2932 bar·
1763 2915 1780 2922 κ
