1806 3132
537 232 592 267 m
618 231 906 268 ALmADEM
934 234 1097 269 norm
1465 227 1550 272 569

78 342 287 405 φθαρτός
316 345 446 400 ἐστιν,
476 346 550 390 καὶ
575 341 806 400 ἆδιάλυτος
832 347 959 405 μέχρι
981 352 1062 393 τοῦ
1085 351 1171 403 νῦν,
1205 352 1283 409 τῆς
1308 346 1551 408 ἅειπαρθὲ-

77 420 156 448 νου
182 401 235 447 τὸ
263 406 420 459 θαῦμα
448 406 606 462 σαφῶς
639 402 924 460 κηρύττω-σα.
1009 407 1070 450 Α1
1113 409 1223 464 quod
1265 409 1401 453 Ioelus
1445 410 1550 464 περὶ

77 456 337 518 ἀφθαρσίας
368 474 496 505 zonae
524 461 733 517 Deiparae
760 463 917 514 scribit,
962 464 1006 507 id
1038 465 1164 508 etiam
1208 465 1363 509 habent
1390 467 1551 523 Euthy-

76 519 188 562 mins
215 519 258 563 et
287 517 521 563 Germanus
551 519 671 562 Patr.
703 519 783 563 GP.
814 520 1002 564 oratione
1032 534 1126 564 mox
1153 521 1375 566 laudanda.
1416 523 1551 579 Syna-

76 575 193 620 xaria
222 575 276 619 ad
305 575 346 618 2.
375 575 486 631 Aug.
518 576 676 619 vestem
711 577 754 619 et
795 589 942 620 zonam
984 577 1028 620 in
1072 578 1215 621 eadem
1259 579 1440 633 capsula,
1479 592 1552 623 seu

75 631 476 733 31113111ἓὲ
488 632 954 733 ’1130111οὸ11ἓέἓῖἓὲ
984 647 1082 733 ‘3¹13
1108 635 1551 735 θῖῗέἐέἐὲἔὲἓῇοἳῗέἓ

75 745 409 845 aare&
435 745 594 845 ammo
618 746 1397 858 emmens
1429 705 1552 848 tc·

77 858 226 902 Leonis
251 858 496 914 Philosophi
514 859 787 914 Imperatoris
816 873 997 911 uxorem,
1029 873 1125 902 cum
1154 874 1179 903 3
1211 860 1411 904 daemone
1428 874 1552 904 vexa—

75 915 203 966 retur,
233 914 376 958 divino
407 915 614 959 monitam
644 916 826 968 oraculo,
863 916 899 959 si
935 929 1054 959 sacra
1085 917 1289 971 Deiparae
1317 917 1396 960 sibi
1425 931 1552 972 appo-

77 972 247 1015 neretur
277 983 394 1024 zona,
434 972 523 1015 fore
565 973 615 1015 ut
654 972 927 1016 liberaretur:
971 986 1066 1015 mox
1108 973 1293 1026 Augusti
1334 975 1551 1029 praecepto

75 1028 277 1083 adaperta
306 1041 443 1084 capsa,
474 1028 521 1071 in
550 1041 598 1072 ea
630 1030 836 1083 repertam
856 1029 1063 1084 Deiparae
1090 1042 1251 1082 zonam,
1281 1034 1406 1073 aurea
1435 1030 1554 1084 sigil-

74 1085 210 1128 latam
237 1084 368 1138 bulla,
398 1098 494 1128 cum
517 1085 723 1137 codicillo,
753 1099 825 1129 seu
853 1086 982 1138 brevi,
1011 1099 1182 1137 annum,
1211 1086 1486 1129 Indictionem
1511 1087 1553 1130 et

75 1141 186 1185 diem
214 1142 464 1193 continente,
499 1142 650 1197 quibus
679 1141 1087 1197 Constantinopolim
1117 1143 1260 1195 allata,
1291 1143 1333 1186 et
1360 1143 1405 1185 in
1429 1155 1552 1196 capsa

76 1198 131 1242 ab
157 1198 247 1253 ipso
277 1198 534 1254 Imperatore
557 1198 747 1254 deposita
776 1199 932 1242 fuerat:
972 1212 1055 1254 qua
1085 1199 1252 1254 quidem
1281 1212 1385 1242 zona
1414 1212 1439 1243 a
1467 1200 1551 1243 Pa-

73 1254 261 1298 triarcha
287 1267 414 1310 supra
429 1255 651 1311 Augustae
680 1268 828 1310 corpus
858 1269 1035 1310 expansa
1066 1256 1108 1299 et
1126 1256 1343 1310 explicata,
1373 1256 1417 1299 in
1444 1256 1553 1311 pris-

72 1311 208 1354 tinam
236 1310 314 1354 illa
338 1311 510 1355 redierit
538 1312 777 1363 sanitatem,
809 1325 891 1367 quo
919 1312 1032 1356 facto
1061 1325 1180 1355 sacra
1199 1325 1302 1355 zona
1321 1313 1366 1355 in
1385 1325 1552 1366 capsam

74 1380 243 1411 rursum
271 1367 407 1412 relata
434 1368 575 1412 fuerit.
633 1369 694 1412 Ex
722 1369 814 1420 hac,
842 1369 1029 1424 inquam,
1056 1369 1296 1412 narratione
1335 1369 1553 1412 manifeste

74 1425 192 1480 patet
219 1437 436 1480 perperam
467 1425 699 1481 Synaxaria
731 1426 1015 1469 inventionem
1058 1426 1187 1469 vestis
1216 1426 1258 1468 31
1298 1438 1425 1469 zonae
1453 1425 1553 1468 Dei-

74 1493 201 1535 parae
229 1480 412 1525 Arcadio
442 1482 722 1536 adscripsisse,
754 1496 778 1526 a
803 1495 886 1537 quo
915 1482 968 1525 ad
998 1482 1173 1525 Leonem
1209 1482 1418 1526 intersunt
1453 1481 1552 1524 anni

75 1538 125 1581 P.
159 1537 218 1581 M.
241 1547 454 1582 CDLXXX.
513 1538 595 1583 Sed
636 1552 770 1594 neque
812 1539 925 1582 idem
964 1551 1168 1581 annorum
1200 1548 1310 1582 CDX.
1354 1550 1552 1581 numerus

75 1593 332 1647 Pulcheriae,
350 1595 419 1638 cui
434 1595 623 1639 eamdem
641 1596 962 1639 translationem
978 1595 1131 1638 tribuit
1149 1595 1422 1649 Nicephorus,
1454 1607 1553 1637 con-

75 1651 217 1694 venire
244 1651 394 1706 potest,
434 1665 542 1707 quae
570 1653 742 1695 excessit
770 1652 823 1695 A.
852 1651 926 1695 Ch.
957 1661 1121 1695 CDLm.
1152 1664 1177 1694 a
1209 1664 1290 1706 quo
1321 1651 1375 1694 ad
1403 1651 1551 1694 Leonis

74 1707 378 1762 Principatum,
407 1721 531 1764 quem
570 1709 643 1752 ille
675 1709 774 1751 iniit
818 1708 870 1751 A.
913 1718 1236 1752 DCCCLXXXVI.
1281 1707 1554 1750 numerantur

75 1763 175 1807 anni
204 1774 403 1808 CDXXJX.
434 1765 608 1820 proinde
635 1766 769 1809 satius
798 1764 980 1809 Cedreno
1010 1764 1134 1807 fidem
1161 1764 1312 1807 habere
1356 1763 1550 1807 scribenti

74 1821 359 1864 inventionem
386 1822 429 1865 et
455 1822 777 1866 translationem
808 1822 943 1865 factas
972 1821 1024 1864 A.
1054 1821 1204 1864 Leonis
1234 1820 1292 1863 Μ.
1321 1830 1439 1864 XVII.
1469 1832 1551 1874 quo

74 1877 147 1920 ille
174 1877 293 1928 obiit,
322 1878 403 1922 hoc
432 1879 508 1930 est,
540 1878 697 1922 Christi
730 1888 960 1922 GDLXXIV.
988 1891 1013 1920 a
1041 1890 1123 1932 quo
1150 1877 1203 1920 ad
1236 1876 1406 1919 initium
1435 1876 1551 1930 prin-

2 1947 7 1950 ·
77 1933 240 1988 cipatus
267 1934 417 1978 Leonis
444 1935 689 1990 Philosophi
718 1935 819 1978 anni
848 1934 1057 1977 intersunt
1077 1943 1225 1977 cDXH.
1273 1933 1402 1976 Extat
1416 1932 1551 1975 Theo-

74 1989 166 2033 dori
198 1991 436 2047 Presbyteri
463 1991 647 2048 Magnae
678 1992 887 2035 Ecclesiae
925 1986 1054 2045 λόγος
1088 1985 1402 2044 διαλαμβάνων,
1445 1987 1550 2030 καθ’

75 2040 127 2087 ὃν
159 2042 187 2102 ἦ
216 2048 296 2105 τῆς
322 2043 607 2104 Θεομὴτορος
643 2046 784 2106 ἐσθὴς
814 2047 868 2106 τῇ
906 2045 1099 2100 βασιλίδι
1126 2047 1215 2088 τῶν
1241 2041 1418 2087 πόλεων
1447 2043 1551 2087 ἐπε-

75 2098 279 2159 δήμησεν.
335 2104 417 2148 Sed
456 2105 500 2149 et
528 2105 734 2149 Simeonis
761 2104 1071 2159 Metaphrastae
1098 2103 1320 2154 Homiliae‚
1349 2114 1474 2157 quam
1503 2100 1549 2143 in

75 2159 281 2228 Deiparae
320 2161 490 2205 laudem
538 2162 795 2228 conscripsit,
849 2160 1001 2226 titulus
1054 2160 1286 2227 concipitur
1327 2156 1433 2212 περὶ
1463 2158 1551 2226 ,τῆς
1562 2159 1806 2219 ΑΠεμίῃΒία

74 2215 1181 2330 mmm§zesszfmzffsssszffegaxz‘
1210 2210 1551 2325 31111111
1609 2208 1781 2297 {m

74 2342 118 2372 se
146 2342 212 2373 133
241 2330 406 2384 habeat,
434 2331 480 2374 id
505 2344 580 2387 pro
607 2332 719 2375 certo
754 2330 898 2373 haberi
925 2329 1046 2372 debet
1086 2329 1239 2372 festum
1283 2326 1552 2382 depositionis

75 2399 203 2429 zonae
221 2386 440 2441 Deiparae,
471 2388 583 2443 quod
605 2387 754 2431 Graeci
773 2386 908 2442 agunt
928 2386 995 2428 31.
1017 2385 1128 2440 Aug.
1159 2397 1246 2427 esse
1264 2383 1316 2426 de
1334 2382 1549 2434 miraculo,

74 2442 186 2497 quod
212 2443 259 2486 in
290 2443 370 2487 Zoe
398 2444 597 2499 Augusta
626 2444 785 2487 factum
814 2441 1008 2485 narrant:
1038 2441 1104 2483 vel
1128 2441 1255 2484 etiam
1277 2438 1387 2495 quod
1407 2438 1550 2482 eadem

74 2499 142 2542 die
170 2499 279 2550 Zela,
312 2500 594 2555 Helenoponti
625 2500 789 2555 oppido,
825 2499 901 2541 sub
938 2497 1172 2540 Iustiniano
1202 2495 1469 2551 Imperatore,
1506 2494 1550 2537 in

73 2555 233 2599 Aedem
257 2556 620 2609 Blachernianam‚
652 2556 718 2599 vel
747 2554 1151 2609 Chalcopratianam,
1184 2553 1258 2617 est·
1275 2551 1420 2595 relata.
1462 2550 1552 2594 Me-

72 2611 291 2667 nologium
319 2612 463 2657 Sirleti
492 2613 614 2657 Card.
644 2623 779 2656 XXXI.
808 2610 920 2666 Any.
951 2612 1283 2653 commemoratae
1322 2621 1456 2651 zonae
1481 2620 1551 2650 sa-

73 2670 338 2712 cratissima
363 2669 639 2724 Desparentis
667 2669 842 2711 Mariae
877 2668 1085 2720 repositae
1111 2666 1160 2708 in
1197 2663 1426 2708 venerabai
1462 2663 1551 2707 eius

72 2723 202 2777 Aede,
246 2739 340 2769 eum
379 2740 490 2770 zona
532 2727 629 2780 ipsa
672 2724 809 2768 relata
850 2727 911 2766 est
953 2722 1005 2766 ab
1034 2721 1297 2776 Episcopatu
1324 2719 1449 2763 Zelae
1474 2719 1550 2762 sub

72 2780 318 2825 Iustim'ano
337 2781 611 2837 Imperatore,
631 2786 670 2825 et
694 2781 855 2835 factum
873 2778 1125 2822 miraculum
1143 2792 1229 2832 per
1245 2777 1551 2830 impositwnem

64 2838 282 2892 pretiosae
314 2852 447 2883 zonae
482 2853 614 2894 super
639 2838 853 2894 Reyinam
880 2835 1007 2879 Zoem
1043 2835 1259 2890 eoniuyem
1286 2832 1442 2876 Leoni-s·
1466 2831 1550 2874 Im·
