1734 3120
225 237 307 278 328
744 245 909 280 ANNAE
938 245 1203 280 COMNENAE

223 364 320 412 τοῖς
347 357 579 415 Ῥωμαίοις
610 357 973 418 ἐπιχειρήσουσιν,
1007 354 1104 403 ἀλλ’
1139 356 1289 403 οἴκαδε
1310 354 1642 405 ἀπελεύσονται.
1682 358 1706 405 ὁ

224 428 272 471 δὲ
289 425 512 485 Βούρτζης
525 423 730 483 οὗδαμῶς
748 429 811 486 τῷ
830 430 919 471 τῶν
934 425 1170 484 βαρβάρων
1194 425 1409 487 θελήματι
1430 429 1703 482 συνετίθετο,

222 490 331 538 ἄλλα
360 497 583 551 καρτερῶς
613 498 691 554 τῆς
717 492 856 551 μάχης
887 490 1109 549 ἀντείχετο
1139 495 1346 550 γενναίως
1373 491 1702 553 ἀγωνιζόμενος.

225 562 324 605 ἐπεὶ
353 563 401 606 δὲ
429 564 482 623 τῇ
513 562 760 622 προτεραίᾳ
790 560 952 614 ὕδατος
981 560 1032 605 τὸ
1054 559 1272 618 παράπαν
1293 558 1372 607 οὔκ
1401 559 1703 621 οἷπεγεύσαντο

222 628 475 687 μαχόμενοι,
501 629 612 674 ἐπὰν
632 627 799 685 δχθούς
819 632 1024 686 ποταμοῦ
1046 648 1165 683 τινος
1185 631 1435 687 κατέλαβον,
1459 632 1734 689 κατέψυχονξ

221 696 273 743 τὸ
302 701 446 754 καῦμα
476 700 555 742 τοῦ
586 699 749 755 δίψους
774 698 845 742 καὶ
876 690 1011 750 αὖθις
1030 693 1276 754 ἀμοιβαδὸν
1301 702 1379 758 τῆς
1410 697 1549 758 μάχης
1567 695 1708 744 οἷντεί-

222 780 377 821 χοντο·
407 770 498 811 τῶν
531 767 578 811 δὲ
608 759 748 819 αὖθις
778 769 854 811 τοῦ
886 766 1085 822 πολέμου
1117 762 1417 824 ἀντεχομένων
1447 765 1490 812 οὶ
1517 786 1708 825 προκεκ-

221 833 409 893 μηκότες
437 835 510 880 διὰ
537 838 616 879 τοῦ
647 834 806 888 ὕδατος
843 833 1026 888 ἑαυτοὺς
1060 836 1338 881 διανέπαυον.
1405 835 1621 895 τοσαύτην
1662 837 1709 882 δὲ

222 907 310 947 τῶν
340 902 576 961 βαρβάρων
606 902 772 961 τόλμαν
801 902 824 948 ὁ
849 901 1072 963 Βοὺρτζης
1106 902 1224 962 ὁρῶν
1255 906 1325 949 καὶ
1347 903 1463 962 πρὸς
1491 907 1709 950 τοσοῦτον

223 973 404 1030 πλῆθος
432 970 687 1017 ἅποκναίων
720 974 763 1018 έν
793 968 1009 1031 ἀμηχανίᾳ
1044 965 1095 1033 ἦν
1125 974 1197 1018 καὶ
1226 969 1279 1018 οὗ
1306 977 1396 1018 τῶν
1425 977 1584 1019 κοινῶν
1612 987 1734 1018 τινα]

68 1045 108 1080 Ρ.
136 1045 206 1080 473
222 1043 507 1096 στρατιωτῶν
536 1039 652 1097 πρὸς
698 1039 777 1086 τὸν
821 1042 1003 1096 βασιλέα
1045 1039 1123 1102 τὴν
1167 1042 1274 1099 περὶ
1311 1040 1482 1086 τούτων
1511 1038 1710 1101 ἀγγελίαν

222 1109 462 1165 κομίσοντα
491 1110 744 1169 πέπομφεν,
793 1105 901 1154 α’λλὰ
930 1108 1007 1154 τὸν
1039 1104 1121 1171 ἤδη
1165 1111 1358 1168 ῥηθέντα
1388 1117 1409 1155 1
1418 1109 1608 1169 ἐώργιον
1633 1110 1711 1155 τὸν

221 1175 466 1235 Λεβούνην.
529 1177 552 1222 ὁ
585 1178 632 1223 δὲ·
661 1176 720 1237 μὴ
754 1178 866 1233 ἔχων
897 1172 1029 1237 ἄλλην
1061 1173 1274 1236 οἷτραπόν,
1313 1180 1357 1224 ἐν
1386 1171 1413 1241 ᾗ
1443 1175 1495 1225 οὗ
1525 1182 1708 1238 πλῆθος

65 1242 108 1279 V·
136 1242 206 1276 374
226 1246 434 1301 Τούρκων
467 1249 638 1307 παρῆν,
657 1248 981 1304 ῥιψοκινδύνως
1002 1247 1046 1300 ἐς
1065 1247 1202 1303 μέσον
1221 1245 1392 1292 τούτων
1413 1245 1569 1292 ἑαυτὸν
1590 1242 1708 1300 (ὕσας

220 1311 472 1371 διεληλύθει
501 1316 572 1359 καὶ
612 1315 738 1372 μέχρι
776 1316 993 1371 βασιλέως
1030 1316 1313 1361 διεσέσωστο.
1381 1315 1404 1360 ὁ
1438 1316 1486 1361 δὲ·
1516 1314 1570 1360 τὰ
1599 1316 1734 1360 κατὰ]

221 1379 299 1425 τόν
330 1380 555 1440 Βούρτζην
582 1381 857 1441 μεμαθηκώς
892 1384 999 1440 περί
1027 1401 1075 1428 τε
1112 1381 1322 1440 Τούρκων
1353 1381 1558 1443 πληθύος
1587 1379 1710 1441 ἄκρι-

218 1450 428 1508 βέστερον
466 1452 666 1509 διαγνούς
722 1453 791 1496 καὶ
829 1450 889 1505 ῶς
927 1453 1051 1509 χρεία
1089 1455 1153 1511 τῷ
1186 1451 1384 1512 Βούρτζῃ
1421 1455 1601 1497 πολλῶν
1636 1453 1709 1497 καὶ

218 1522 377 1576 χειρῶν
406 1521 479 1563 καὶ
507 1518 745 1576 δυνάμεων,
778 1516 912 1574 αὐτὸς
939 1521 1020 1578 μὲν
1049 1524 1283 1580 τηνικαῦτα
1313 1521 1389 1566 ἐπὶ
1420 1525 1516 1574 τοῖς
1549 1520 1708 1573 ὅπλοις

217 1579 267 1646 ἦν
297 1588 368 1631 καὶ
387 1585 439 1631 τὸ
460 1586 709 1646 στράτευμα
739 1587 970 1646 ἑξώπλιζε.
1016 1591 1090 1634 καὶ
1120 1588 1236 1635 οὕτω
1262 1588 1370 1633 κατὰ
1392 1588 1614 1649 φάλαγγας
1634 1607 1711 1633 κα-

173 1653 439 1715 Βταστήσας
466 1655 518 1701 τὸ
551 1655 782 1702 ὁπλιτικὸν
812 1656 922 1702 κατὰ
950 1662 1040 1703 τῶν
1073 1657 1310 1717 βαρβάρων
1353 1657 1595 1716 ἐπορεύετο
1630 1656 1734 1703 σύνξ

218 1721 401 1785 εὐταξίᾳ
431 1727 586 1787 πολλῇ.
651 1722 740 1783 εἶχε
780 1728 828 1772 δὲ
856 1725 910 1773 τὸ
941 1729 1020 1785 μὲν
1062 1726 1327 1786 ἔμπροσθεν
1367 1728 1496 1785 κέρας
1526 1725 1550 1773 ὁ
1580 1731 1705 1783 ΙΒασι-

355 1860 387 1894 1.
414 1857 434 1893 ὁ
461 1858 500 1894 in
525 1871 597 1895 ras.
626 1871 675 1894 m.
692 1861 714 1894 2
742 1860 779 1896 C.
901 1861 934 1898 2.
967 1859 1163 1909 Βούρτζης]
1190 1875 1207 1901 ς
1232 1874 1277 1898 ex
1302 1875 1324 1899 ν
1349 1874 1397 1898 m.
1425 1864 1446 1896 2
1472 1862 1511 1897 C.
1610 1873 1709 1897 συνε·

349 1911 473 1942 τίθετο
499 1907 535 1952 C,
563 1912 796 1945 συνετίθεντο
820 1910 859 1945 Ρ.
972 1911 1006 1946 6.
1032 1908 1258 1957 ἀμοιβαδὸν]
1285 1925 1306 1946 ο
1332 1910 1517 1957 posterius
1541 1922 1588 1944 m.
1616 1911 1638 1944 2
1665 1922 1708 1945 ex

349 1967 446 1991 corr.
473 1955 510 1991 C.
608 1953 835 2004 ἀντείχοντο]
865 1971 881 1993 ε
907 1971 955 1994 m.
974 1959 996 1993 2
1021 1971 1067 1994 ex
1091 1972 1187 1996 corr.
1206 1959 1243 1995 C.
1390 1960 1421 1995 7.
1447 1957 1710 2005 ἀντεχομένων

351 2004 500 2049 scripsi:
526 2001 845 2053 ἀντεμαχομένων
871 2007 927 2053 0¹,
950 2005 1263 2055 ἆντιμαχομένων
1288 2007 1375 2043 G2P.
1501 2009 1555 2042 10.
1582 2007 1655 2042 τῶν
1670 2007 1707 2050 C,

351 2050 416 2088 τὸν
440 2052 480 2088 Ρ.
582 2056 637 2089 12.
663 2059 868 2102 κομίσοντα
893 2056 1042 2102 scripsi:
1070 2061 1277 2092 κοαίσαντα
1307 2056 1375 2092 CP.
1478 2057 1531 2091 16.
1557 2050 1709 2102 βοὺρτζη

350 2100 388 2146 C,
412 2113 508 2137 corr.
538 2113 586 2138 m.
612 2103 644 2138 2.
744 2106 829 2150 περὶ
854 2104 1004 2151 scripsi:
1031 2090 1131 2152 παρὰ
1157 2105 1197 2141 Ρ.
1349 2106 1402 2140 19.
1430 2101 1513 2139 οῧτο
1539 2104 1577 2139 C.

218 2221 281 2257 sed
307 2221 457 2258 domum
483 2222 652 2259 abituros
679 2236 766 2261 esse.
818 2228 858 2262 at
883 2238 1116 2273 nequaquam
1140 2227 1188 2263 iis
1217 2239 1361 2263 morem
1396 2237 1528 2273 gerens
1552 2224 1708 2261 Burtzes

218 2270 369 2305 fortiter
395 2271 536 2316 proelio
562 2272 744 2309 dimicans
769 2274 929 2311 obstitit.
998 2287 1083 2311 cum
1110 2287 1200 2312 vero
1229 2275 1352 2321 pridie
1391 2275 1471 2311 eius
1509 2274 1584 2310 diei
1614 2274 1709 2309 nihil

218 2319 368 2354 omnino
393 2331 510 2365 aquae
545 2320 584 2356 in
610 2333 737 2367 pugna
771 2326 995 2368 gustassent,
1032 2324 1138 2360 fluvii
1177 2324 1372 2360 cuiusdam
1409 2323 1494 2368 ripa
1528 2326 1708 2368 occupata

217 2366 299 2402 sitis
325 2370 467 2403 aestum
494 2368 669 2405 levabant
704 2372 998 2418 pugnabantque
1035 2372 1137 2408 illico
1176 2373 1328 2408 alternis
1361 2372 1519 2415 vicibus,
1555 2370 1707 2406 defessis

216 2415 411 2460 militibus,
451 2416 542 2452 dum
577 2418 692 2453 ceteri
731 2423 888 2464 certant,
934 2433 1011 2456 sese
1050 2420 1319 2457 reficientibus.
1387 2420 1542 2455 Burtzes
1579 2422 1705 2454 autem

216 2466 359 2498 tautam
386 2464 634 2501 barbarorum
675 2467 867 2504 audaciam
903 2469 1202 2506 animadvertens
1244 2472 1424 2516 tantaque
1466 2467 1706 2503 multitudine

216 2512 406 2556 perculsus
431 2514 630 2558 nesciebat,
671 2516 763 2560 quid
800 2517 947 2553 consilii
983 2521 1144 2564 caperet,
1183 2529 1251 2554 nec
1277 2522 1403 2553 tamen
1435 2528 1658 2563 quemquam
1686 2528 1707 2552 c

217 2561 398 2605 gregariis
423 2562 620 2608 militibus,
646 2563 711 2609 qui
734 2564 955 2610 imperatori
993 2566 1032 2602 id
1058 2566 1262 2611 nuntiaret,
1288 2566 1444 2608 dimisit,
1484 2564 1559 2608 sed,
1595 2576 1705 2610 quem

219 2610 516 2652 memoravimus,
545 2611 747 2658 Georgium
773 2613 981 2659 Lebunem;
1017 2615 1082 2661 qui
1107 2627 1192 2651 cum
1223 2614 1363 2650 nullam
1397 2617 1567 2650 cerneret
1595 2613 1706 2658 viam,

218 2655 257 2690 in
284 2668 356 2701 qua
381 2670 455 2693 non
481 2662 576 2694 esset
602 2659 806 2696 Turcarum
844 2662 1061 2707 multitudo,
1099 2663 1276 2699 audacter
1310 2675 1421 2699 ruens
1459 2673 1526 2707 per
1565 2661 1706 2697 medios

218 2703 343 2739 hostes
369 2705 530 2742 feliciter
563 2708 610 2743 ad
635 2708 846 2755 Augustum
870 2712 1053 2757 pervenit.
1109 2712 1140 2747 is
1165 2711 1212 2747 de
1237 2711 1397 2747 Burtzae
1429 2710 1541 2746 rebus
1566 2710 1706 2746 certior

219 2752 349 2796 factus,
377 2754 441 2789 ubi
464 2758 502 2790 et
527 2755 731 2792 Turcarum
759 2770 955 2794 numerum
974 2761 1188 2796 accuratius
1213 2759 1449 2803 diiudicavit,
1468 2761 1506 2794 et
1523 2761 1705 2804 quantum

219 2812 312 2845 opus
337 2806 433 2837 esset
458 2803 618 2840 Burtzae
643 2806 792 2842 auxiliis
821 2809 1024 2854 copiisque,
1053 2812 1176 2844 armat
1208 2820 1246 2844 se
1270 2809 1350 2854 ipse
1374 2807 1504 2844 statim
1528 2806 1707 2853 iubetque

218 2850 355 2884 armari
389 2851 526 2887 milites
549 2856 586 2887 et
611 2854 796 2890 instructa
822 2855 901 2891 acie
926 2860 1062 2892 contra
1086 2857 1268 2892 barbaros
1293 2868 1437 2892 summo
1463 2854 1595 2891 ordine
1621 2866 1706 2901 pro·

221 2895 413 2934 ficiscitur.
463 2899 573 2935 duxit
610 2902 773 2948 primum
807 2915 923 2940 cornu
960 2905 1134 2955 princeps
1160 2905 1331 2953 Michael,
1369 2905 1544 2941 dextrum
1568 2903 1733 2950 Bryen·>
