1780 3138
492 242 761 278 ALEXIADIS
793 243 889 277 LIB.
915 243 981 277 XI.
1021 238 1085 277 ll.
1478 241 1558 282 123

58 357 423 418 Καντακουζ-ηνός
455 357 534 402 τόν
576 356 680 403 ὅλον
716 356 960 414 Ῥωμαϊκόν
997 356 1159 403 στόλον
1195 358 1257 414 ὥς
1298 360 1388 406 ἔδει
1429 380 1557 420 περι-

58 426 360 487 ποιησάμενος
388 428 460 473 καὶ
488 426 594 481 τούς
623 425 836 480 συνόντας
865 422 986 486 αὗτῷ
1019 428 1162 473 ε’κεῖσε
1203 429 1456 488 συναγαγών
1495 429 1557 485 ιῦς

57 494 144 554 εἶχε
174 494 335 554 τάχους
365 495 558 542 κατόπιν
597 499 685 541 τῶν
715 497 966 541 Γενουσίων
1003 497 1170 543 ε’δίωκε.
1237 497 1298 557 μὴ
1339 497 1555 558 ἑφθακώς

55 567 103 612 δὲ
131 564 210 626 τὴν
242 566 518 612 Λαοδίκειαν
547 565 760 620 κατέλαβε
790 562 999 609 σπεύδων
1044 563 1163 621 πρὸς
1194 564 1299 620 τοί-ς
1328 566 1442 623 μετὰ
1474 571 1554 612 τοῦ

17 645 40 681 5
56 632 338 692 Βαϊμοῦντου
369 635 594 691 πολέμους
623 632 706 694 ὅλῃ
726 630 875 693 γνώμῃ
908 634 980 678 καὶ
1000 635 1113 691 χειρὶ
1133 630 1432 682 ἀποδύεσθαι.
1481 638 1553 681 καὶ

53 705 206 761 μέντοι
250 704 324 748 καὶ
365 702 511 761 ἔργου
539 699 772 759 ἁψάμενος
810 700 890 746 τόν
925 703 1079 759 λιμένα
1117 705 1328 760 κατέλαβε
1370 706 1443 750 καὶ,
1482 703 1555 750 διὰ

54 769 200 831 πάσης
229 770 385 826 νυκτός
417 772 490 816 καὶ
518 769 684 831 ἡμέρᾶς
703 773 782 829 τῆς
810 772 1092 828 τειχομαχίας
1113 768 1192 816 οὔκ
1213 767 1449 832 ἄφίστατο.
1494 771 1556 827 (ὗς

53 841 92 884 δ’
122 834 353 898 ἄπρακτος
381 842 462 885 τοῦ
493 841 657 884 λοιποῦ
689 837 817 896 ἔμενε
846 836 1052 895 μυριάκις
1065 839 1146 897 μὲν
1176 838 1458 897 προσβαλών,
1480 859 1555 887 το-

54 905 263 962 σαυτάκις
288 909 325 953 δ’
355 903 594 963 ἀποτυχών
624 907 697 952 καὶ
726 910 791 968 πῆ
811 907 893 964 μὲν
920 905 1288 965 ὑποποιούμενος
1317 907 1423 963 τοὺς
1438 911 1555 954 Κελ-

0 974 159 1030 ιθτούς
197 971 277 1021 οὗκ
319 974 497 1029 ἔπειθε,
537 978 602 1036 πῆ
642 975 691 1020 δὲ
718 972 970 1032 μαχόμενος
999 972 1285 1034 ἀπετύγχανε,
1318 977 1483 1032 τειχίον
1509 996 1553 1023 τι
1572 983 1602 1019 Β

52 1043 125 1090 διὰ
174 1046 319 1103 ξηρῶν
368 1045 514 1089 λίθων
561 1044 820 1100 κυκλοτερὲς
867 1041 1132 1101 δειμάμενος
1178 1040 1426 1102 ἆναμεταξύ
1473 1047 1553 1104 τῆς

54 1110 243 1170 ψάμμου
287 1112 359 1157 καὶ
387 1114 478 1157 τῶν
515 1113 675 1167 τειχῶν
704 1113 979 1166 Λαοδικείας
1019 1113 1065 1158 ἑν
1101 1114 1220 1171 τρισὶ
1258 1115 1554 1173 νυχθημέροις

51 1175 241 1227 κᾶκτοτε
273 1179 338 1235 ὦς
368 1180 555 1238 ἔρεισμα
583 1182 717 1226 τοῦτο
748 1179 1021 1240 κτησάμενος
1051 1181 1204 1240 ἕτερον
1237 1183 1466 1239 πολίχνιον
1495 1184 1550 1228 δι’

51 1247 287 1308 ἐγχορήγου
322 1247 426 1308 ὕλης
453 1247 578 1302 ἐντός
607 1247 769 1293 τούτου
791 1251 963 1294 θᾶττον
992 1246 1231 1308 ἀνήγειρεν,
1264 1253 1318 1296 ἵν’
1342 1252 1552 1297 ἐντεῦθεν

0 1327 38 1364 15
52 1315 114 1371 ιῦς
141 1319 191 1374 ἐξ
218 1316 488 1377 ὁρμητηρίου
514 1316 635 1371 τινος
665 1316 970 1376 γενναιότερον
999 1321 1077 1380 τῆς
1113 1320 1394 1377 τειχομαχίας
1429 1315 1552 1365 ἆντέ-

50 1404 189 1442 χοιτο.
243 1382 354 1432 ἀλλὰ
385 1387 457 1431 καὶ
482 1385 678 1445 πύργους
707 1384 786 1431 δύο
808 1385 883 1431 διὰ
913 1389 993 1432 τοῦ
1025 1389 1212 1445 στομίου
1254 1391 1334 1434 τοῦ
1375 1390 1552 1446 λιμένος

51 1455 121 1514 ἐφ’
156 1452 342 1512 ἑκάτερα
374 1453 669 1515 οἰκοδομήσας
704 1453 857 1501 ἅλυσιν
886 1458 1070 1515 σιδηρᾶν
1099 1459 1343 1516 διαμπερὲς
1381 1455 1553 1502 τούτων

51 1521 280 1577 εἰσελάσας
309 1524 364 1569 δι’
403 1519 540 1569 αὐτοῦ
578 1519 864 1584 ἀπετάφρευε
900 1524 979 1579 τὰς
1012 1523 1122 1579 ἴσως
1159 1527 1447 1584 ἑλπιζομένας
1485 1525 1549 1580 εἷς

49 1590 269 1652 βοήθειαν
297 1595 388 1638 τῶν
416 1594 602 1638 Κελτῶν
631 1593 679 1638 ἐκ
709 1591 935 1653 θαλάττης
965 1597 1080 1649 ναῦς.
1143 1596 1188 1641 ἐν
1216 1592 1362 1655 ταύτῷ
1394 1595 1442 1641 δὲ
1473 1597 1547 1641 καὶ

0 1659 197 1709 Ππολλά
225 1663 315 1706 τῶν
344 1662 451 1718 περὶ
479 1660 707 1706 θάλατταν
738 1663 980 1719 πολιχνίων
1015 1665 1211 1720 κατέσχε,
1243 1662 1295 1709 τό
1325 1683 1373 1709 τε
1403 1659 1597 1722 Ἀργυ-(ἶ

53 1727 299 1788 ρόκαστρον
329 1727 611 1787 καλούμενον,
662 1729 713 1776 τό
748 1729 1006 1788 ΖΡΙαρχάπιν,
1048 1731 1103 1777 τὰ
1133 1730 1315 1790 Γάβαλα
1341 1734 1414 1779 καὶ
1443 1728 1553 1778 ἄλλα

189 1881 224 1917 5.
250 1882 440 1928 πολέμους
468 1881 511 1926 F,
538 1883 748 1930 πολεμῆσαι
775 1882 816 1918 Ρ.
945 1885 979 1919 6.
1005 1885 1067 1918 καὶ
1092 1883 1135 1927 F,
1160 1884 1223 1919 τοῦ
1247 1883 1289 1920 Ρ.
1419 1886 1454 1921 8.
1481 1886 1556 1920 λοι.-

189 1929 263 1965 ποῦ
288 1929 328 1976 C,
354 1930 472 1966 λοποῦ
496 1930 537 1967 Ρ.
709 1933 764 1967 14.
791 1928 1009 1979 ἒγχωρὴγου
1036 1931 1265 1979 Ducangius.
1433 1934 1487 1969 19.
1514 1933 1557 1969 ἐν

188 2021 307 2073 ταίπῷ
331 2026 363 2062 F
365 2026 404 2070 C,
431 2027 592 2062 ἐνταῦθα
608 2027 649 2063 Ρ.
749 2029 807 2064 21.
834 2023 925 2063 ι’ίλλά
951 1994 979 2064 τι
997 2029 1040 2075 F,
1067 2025 1144 2063 ἀλλ’
1171 2026 1260 2064 ἅττα
1285 2028 1327 2064 Ρ.

58 2169 337 2206 Cantacuzenus
386 2173 512 2207 autem
562 2184 653 2208 cura
703 2175 847 2218 quanta
893 2172 1027 2209 debuit
1077 2173 1242 2209 maxima
1290 2175 1373 2209 tota
1421 2173 1558 2210 Roma·

56 2230 191 2254 norum
233 2218 350 2255 classe
387 2219 544 2257 collecta
580 2221 869 2267 convocatisque
897 2221 1083 2265 omnibus,
1120 2233 1214 2267 quos
1247 2233 1370 2257 secum
1404 2221 1459 2257 ibi
1493 2222 1558 2258 ha·

57 2267 183 2304 bebat.
210 2267 404 2304 celerrime
422 2268 636 2305 Genuenses
664 2274 883 2316 persecutus
908 2273 981 2315 est3
1008 2282 1102 2317 quos
1127 2270 1195 2306 ubi
1220 2270 1366 2316 assequi
1392 2283 1466 2306 non
1493 2283 1556 2316 po-

57 2316 146 2360 tuit,
170 2315 398 2352 Laodiceam
424 2317 579 2354 deflexit
605 2319 709 2354 omni
734 2318 822 2354 inde
849 2319 886 2354 vi
912 2322 950 2355 et
974 2319 1119 2365 impetu
1149 2321 1283 2355 contra
1298 2318 1558 2355 Boemundum

56 2364 195 2401 bellum
218 2368 404 2412 gesturus,
455 2378 498 2402 ac
525 2378 638 2402 manu
668 2368 774 2413 operi
800 2367 930 2403 statim
957 2367 1109 2403 admota
1133 2370 1284 2414 portum
1313 2368 1556 2414 expugnavit,

57 2425 216 2459 cumque
241 2412 340 2449 diem
367 2417 591 2462 noctemque
608 2417 707 2451 arcis
725 2416 1048 2462 oppugnationem
1066 2417 1335 2459 continuasset,
1353 2417 1559 2452 sexcenties

58 2461 199 2498 assultu
238 2465 425 2508 temptato
457 2463 680 2510 repulsoque
720 2464 864 2500 frustra
889 2477 969 2500 rem
995 2465 1128 2511 gessit-;
1170 2476 1238 2500 nec
1274 2464 1422 2500 blandis
1447 2465 1559 2501 collo-

57 2510 156 2556 quiis
189 2509 306 2546 Gallis
333 2511 559 2556 persuadere
596 2525 665 2548 nec
702 2513 840 2549 infesta
877 2514 915 2549 vi
953 2513 1161 2559 quidquam
1195 2512 1379 2559 proficere
1419 2513 1558 2559 potuit.

57 2559 181 2595 tribus
206 2559 327 2605 igitur
352 2559 486 2595 diebus
512 2561 760 2608 noctibusque
798 2562 898 2597 inter
930 2562 1038 2597 littus
1072 2573 1273 2608 murosque
1299 2561 1507 2598 Laodiceae
1539 2573 1558 2597 e

57 2607 156 2643 saxis
179 2608 258 2643 sine
275 2607 374 2644 calce
389 2609 609 2645 circularem
629 2610 826 2646 maceriam
851 2609 1073 2646 aedificavit.
1112 2622 1186 2656 quo
1206 2610 1439 2656 munimento
1457 2610 1558 2647 facto

57 2655 159 2692 intra
187 2656 373 2692 ambitum
411 2656 518 2693 illum
558 2669 681 2694 arcem
715 2671 761 2694 ex
792 2659 1002 2706 enchorega
1037 2658 1197 2694 materia
1232 2659 1414 2701 extruxit,
1458 2658 1558 2694 unde

58 2703 220 2740 validius
260 2704 364 2740 velut
406 2717 453 2741 ex
501 2709 586 2742 tuto
626 2707 863 2753 receptaculo
917 2707 1113 2749 moenibus
1157 2707 1421 2753 oppugnandis
1467 2708 1557 2743 insi-

59 2755 158 2789 stere
185 2756 331 2799 posset3
361 2752 496 2790 deinde
520 2754 614 2790 duas
644 2755 693 2791 ad
717 2759 850 2802 portus
875 2756 1015 2791 ostium
1039 2755 1232 2802 utrimque
1257 2759 1382 2792 turres
1407 2756 1559 2791 molitus

57 2799 219 2838 ferream
245 2805 416 2842 catenam
435 2803 535 2839 inter
554 2815 614 2839 eas
631 2804 837 2850 suspendit,
857 2816 951 2849 quae
982 2816 1094 2840 naves
1111 2804 1252 2840 auxilio
1266 2804 1382 2840 Gallis
1401 2803 1559 2840 fortasse

57 2853 236 2886 venturas
253 2850 486 2896 prohiberet.
538 2851 742 2899 eodemque
759 2856 929 2898 tempore
946 2853 1066 2888 multa
1082 2863 1231 2898 quoque
1256 2852 1301 2888 ad
1318 2853 1432 2889 maris
1454 2864 1559 2889 oram

59 2898 202 2946 oppida
241 2899 354 2946 cepit,
392 2899 709 2947 Argyrooastrum
744 2901 969 2947 Marchapin
1004 2901 1146 2938 Gabala
1183 2901 1328 2948 aliaque
1354 2913 1470 2947 usque
1509 2900 1556 2937 ad
