1806 3132
255 232 338 276 576
770 239 948 274 GARom
978 239 1218 275 DueAuen

258 388 574 401 ............
618 368 724 409 quae
766 358 907 398 tamen
950 354 1092 397 omnia
1140 353 1380 397 Christiani
1423 353 1563 409 mayis
1610 366 1736 417 quam

255 413 428 468 Payani
467 411 617 476 habere
661 411 818 463 debent,
863 414 901 475 et
929 411 1142 475 munimen
1185 424 1387 466 maynum
1429 411 1510 453 erit
1548 409 1739 453 omnibus

259 469 533 523 Christianis,
561 482 600 511 si
628 467 729 510 haec
758 481 901 510 omnia
925 468 1160 522 habuerint,
1191 467 1485 510 detrimentum
1514 479 1610 509 vero
1726 499 1734 507 .

258 559 462 569 ........
490 526 530 568 si
549 525 834 578 perdiderint.
887 524 1002 567 Nam
1030 524 1069 566 si
1095 524 1171 567 hoc
1195 557 1230 566 ..
1253 557 1289 566 ..
1309 557 1318 565 .
1337 557 1346 566 .
1365 557 1373 566 .
1393 557 1402 565 .
1424 557 1432 566 .
1452 556 1461 565 .
1479 557 1488 565 .
1524 523 1738 565 noluerint

256 587 295 626 et
324 596 477 626 aurum
505 582 643 636 mayis
671 581 918 634 amaverint,
948 581 996 623 in
1028 594 1077 622 ea
1111 581 1217 634 plus
1257 580 1479 631 invenient,
1525 593 1651 634 quam
1690 580 1738 621 in

257 643 340 683 toto
370 638 551 681 Mundo,
594 637 711 680 Nam
736 637 817 680 soli
846 637 1033 679 thesauri
1047 636 1336 679 Ecclesiarum
1353 635 1740 689 Constantinopolis

257 697 306 739 in
335 699 525 750 arqento,
554 708 671 746 auro,
702 694 876 749 yemmis
913 697 953 736 et
994 693 1210 747 lapidibus
1243 694 1459 746 pretiosis,
1506 696 1544 735 et
1574 693 1740 747 pannis

258 753 414 804 sericis,
447 756 485 794 et
512 752 686 794 caeteris
718 751 885 804 palliis,
921 750 1113 803 sufficere
1146 753 1328 804 possunt
1357 749 1549 793 omnibus
1577 748 1740 791 Mundi

258 809 485 852 Ecclesiis:
517 821 618 862 quos
648 820 740 850 cum
769 820 910 850 omnes
938 806 1155 849 thesauros
1181 806 1504 849 inaestimabilis
1518 806 1740 848 thesaurus

258 866 409 909 matris
442 864 656 908 Ecclesiae
701 863 883 907 Sanctae
925 862 1120 917 Sophiae,
1162 863 1209 906 id
1250 866 1323 915 est,
1357 862 1442 906 Dei
1480 862 1737 916 Sapientiae,

259 935 471 976 superare,
502 925 540 964 et
570 921 722 975 absque
751 921 876 963 dubio
916 920 1124 963 thesauris
1159 919 1322 973 Templi
1349 918 1589 963 Salomonis
1624 932 1737 962 coae-

260 979 385 1034 quari
405 981 545 1032 potest
546 1010 845 1030 ...........
867 977 918 1020 de
944 977 1110 1030 infinito
1139 976 1334 1019 thesauro
1353 976 1572 1019 Nobilium
1600 976 1739 1019 dicam

261 1050 353 1079 cum
396 1035 637 1078 thesaurum
683 1035 991 1089 neyotiatorum
1049 1034 1302 1076 rusticorum
1353 1047 1471 1076 nemo
1519 1033 1741 1075 aestimare

99 1104 247 1150 *possit
259 1092 412 1147 *possa
433 1092 543 1146 quod
559 1092 773 1156 inuenitur
790 1092 838 1133 in
856 1091 1168 1155 prateritorum
1187 1088 1498 1155 Imperatorum
1516 1089 1736 1141 thesauris,

259 1150 572 1261 attalia
581 1146 1741 1257 defit⁰30tegula-‘522323ztirltttffglzsshtea

260 1263 480 1306 thesaurus
507 1261 693 1313 habetur,
723 1262 797 1304 sed
820 1262 1006 1304 omnium
1035 1261 1307 1314 antiquorum
1335 1260 1625 1303 Romanorum
1653 1258 1738 1302 Im-

252 1323 503 1374 peratorum
533 1318 594 1361 ibi
622 1318 842 1361 thesaurus
866 1321 905 1360 et
933 1318 1169 1360 translatus
1192 1321 1230 1360 et
1268 1318 1316 1359 in
1344 1317 1531 1360 Palatiis
1568 1316 1741 1360 abscon-

262 1377 389 1420 ditus.
442 1375 553 1429 Quid
581 1374 765 1428 amplius
784 1374 935 1426 dicam,
965 1374 1075 1429 quod
1093 1377 1202 1417 certe
1228 1377 1345 1427 patet
1364 1374 1495 1417 oculis
1513 1374 1739 1423 hominum,

260 1433 369 1476 nihil
397 1436 457 1475 est
486 1432 596 1486 quod
621 1445 707 1474 non
733 1431 790 1474 sit
819 1431 910 1474 illic
943 1431 1245 1474 absconditum.
1307 1430 1475 1474 Currite
1511 1444 1610 1486 erqo
1649 1443 1741 1472 cum

259 1493 347 1556 tota
374 1492 495 1555 yente
523 1492 673 1586 vlem'
704 1492 742 1531 et
769 1488 930 1531 viribus
947 1488 1097 1531 vestris
1127 1491 1291 1540 certate,
1321 1501 1374 1553 ne
1402 1487 1502 1530 talis
1522 1487 1743 1530 thesaurus

259 1546 1013 1657 {militantium„aa
1028 1545 1740 1656 autumnitateaa

261 1674 312 1703 ne
344 1674 424 1714 per
451 1659 573 1702 illum
602 1659 841 1702 thesaurum
869 1663 1036 1701 nostros
1071 1658 1286 1712 paulatim
1326 1658 1527 1701 seducant
1565 1657 1742 1712 cupidos

207 1764 210 1766 ,
260 1717 426 1767 milites,
456 1715 803 1770 quemadmodum
831 1715 971 1758 Iulius
999 1714 1155 1759 Caesar
1185 1715 1285 1758 olim
1308 1715 1420 1768 fecit,
1451 1715 1523 1769 qui
1547 1714 1742 1769 Reynum

259 1774 528 1817 Francorum
556 1773 788 1826 cupiditate
814 1773 984 1815 invasit.
1026 1771 1087 1814 Et
1116 1773 1316 1826 quoniam
1335 1771 1624 1815 Antichristus
1643 1784 1741 1824 cap-

260 1835 381 1874 turus
433 1833 565 1872 totum
612 1829 828 1872 Mundum
869 1830 914 1872 in
953 1829 1081 1883 finem
1110 1828 1272 1871 Mundi
1315 1832 1375 1871 est
1414 1831 1598 1880 acturus,
1631 1828 1743 1882 ayite

259 1901 357 1943 erqo
388 1887 488 1930 dum
518 1890 678 1940 tempus
707 1886 878 1937 habetis,
906 1900 959 1929 ne
978 1885 1319 1929 Christianorum
1337 1885 1543 1940 Reynum,
1569 1888 1607 1927 et
1632 1884 1742 1938 quod

259 1945 398 2000 mayis
427 1947 486 1986 est
502 1943 681 1986 Domini
704 1943 899 1998 perdatis
912 1942 1199 1997 Sepulchrum,
1229 1946 1267 1985 et
1297 1943 1395 1986 inde
1419 1955 1506 1985 non
1524 1941 1741 1994 iudicium,

258 2002 332 2044 sed
359 2001 586 2043 mercedem
614 2000 804 2043 habeatis
832 2001 880 2043 in
909 2000 1081 2043 caelum.
1141 2000 1356 2042 Hactenus
1386 1998 1523 2041 Alexii
1539 1997 1739 2052 Epistola,

261 2071 387 2113 quam
417 2057 656 2112 genuinam,
687 2058 727 2099 et
757 2069 839 2100 non
870 2057 1093 2100 confictam
1128 2069 1226 2108 esse,
1251 2056 1318 2098 vel
1347 2055 1519 2098 minime
1539 2054 1742 2103 adulteri-

261 2127 370 2166 nam,
402 2113 564 2156 abunde
593 2114 772 2168 probant
803 2126 909 2168 quae
938 2126 985 2156 ex
1012 2113 1089 2155 illa
1119 2112 1333 2165 delibavit,
1371 2111 1618 2166 scriptisque
1656 2110 1742 2153 suis

260 2170 448 2236 inseruit,
467 2226 475 2235 ·
493 2170 563 2212 sed
592 2170 718 2235 longe
762 2170 1088 2234 elegantioribus
1127 2169 1299 2235 vestita·
1324 2169 1474 2234 vertis,
1517 2167 1742 2211 Guibertus

5 2293 136 2330 *Anna
160 2227 533 2340 „glutitis
556 2227 810 2326 (Ῑῖἐὲἔὲοῖῖῗῇ
823 2223 1742 2338 4130ῗὲἔὲἓὲἓῷθὲἒῖἓχέῃὲῗὲὲιιξῂἳὲἒῧεὲἓὲῗ

35 2342 115 2378 170.
143 2344 223 2378 176.
262 2339 525 2439 Galatiaeset
554 2340 869 2404 Paphlagoniae
899 2340 1032 2391 urbes,
1055 2352 1159 2394 quas
1183 2339 1293 2381 inter
1314 2338 1582 2404 pfaecipuum
1602 2338 1741 2402 locum

262 2394 1739 2518 {32¹3}st133853132‘215322533233220103513¹32t¹33eisstzzzssvbgfflffiz

23 2518 250 2565 Pag.202.A
385 2505 565 2564 Ὅρκον]
608 2509 868 2561 Hominium,
901 2509 1134 2552 cuiusmodi
1165 2509 1295 2552 eidem
1322 2507 1468 2551 Alexio
1499 2508 1551 2551 ab
1582 2506 1742 2550 Gotho-

261 2565 376 2608 fredo
387 2565 667 2665 13ΒΕΙΙὶοιιείῃξί
684 2566 975 2665 8eaeteriggge
1005 2566 1253 2609 Proceribus
1283 2565 1455 2608 Francis
1492 2563 1742 2619 praestitum

263 2634 386 2666 narra
475 2635 559 2665 nna
606 2636 661 2665 1.
714 2656 723 2665 .
781 2636 848 2665 a.
956 2656 965 2665 .

215 2689 251 2725 A
396 2677 685 2733 Μαρκέλλαν]
715 2636 874 2722 Pgulgus
895 2679 1014 2722 Diae.
1043 2679 1115 2722 lib.
1139 2679 1206 2722 23.
1238 2678 1349 2721 Hist.
1372 2677 1547 2720 Miscell.
1569 2677 1613 2719 in
1632 2675 1740 2719 Con-

262 2734 449 2777 stantino
478 2735 614 2778 Irenes
645 2735 751 2778 filio:
796 2735 911 2779 Iulio
951 2749 1090 2779 mense
1126 2737 1352 2779 exercitum
1380 2735 1507 2777 movit
1538 2734 1740 2777 adversus

263 2790 488 2845 Bulyares,
519 2795 557 2834 et
587 2793 822 2835 construxit
853 2796 1035 2836 castrum
1063 2792 1382 2836 Marcellorum.
1443 2791 1601 2834 Eodem
1633 2790 1740 2832 libro

264 2846 478 2891 Marcella
507 2848 674 2902 dicitur,
704 2847 800 2904 qu
829 2850 994 2892 veniam
1024 2850 1082 2893 ad
1108 2848 1376 2893 Marcellam.
