1768 3152
193 229 247 274 38
713 234 879 270 ANNAE
911 234 1180 269 coMNENAE

193 354 405 413 πρέσβεις
433 355 668 413 τηνικαῦτα
707 352 928 410 ἐκπέμπει
978 349 1094 410 πρὸς
1135 347 1214 396 τόν
1258 351 1397 395 δοῦκα
1439 351 1688 409 Δυρραχίου

194 422 337 470 εἷ’κοσι
366 421 482 481 πρὸς
528 426 624 476 τοῖς
668 423 877 478 τέσσαρσι
923 420 1001 466 τὸν
1037 415 1246 477 ἅριθμόν,
1280 416 1455 475 θώραξι
1489 420 1691 478 χρυσέοις

148 491 272 540 Βσύν
303 495 457 545 αὐταῖς
486 495 664 550 κνημῖσι
703 490 1169 549 περιπεφραγμένους,
1214 486 1326 545 μετὰ
1368 491 1449 533 τοῦ
1497 486 1691 548 κόμητος

199 561 551 620 Τζερπεντηρίου
583 561 655 604 καὶ
698 557 826 604 Ἠλία
855 562 936 604 τοῦ
968 560 1015 603 ἐκ
1050 558 1375 616 Θεσσαλονίκης
1408 552 1691 615 οἷποδράσαν-

193 649 271 685 τος
301 625 394 675 dm}
427 633 508 675 τοῦ
539 626 879 688 αὖτοκράτορος.
941 626 981 673 οἳ
1008 629 1057 673 δὲ
1076 626 1194 685 πρὸς
1223 626 1302 672 τόν
1333 629 1476 672 δοῧκα
1506 630 1727 672 τοιαῦταῐ)

195 699 347 758 ἔλεγον
380 697 604 758 ((γνιοστὸν
641 698 756 744 ἔστω
788 714 873 752 σοι,
907 699 1026 755 δούξ,
1057 695 1126 742 ὅτι
1158 696 1182 741 ό
1214 694 1365 754 κύριος
1394 695 1521 758 ἡμῶν
1548 689 1693 752 Οῧβος

195 766 302 813 ὅσον
330 763 412 830 ἤδη
441 765 765 825 καταλαμβάνει
791 762 1121 823 ἅναλαβόμενος
1153 763 1246 810 ἄπο
1275 763 1444 824 Ῥώμης
1483 764 1563 828 τὴν
1592 784 1693 823 χρυ-

195 840 276 899 σῆν
319 841 400 882 τοῦ
441 835 566 896 ἁγίου
609 838 787 894 Πέτρου
825 837 1028 895 σημαίαν.
1091 832 1280 894 α’ρχηγον
1317 836 1366 880 δὲ
1405 837 1565 880 τοῦτον
1595 834 1693 878 ἐπί-

193 923 333 952 στασο
364 908 443 952 τοῦ
480 909 728 965 Φραγγικοῦ
759 903 1091 963 στρατεύματος
1129 903 1340 958 ἅπαντος.
1398 900 1694 961 ἑτοιμάσθητι

194 979 299 1034 γοῦν
327 974 445 1033 πρὸς
473 974 552 1037 τὴν
582 973 744 1020 τούτου
776 976 848 1019 καὶ
887 976 979 1019 τῶν
1020 972 1096 1020 ὑπ’
1126 969 1262 1018 αὐτόν
1301 971 1530 1031 δυνάμεων
1560 970 1693 1033 δοχὴν
1708 981 1753 1017 10

194 1039 319 1100 ἅξίαν
359 1048 437 1105 τῆς
480 1041 616 1089 αὐτοῦ
664 1044 867 1099 ἐξουσίας
911 1044 985 1087 καὶ
1029 1040 1108 1102 τὴν
1155 1040 1272 1100 πρὸς
1316 1040 1450 1087 αὐτόν
1492 1038 1694 1098 ὖπαντῆν

196 1110 534 1170 ποιησόμενος”.
593 1110 764 1158 τούτων
807 1115 990 1157 τοιαῦτα
1036 1110 1153 1169 πρὸς
1195 1111 1274 1157 τόν
1310 1112 1448 1156 δοῦκα
1475 1106 1692 1168 λεγόντων

196 1179 220 1225 ὁ
255 1173 398 1239 Οῧβος
427 1181 499 1227 διὰ
526 1184 605 1243 τῆς
628 1179 796 1240 Ῥώμης
825 1180 890 1235 εἷς
909 1181 1252 1239 Λογγιβαρδίαν,
1287 1180 1346 1234 ὠς
1376 1177 1558 1238 εἴρηται,
1591 1194 1694 1222 κατ-

196 1250 348 1297 ελθών
391 1253 465 1297 καὶ
511 1250 583 1297 διὰ
625 1253 703 1311 τῆς
752 1248 937 1308 Βάρεως
977 1248 1038 1304 ὠς
1080 1249 1196 1308 πρὸς
1238 1248 1289 1294 τό
1334 1245 1571 1306 Ἰλλυρικὸν
1615 1245 1693 1291 τόν

195 1317 432 1365 ἀπόπλουν
461 1319 733 1378 ποιούμενος
761 1317 951 1364 κλύδωνι
984 1320 1177 1379 μεγίστῳ
1203 1316 1464 1377 περιπεσών
1484 1313 1692 1362 ἀπώλεσε
1709 1325 1753 1362 15

196 1389 254 1434 τοῖ
281 1391 424 1435 πλείω
462 1392 551 1434 τῶν
579 1387 715 1435 αὖτοῖ
754 1390 927 1434 πλοίων
966 1389 1045 1434 σύν
1083 1384 1236 1442 αὗτοῖς
1275 1388 1443 1445 ἐρέταις
1486 1387 1559 1431 καὶ
1596 1386 1695 1431 ἑπι-

46 1459 87 1496 P·
114 1460 184 1495 289
194 1456 375 1514 βάταις,
409 1457 507 1513 ἑνὸς
535 1456 674 1516 μόνου
710 1455 928 1518 σκάφους,
973 1458 1017 1503 ἕν
1049 1449 1085 1517 ᾦ
1114 1453 1249 1511 αὖτός
1281 1456 1426 1514 ἔτυχε,
1467 1455 1579 1501 κατὰ
1616 1453 1695 1516 τὴν

195 1529 458 1586 μεσαίχμιον
500 1529 723 1585 παραλίαν
759 1528 840 1572 τοῦ
885 1544 934 1572 τε
982 1527 1229 1586 Δυρραχίου
1274 1528 1348 1571 καὶ
1389 1524 1536 1571 τόπου
1576 1522 1695 1578 τινὸς

194 1598 465 1654 καλουμένου
488 1594 670 1650 Πάλους
698 1591 1077 1649 ἅποπτυσθέντος
1098 1590 1199 1640 οἷον
1219 1593 1342 1653 παρὰ
1373 1597 1464 1639 τῶν
1487 1592 1694 1652 κυμάτων

194 1666 268 1710 καὶ
298 1661 435 1710 αὗτοῢ
457 1663 780 1727 ἡμιθραύστου.
829 1663 1096 1722 παραδόξως
1111 1665 1159 1709 δὲ
1179 1663 1325 1724 τούτῳ
1347 1664 1544 1710 σωθέντι
1565 1682 1694 1721 περι-
1705 1669 1754 1707 20

193 1732 400 1790 τυχόντες
429 1732 508 1780 δύο
532 1735 647 1790 τινὲς
675 1737 765 1779 τῶν
796 1730 1196 1791 περισκοπούντων
1227 1731 1306 1796 τὴν
1326 1730 1488 1778 τούτου
1522 1731 1694 1778 ἔλευσιν

193 1805 515 1860 μετεκαλοῢντο
535 1799 670 1849 αὖτὸν
690 1804 886 1861 λέγοντες
902 1802 962 1857 ὥς
996 1801 1049 1848 “5
1073 1801 1183 1859 δούξ
1200 1799 1494 1858 ἇπεκδέχεταί
1513 1818 1595 1848 σου
1615 1799 1694 1864 τὴν

331 1944 364 1979 2.
394 1947 469 1982 τοῖς
494 1955 566 1979 om.
586 1943 629 1980 G.
766 1944 800 1980 4.
826 1947 1101 1990 Ζερπεντηρίου
1129 1943 1167 1979 O.
1305 1944 1338 1979 5.
1371 1943 1434 1979 τοῦ
1461 1942 1565 1989 FGG,
1592 1940 1635 1978 οὐ
1653 1943 1692 1978 Ρ.

331 1994 365 2028 9.
393 1988 590 2038 ἑτοιμάσαι
615 1993 815 2039 τοιγαροῦν
840 1992 912 2028 CG.
1078 1993 1133 2028 14.
1161 1989 1229 2028 τὸν
1252 1991 1295 2028 F.
1450 1993 1505 2027 16.
1534 1989 1624 2026 nult
1651 1991 1692 2027 F.

333 2042 387 2076 17.
413 2037 541 2086 μόνως
566 2041 609 2077 G.
814 2042 873 2077 21.
901 2042 975 2077 τῶν
999 2036 1330 2087 περισκοπούντων
1355 2041 1396 2085 F,
1424 2041 1694 2088 περισκοποῦν-

329 2101 388 2129 τες
413 2089 455 2126 Ρ.
595 2091 653 2126 22.
680 2087 929 2137 ἀπεκδέχεται
955 2090 994 2137 C,
1022 2090 1266 2138 ἐπεκδέχεται
1290 2089 1331 2126 Ρ.

196 2204 280 2241 diae
305 2204 397 2241 litus
423 2204 587 2241 feliciter
611 2206 798 2252 pervenit,
825 2205 969 2254 legatos
995 2206 1043 2243 ad
1073 2206 1206 2243 ducem
1226 2204 1429 2252 Dyrrachii
1454 2205 1577 2242 mittit
1605 2219 1695 2253 qua-

196 2255 285 2289 tuor
311 2255 349 2289 et
374 2254 510 2299 viginti
551 2266 681 2290 aureas
713 2255 852 2292 loricas
889 2267 1094 2301 ocreasque
1132 2255 1286 2292 indutos
1325 2266 1401 2291 una
1435 2267 1521 2291 cum
1555 2256 1695 2292 comite

197 2302 465 2347 Tzerpenterio
480 2305 518 2338 et
533 2303 628 2348 Elia,
653 2303 718 2349 qui
734 2303 1000 2340 Thessalonica
1025 2305 1073 2340 ab
1098 2304 1331 2351 imperatore
1356 2303 1590 2350 profugerat.
1629 2305 1696 2351 qui

197 2350 247 2386 ad
273 2350 406 2387 ducem
432 2352 472 2386 in
491 2351 590 2387 hunc
604 2352 758 2387 modum
777 2354 891 2389 verba
907 2353 1091 2390 fecerunt:
1119 2353 1286 2390 “Notum
1303 2354 1354 2389 sit
1371 2353 1456 2398 tibi,
1477 2364 1500 2389 o
1518 2352 1607 2399 dux,
1630 2353 1696 2389 do-

198 2399 343 2435 minum
368 2402 540 2435 nostrum
562 2400 687 2436 Ubum
709 2413 821 2446 quam
838 2401 1004 2447 primum
1023 2402 1226 2438 adventare
1249 2404 1398 2449 sumpto
1415 2401 1557 2438 Romae
1580 2413 1694 2438 aureo

199 2448 322 2484 sancti
348 2447 452 2484 Petri
477 2448 624 2485 vexillo.
668 2448 768 2486 hunc
794 2461 882 2486 vero
909 2451 1004 2487 scias
1031 2463 1219 2487 summum
1257 2463 1335 2487 esse
1368 2450 1502 2487 ducem
1528 2450 1696 2487 universi

197 2496 429 2532 Francorum
455 2498 656 2533 exercitus.
706 2510 797 2545 ergo
822 2501 861 2534 te
887 2511 980 2545 para
1006 2499 1054 2535 ad
1078 2500 1201 2546 ipsum
1221 2500 1506 2546 exercitumque
1524 2499 1604 2535 cius
1623 2511 1694 2546 pro

199 2545 387 2592 dignitate
400 2545 665 2592 excipiendum
681 2557 953 2593 occursumque
968 2548 1140 2584 debitum
1158 2549 1191 2584 ei
1206 2547 1476 2585 reddendum.'’
1506 2547 1598 2584 talia
1612 2547 1695 2584 istis

198 2593 286 2629 duci
323 2594 536 2631 dicentibus
582 2595 693 2632 Ubus
722 2595 844 2632 Roma
880 2596 919 2632 in
954 2597 1269 2644 Longibardiam,
1309 2599 1353 2633 ut
1391 2597 1694 2643 commemoravi,

197 2641 389 2689 profectus
420 2646 457 2678 et
481 2656 550 2690 per
576 2644 730 2680 Barium
757 2644 949 2690 Illyricum
982 2658 1111 2682 versus
1142 2647 1325 2693 navigans
1355 2646 1506 2692 ingenti
1535 2647 1694 2692 tempes-

198 2693 277 2727 tate
302 2690 501 2737 plerasque
529 2704 641 2729 naves
667 2704 751 2729 suas
777 2706 862 2730 cum
879 2694 1005 2730 nautis
1031 2695 1290 2741 militibusque
1315 2694 1459 2740 amisit3
1487 2706 1562 2730 una
1587 2694 1693 2730 dum·

198 2741 306 2775 taxat
329 2739 478 2785 scapha,
505 2753 578 2786 qua
603 2741 701 2778 forte
726 2741 806 2788 ipse
830 2742 1049 2787 vehebatur,
1088 2743 1268 2780 fluctibus
1294 2746 1332 2779 et
1365 2744 1448 2790 ipsa
1478 2743 1695 2780 semilacera

200 2788 248 2823 ad
273 2788 364 2824 litus
389 2788 492 2824 inter
505 2789 756 2835 Dyrrachium
772 2793 810 2826 et
825 2791 962 2834 locum,
988 2793 1052 2837 qui
1067 2792 1181 2828 Palus
1199 2794 1371 2838 vocatur,
1396 2792 1513 2828 eiecta
1533 2794 1599 2828 est.
1641 2792 1697 2828 ita

201 2836 429 2873 mirabiliter
457 2840 605 2875 servato
623 2838 696 2885 ipsi
714 2838 864 2875 obviam
884 2839 982 2876 fiunt
1007 2841 1082 2877 duo
1101 2841 1253 2887 quidam
1278 2853 1420 2887 eorum,
1448 2841 1514 2887 qui
1533 2839 1612 2877 eius
1634 2840 1697 2876 ad·
1733 2863 1755 2872 -‹

199 2887 355 2922 ventum
371 2886 635 2935 observabant,
649 2899 807 2935 eumque
821 2889 1090 2936 compellantes
1105 2890 1238 2926 “Dux”
1251 2889 1359 2926 aiunt
1372 2889 1571 2937 “expectat
1586 2892 1695 2926 tuum
