1734 3120
447 222 711 265 nammis
741 223 834 266 Lm.
863 223 966 266 xm.
1004 221 1064 266 12.
1423 217 1502 266 241

24 349 194 393 σασθαι
221 347 325 392 καθ’
356 344 598 404 ὁλόκληρον
625 335 772 389 αὗται·
795 343 848 390 τό
879 362 927 390 τε
955 347 1078 403 θέμα
1095 345 1148 391 τὸ
1165 347 1399 392 Ποδανδὸν
1428 368 1455 391 ιε
1486 369 1511 391 κ

23 415 96 459 καὶ
126 413 242 472 πρὸς
270 411 447 466 τούτοις
474 411 527 457 τό
556 410 855 470 στρατηγάτον
891 414 976 470 τῆς
1010 417 1184 470 Ταρσοῦ
1224 412 1402 468 πόλεως
1441 416 1513 459 καὶ

23 476 239 541 {fudam
267 479 400 535 πόλις
427 482 502 525 καὶ
529 478 574 525 αἶ
604 484 685 525 τοῦ
715 477 892 538 Μόψου
925 478 1067 526 ἑστίαι
1108 482 1181 526 καὶ
1210 479 1237 540 ἡ
1268 477 1515 539 Ἀνάβαρζα

23 550 109 603 καί,
140 547 375 595 συνελόντα
406 546 555 609 φάναι,
593 546 621 607 ἡ
658 546 781 605 χώρα
819 551 944 594 πᾶσα
980 551 1059 608 τῆς
1089 551 1304 604 Κιλικίας,
1343 548 1450 609 ὅσην
1489 547 1513 594 ὁ

0 615 206 672 ῖΚύδνος
232 618 306 663 καὶ
333 615 359 662 o‘
380 614 559 674 ‘'Eopnov
583 618 931 674 περιορίζουσιν·
964 616 1023 670 ὠς
1051 618 1099 662 δέ
1127 618 1201 662 καὶ
1230 615 1256 676 ἡ
1285 619 1515 676 στρατηγὶς

24 688 272 732 Λαοδίκεια
299 689 380 745 τῆς
407 687 569 743 Συρίας
597 687 670 731 καὶ
708 681 816 731 αὐτὸ
855 684 1091 747 δήπουθεν
1127 685 1180 732 τό
1219 685 1515 746 στρατηγάτον

24 759 55 798 Ι
57 752 253 811 αβάλων,
306 750 334 800 ὃ
376 755 450 800 καὶ
492 755 636 811 Ζέβελ
679 752 1112 812 ὖποβαρβαρίζοντες
1155 756 1348 814 λέγομεν,
1386 753 1442 800 τά
1466 763 1555 800 τεΟ

25 821 302 882 στρατηγάτα
322 823 556 876 Βαλανέως
581 823 654 867 καὶ
675 824 928 881 Μαρακέως
955 824 1028 868 καὶ
1055 822 1081 882 ἡ
1111 819 1386 882 Ἀντάραδος
1403 822 1516 882 μετὰ

24 894 102 948 τῆς
127 888 414 949 Ἀνταρτοῦς·
444 892 727 950 στρατηγίδες
751 890 832 950 γὰρ
851 893 924 936 καὶ
942 890 1188 952 ἀμφότερα.
1239 890 1377 937 ταῦτά
1406 891 1517 937 εἰσιν

0 957 140 1017 Ιῖίπερ
169 957 447 1018 ἀποκόψασα
475 958 502 1019 ἡ
531 961 734 1016 βασιλεία
762 958 886 1017 ὑμῶν
913 964 992 1020 τῆς
1019 958 1125 1019 ὅλης
1153 963 1359 1022 δουκικῆς
1384 963 1518 1020 ἀρχῆς

18 1027 292 1084 Ἀντιοχείας
319 1029 394 1073 καὶ
424 1031 488 1087 τῷ
517 1026 667 1087 κύκλῳ
696 1031 776 1073 τοῦ
805 1026 994 1086 κράτους
1019 1030 1311 1087 προσένειμεν
1340 1031 1518 1080 ἐκεῖθεν

1 1092 287 1156 αφελομένη.
359 1097 437 1141 καὶ
480 1097 648 1155 στέργω
690 1098 763 1141 καὶ
804 1102 903 1150 τοῖς
947 1115 996 1142 τε
1039 1099 1294 1155 δεδομένοις
1321 1100 1394 1143 καὶ
1422 1101 1519 1151 τοῖς

23 1160 323 1224 ἅφηρημένοις
351 1182 576 1218 ωσαυτως.
632 1166 707 1209 καὶ
734 1160 981 1223 ανθέξομαι
1004 1166 1086 1223 μὲν
1113 1169 1205 1211 τῶν
1233 1167 1416 1212 δικαίων
1444 1167 1518 1210 καὶ

23 1233 283 1290 προνομίων
313 1223 376 1278 ὦν
403 1234 657 1291 παρέλαβον
685 1228 765 1293 αφ’
805 1231 942 1291 ὖμῶν,
966 1252 1045 1279 ουκ
1074 1229 1442 1294 αντιποιησαίμην
1468 1235 1517 1279 δὲ

0 1291 87 1345 ἱων
116 1296 169 1345 οὗ
195 1301 459 1358 παρέλαβον.
529 1298 623 1346 ουδ’
651 1299 705 1345 ἂν
734 1302 983 1361 ὑπερβαίην
1009 1320 1114 1356 τους
1140 1301 1285 1361 ὅρους,
1317 1298 1410 1348 αλλ’
1441 1303 1517 1359 ἐμ-

22 1372 142 1425 μενῶ
187 1373 285 1422 τοῖς
337 1370 660 1429 δεδωρημένοις
703 1374 878 1427 κρατῶν
922 1389 1034 1415 αυτα
1078 1372 1151 1416 καὶ
1193 1370 1512 1429 καρπούμενος,

22 1436 174 1493 μέχρις
205 1433 259 1480 ι’ὶν
285 1440 352 1496 τῷ
381 1437 468 1496 βίῳ
495 1439 654 1494 περιῶ,
687 1436 810 1483 καθὰ
839 1436 1189 1500 προδεδήλωται.
1230 1438 1342 1496 μετὰ
1371 1440 1421 1484 δὲ
1438 1437 1561 1498 τὴνΙ)

24 1505 134 1563 ἐμήν
162 1504 380 1559 τελευτίν,
412 1504 475 1559 ὠς
502 1507 575 1550 καὶ
603 1508 738 1551 τοῦτο
782 1507 1128 1565 προγέγραπται,
1166 1503 1514 1566 ἆναδραμοῦνται

23 1571 142 1629 πρὸς
163 1571 245 1627 τὰς
273 1573 439 1627 οἰκείας
466 1569 603 1631 ἀρχὰς
631 1576 704 1619 καὶ
733 1572 847 1620 ὅθεν
885 1574 951 1629 εἷς
980 1574 1087 1637 ἐμὴν
1121 1577 1323 1632 ἐξουσίαν
1352 1574 1516 1634 ἐδόθη-

0 1648 117 1687 ὶσαν.
178 1639 419 1722 ἐπισκήψω
449 1641 531 1701 γὰρ
567 1647 664 1696 τοῖς
694 1644 820 1700 ἐμοῖς
849 1642 1116 1701 ἐπιτρόποις
1150 1646 1224 1689 καὶ
1253 1640 1518 1703 ἀνθρώποις

23 1706 135 1753 κατὰ
163 1710 242 1768 τὴν
284 1711 538 1755 τελευταίαν
579 1728 666 1768 μοι
709 1709 920 1770 βούλησιν
964 1707 1224 1758 αποδώσειν
1262 1730 1345 1765 τας
1372 1710 1517 1769 χώρας

24 1775 205 1832 απάσας
231 1777 311 1832 τὰς
339 1778 569 1838 εἰρημένας
598 1784 665 1839 τῷ
703 1778 919 1840 σκήπτρῳ
956 1784 1035 1840 τῆς
1069 1785 1158 1826 τῶν
1184 1781 1410 1838 Ῥωμαίων
1438 1776 1516 1836 ἆρ-

23 1848 102 1906 χῆς
129 1847 266 1905 μηδὲν
300 1844 424 1904 παρὰ
461 1845 556 1909 τὴν
578 1843 799 1893 απόδοσιν
835 1850 1248 1907 περιεργαζομένοις
1283 1867 1307 1892 τ
1340 1847 1404 1902 εἷς
1431 1843 1515 1904 ἆμ-

162 1934 192 1968 1.
220 1929 375 1969 Δανδόν
401 1932 439 1969 C.
510 1933 680 1970 lacunam
711 1935 869 1981 signavi.
980 1934 1014 1971 9.
1038 1933 1126 1981 γὰρ]
1154 1934 1224 1970 δὲ’.)
1335 1934 1393 1970 21.
1419 1931 1513 1969 ιἰπο-

159 1977 297 2018 δώσειν
320 1981 362 2023 F,
387 1978 598 2018 ἀποδοῦναι
622 1982 664 2019 P.
808 1984 867 2019 23.
894 1981 1129 2031 ἀαφιβολίαν
1154 1983 1189 2018 C.

25 2067 260 2104 Antiocheno
280 2069 462 2116 abscissae
489 2069 685 2106 voluntate
711 2071 917 2107 maiestatis
938 2074 1082 2107 vestrae
1110 2070 1312 2118 adiungere
1336 2081 1397 2106 eas
1421 2070 1516 2106 inte-

24 2129 114 2164 gras
152 2117 300 2164 reliquo
323 2118 482 2164 imperio
507 2119 694 2164 cupientis
712 2118 807 2155 hae:
839 2119 967 2155 thema
988 2119 1207 2155 Podandum
1227 2135 1269 2150 *t
1297 2121 1335 2154 et
1358 2118 1406 2154 ad
1425 2118 1515 2155 haec

23 2169 272 2212 strategatum
286 2165 394 2202 Tarsi
420 2167 536 2210 urbis,
552 2167 687 2202 Adana
705 2168 849 2213 civitas,
868 2167 1118 2214 Mopsuestiae
1143 2171 1182 2204 et
1194 2168 1389 2203 Anabarza
1405 2170 1455 2211 et,
1471 2170 1515 2202 ut

23 2214 152 2260 paucis
166 2214 299 2259 dicam,
309 2216 483 2251 universa
490 2215 640 2251 Ciliciae
654 2219 767 2260 terra,
782 2220 966 2262 quatenus
978 2216 1110 2251 finitur
1123 2216 1249 2262 Cydno
1266 2219 1305 2257 et
1311 2215 1513 2251 Hermone:

24 2263 200 2309 strategis
235 2275 349 2309 porro
374 2263 560 2300 Laodicea
590 2264 718 2311 Syriae
752 2267 950 2311 ipsumque
986 2268 1234 2311 strategatum
1273 2264 1512 2309 Gabalornm‚

25 2311 125 2357 quod
147 2322 215 2346 nos
240 2312 474 2348 subbarbara
498 2312 749 2359 appellatione
773 2313 885 2349 Zebel
911 2314 1165 2358 nominamus;
1192 2315 1398 2358 strategata
1422 2323 1513 2359 quo-

25 2371 98 2416 que
122 2359 275 2396 Balanei
310 2364 350 2396 et
373 2360 535 2397 Maraoei
574 2365 613 2397 et
639 2362 854 2397 Antaradus
878 2373 962 2398 cum
989 2363 1172 2406 Antarto3
1211 2361 1387 2406 strategis
1422 2371 1512 2396 vero

24 2409 137 2443 etiam
163 2407 254 2444 haec
277 2411 448 2455 utraque.
496 2409 587 2445 haec
611 2413 712 2454 sunt,
731 2421 826 2455 quae
848 2409 993 2445 divulsa
1016 2422 1039 2445 a
1059 2389 1198 2445 ducatu
1210 2409 1433 2444 Antiochiae
1447 2419 1512 2454 po-

25 2459 140 2492 testas
163 2459 290 2492 vestra
310 2458 395 2493 orbi
420 2458 570 2504 imperii
595 2437 734 2494 adiecit
757 2458 862 2494 illinc
886 2458 1047 2504 dempta.
1099 2469 1166 2504 ego
1196 2469 1284 2493 vero
1320 2457 1513 2503 acquiesco

25 2503 125 2540 datis
166 2506 310 2551 pariter
345 2509 458 2552 atque
496 2506 631 2542 ablatis
665 2507 842 2542 omnibus
881 2510 919 2542 et
956 2510 1000 2542 ut
1027 2506 1173 2541 iuribus
1198 2506 1400 2541 inhaerebo
1435 2505 1515 2551 pri·

26 2553 257 2600 vilegiisque,
281 2565 375 2600 quae
399 2555 507 2591 vobis
532 2558 685 2601 accepta
709 2555 851 2598 refero,
888 2555 943 2590 ita
967 2555 1014 2590 ab
1039 2554 1114 2589 illis
1142 2554 1347 2597 abstinebo,
1373 2565 1468 2599 quae
1493 2564 1516 2588 a

0 2602 4 2643 s
26 2601 134 2637 vobis
159 2613 233 2637 non
259 2603 396 2649 accepi,
419 2614 488 2639 nec
510 2602 603 2639 fines
630 2604 811 2647 transibo,
838 2602 900 2638 sed
925 2603 972 2638 iis
993 2605 1190 2639 contentus
1215 2613 1291 2646 ero,
1318 2604 1517 2647 quaesunt

0 2680 3 2682 .
25 2649 120 2685 mihi
143 2651 293 2686 muneri
316 2650 416 2696 data,
428 2652 621 2698 possidens
647 2664 691 2687 ea
715 2652 847 2697 iisque,
873 2651 1051 2697 quamdiu
1066 2651 1145 2686 vita
1161 2650 1358 2696 supererit,
1378 2650 1516 2692 fruens,

0 2707 6 2742 ξ
26 2701 71 2733 ut
93 2702 204 2734 antea
226 2698 370 2735 dietum
408 2703 483 2746 est;
521 2703 607 2746 post
631 2701 776 2736 obitum
803 2703 931 2735 autem
957 2711 1091 2754 meum,
1128 2701 1244 2744 prout
1267 2698 1338 2734 hoc
1371 2709 1518 2745 quoque

0 2745 301 2803 *praescriptum
325 2751 394 2785 est.
420 2747 469 2783 ad
493 2750 649 2795 propria
676 2748 854 2783 redibunt
879 2748 1047 2794 imperia,
1063 2747 1163 2782 unde
1186 2746 1280 2781 mihi
1295 2746 1518 2792 possidenda

0 2781 285 2831 tradebantur.
337 2796 406 2832 sub
431 2796 543 2832 finem
568 2797 668 2832 enim
695 2797 797 2831 vitae
822 2807 924 2831 meae
948 2795 1257 2841 procuratoribus
1286 2794 1517 2830 hominibus-

0 2852 103 2910 {que
126 2844 219 2879 meis
243 2856 456 2890 supremam
481 2845 715 2881 voluntatem
740 2844 894 2889 edicam,
906 2844 1058 2879 restxtm
1083 2854 1142 2879 me
1155 2843 1249 2879 velle
1261 2843 1515 2879 Romanorum

0 2890 190 2942 {imperio
218 2892 339 2929 dictas
362 2893 535 2940 regiones
558 2895 751 2930 universas
774 2896 812 2928 et
850 2895 976 2929 vetare
1012 2903 1074 2928 eos
1110 2892 1185 2927 niti
1221 2894 1354 2928 contra
1389 2902 1515 2927 earum

0 2994 21 3014 ἡ,
101 2962 218 2999 Anna
242 2962 436 3001 Comma„
487 2964 543 3001 Π.
1217 2964 1260 2998 16

0 3033 16 3058 ἕ
