<?xml version="1.0" encoding="UTF-8"?>
<!DOCTYPE html PUBLIC "-//W3C//DTD XHTML 1.0 Transitional//EN"
    "http://www.w3.org/TR/xhtml1/DTD/xhtml1-transitional.dtd">
<html xmlns="http://www.w3.org/1999/xhtml" xml:lang="en" lang="en">
 <head>
  <title>
</title>
<meta http-equiv="Content-Type" content="text/html;charset=utf-8" />
  <meta name='ocr-system' content='tesseract 3.04.00' />
  <meta name='ocr-capabilities' content='ocr_page ocr_carea ocr_par ocr_line ocrx_word'/>
</head>
<body>
  <div class='ocr_page' id='page_1' title='image "./corpusscriptorum03niebuoft_0098.png"; bbox 0 0 1812 3184; ppageno 0'>
   <div class='ocr_carea' id='block_1_1' title="bbox 271 224 1244 268">
    <p class='ocr_par' dir='ltr' id='par_1_1' title="bbox 271 224 1244 268">
     <span class='ocr_line' id='line_1_1' title="bbox 271 224 1244 268; baseline -0.002 0"><span class='ocrx_word' id='word_1_1' title='bbox 271 224 325 268; x_wconf 81' lang='lat'><em>80</em></span> <span class='ocrx_word' id='word_1_2' title='bbox 779 229 945 267; x_wconf 76' lang='lat' dir='ltr'>ANNAE</span> <span class='ocrx_word' id='word_1_3' title='bbox 976 229 1244 267; x_wconf 75' lang='lat' dir='ltr'><strong>coMNENAE</strong></span> 
     </span>
    </p>
   </div>
   <div class='ocr_carea' id='block_1_2' title="bbox 117 345 1812 1715">
    <p class='ocr_par' dir='ltr' id='par_1_2' title="bbox 117 345 1812 1715">
     <span class='ocr_line' id='line_1_2' title="bbox 270 345 1764 406; baseline -0.001 -11"><span class='ocrx_word' id='word_1_4' title='bbox 270 353 428 395; x_wconf 82' lang='grc' dir='ltr'><em>ἵππων</em></span> <span class='ocrx_word' id='word_1_5' title='bbox 455 346 705 406; x_wconf 79' lang='grc' dir='ltr'><em>ἇποβάντες</em></span> <span class='ocrx_word' id='word_1_6' title='bbox 734 347 920 403; x_wconf 73' lang='grc' dir='ltr'><em>τούτους</em></span> <span class='ocrx_word' id='word_1_7' title='bbox 949 345 1187 406; x_wconf 68' lang='grc' dir='ltr'><em>ἀνέψυχον.</em></span> <span class='ocrx_word' id='word_1_8' title='bbox 1241 349 1340 394; x_wconf 75' lang='grc' dir='ltr'><em>ἐπεὶ</em></span> <span class='ocrx_word' id='word_1_9' title='bbox 1373 351 1410 394; x_wconf 81' lang='grc' dir='ltr'><em>δ’</em></span> <span class='ocrx_word' id='word_1_10' title='bbox 1434 347 1457 394; x_wconf 85' lang='grc' dir='ltr'>ὁ</span> <span class='ocrx_word' id='word_1_11' title='bbox 1479 349 1560 406; x_wconf 77' lang='grc' dir='ltr'><em>μὲν</em></span> <span class='ocrx_word' id='word_1_12' title='bbox 1581 352 1764 394; x_wconf 86' lang='grc' dir='ltr'><em>Μονασ-</em></span> 
     </span>
     <span class='ocr_line' id='line_1_3' title="bbox 267 411 1767 478; baseline -0.002 -15"><span class='ocrx_word' id='word_1_13' title='bbox 267 423 373 476; x_wconf 86' lang='grc' dir='ltr'><em>τρᾶς</em></span> <span class='ocrx_word' id='word_1_14' title='bbox 393 417 720 476; x_wconf 78' lang='grc' dir='ltr'><em>μιξοβάρβαρος</em></span> <span class='ocrx_word' id='word_1_15' title='bbox 745 411 796 477; x_wconf 61' lang='grc' dir='ltr'><em>ἦν</em></span> <span class='ocrx_word' id='word_1_16' title='bbox 834 419 1004 478; x_wconf 81' lang='grc' dir='ltr'><em>καὶτῆς</em></span> <span class='ocrx_word' id='word_1_17' title='bbox 1036 420 1281 475; x_wconf 78' lang='grc' dir='ltr'><em>Τουρκικῆς</em></span> <span class='ocrx_word' id='word_1_18' title='bbox 1315 415 1510 476; x_wconf 79' lang='grc' dir='ltr'><em>εἶδήμων</em></span> <span class='ocrx_word' id='word_1_19' title='bbox 1537 417 1767 462; x_wconf 78' lang='grc' dir='ltr'><em>διαλέκτου</em></span> 
     </span>
     <span class='ocr_line' id='line_1_4' title="bbox 269 483 1768 545; baseline -0.001 -13"><span class='ocrx_word' id='word_1_20' title='bbox 269 489 340 532; x_wconf 84' lang='grc' dir='ltr'><strong><em>καί</em></strong></span> <span class='ocrx_word' id='word_1_21' title='bbox 368 483 501 541; x_wconf 68' lang='grc' dir='ltr'><em>αὐτὸς</em></span> <span class='ocrx_word' id='word_1_22' title='bbox 532 485 557 532; x_wconf 83' lang='grc' dir='ltr'>ὁ</span> <span class='ocrx_word' id='word_1_23' title='bbox 587 485 853 545; x_wconf 78' lang='grc' dir='ltr'><em>Ῥοδομηρὸς</em></span> <span class='ocrx_word' id='word_1_24' title='bbox 883 485 1021 530; x_wconf 85' lang='grc' dir='ltr'><em>πάλαι</em></span> <span class='ocrx_word' id='word_1_25' title='bbox 1053 484 1170 542; x_wconf 73' lang='grc' dir='ltr'><em>πρὸς</em></span> <span class='ocrx_word' id='word_1_26' title='bbox 1198 489 1287 530; x_wconf 82' lang='grc' dir='ltr'><em>τῶν</em></span> <span class='ocrx_word' id='word_1_27' title='bbox 1314 483 1526 543; x_wconf 74' lang='grc' dir='ltr'><em>Τούρκων</em></span> <span class='ocrx_word' id='word_1_28' title='bbox 1556 502 1768 540; x_wconf 82' lang='grc' dir='ltr'><em>κατασχε-</em></span> 
     </span>
     <span class='ocr_line' id='line_1_5' title="bbox 271 549 1769 612; baseline -0.002 -11"><span class='ocrx_word' id='word_1_29' title='bbox 271 557 373 609; x_wconf 72' lang='grc' dir='ltr'><em>θεὶς</em></span> <span class='ocrx_word' id='word_1_30' title='bbox 404 557 474 600; x_wconf 81' lang='grc' dir='ltr'><em>καὶ</em></span> <span class='ocrx_word' id='word_1_31' title='bbox 505 554 663 612; x_wconf 81' lang='grc' dir='ltr'><em>χρόνον</em></span> <span class='ocrx_word' id='word_1_32' title='bbox 693 555 852 610; x_wconf 74' lang='grc' dir='ltr'><em>συχνὸν</em></span> <span class='ocrx_word' id='word_1_33' title='bbox 882 556 975 611; x_wconf 86' lang='grc' dir='ltr'><em>μετ’</em></span> <span class='ocrx_word' id='word_1_34' title='bbox 1008 550 1160 598; x_wconf 70' lang='grc' dir='ltr'><em>αὐτῶν</em></span> <span class='ocrx_word' id='word_1_35' title='bbox 1191 555 1478 612; x_wconf 77' lang='grc' dir='ltr'><em>ἕνδιατρίψας</em></span> <span class='ocrx_word' id='word_1_36' title='bbox 1504 550 1598 599; x_wconf 68' lang='grc' dir='ltr'><em>οὔδ’</em></span> <span class='ocrx_word' id='word_1_37' title='bbox 1635 549 1769 607; x_wconf 78' lang='grc' dir='ltr'><em>αὗτὸς</em></span> 
     </span>
     <span class='ocr_line' id='line_1_6' title="bbox 271 616 1804 683; baseline -0.001 -14"><span class='ocrx_word' id='word_1_38' title='bbox 271 623 410 683; x_wconf 71' lang='grc' dir='ltr'><em>ἀδαὴς</em></span> <span class='ocrx_word' id='word_1_39' title='bbox 450 628 532 682; x_wconf 84' lang='grc' dir='ltr'><em>τῆς</em></span> <span class='ocrx_word' id='word_1_40' title='bbox 574 627 779 681; x_wconf 80' lang='grc' dir='ltr'><em>τοιαύτης</em></span> <span class='ocrx_word' id='word_1_41' title='bbox 817 616 866 681; x_wconf 71' lang='grc' dir='ltr'><em>ἦν</em></span> <span class='ocrx_word' id='word_1_42' title='bbox 911 625 1153 678; x_wconf 68' lang='grc' dir='ltr'><em>διαλέκτου,</em></span> <span class='ocrx_word' id='word_1_43' title='bbox 1201 623 1427 677; x_wconf 67' lang='grc' dir='ltr'><em>πιθανούς</em></span> <span class='ocrx_word' id='word_1_44' title='bbox 1456 621 1574 680; x_wconf 79' lang='grc' dir='ltr'><em>πρὸς</em></span> <span class='ocrx_word' id='word_1_45' title='bbox 1606 618 1804 676; x_wconf 72' lang='grc' dir='ltr'><em>αὖτοὺςῧ</em></span> 
     </span>
     <span class='ocr_line' id='line_1_7' title="bbox 271 689 1768 752; baseline -0.001 -15"><span class='ocrx_word' id='word_1_46' title='bbox 271 696 441 748; x_wconf 78' lang='grc' dir='ltr'><em>συχνιῦς</em></span> <span class='ocrx_word' id='word_1_47' title='bbox 470 689 695 737; x_wconf 78' lang='grc' dir='ltr'><em>ἇνεκίνουν</em></span> <span class='ocrx_word' id='word_1_48' title='bbox 723 690 881 750; x_wconf 79' lang='grc' dir='ltr'><em>λόγους</em></span> <span class='ocrx_word' id='word_1_49' title='bbox 919 694 1025 736; x_wconf 78' lang='grc' dir='ltr'><em>“ἳνα</em></span> <span class='ocrx_word' id='word_1_50' title='bbox 1053 692 1127 736; x_wconf 85' lang='grc' dir='ltr'><em>τί”</em></span> <span class='ocrx_word' id='word_1_51' title='bbox 1158 692 1359 750; x_wconf 77' lang='grc' dir='ltr'><em>λέγοντες</em></span> <span class='ocrx_word' id='word_1_52' title='bbox 1401 689 1541 752; x_wconf 83' lang='grc' dir='ltr'><em>“ἡμῖν</em></span> <span class='ocrx_word' id='word_1_53' title='bbox 1573 692 1653 749; x_wconf 80' lang='grc' dir='ltr'><em>μὲν</em></span> <span class='ocrx_word' id='word_1_54' title='bbox 1683 695 1768 736; x_wconf 76' lang='grc' dir='ltr'><em>θα-</em></span> 
     </span>
     <span class='ocr_line' id='line_1_8' title="bbox 273 755 1769 820; baseline 0 -16"><span class='ocrx_word' id='word_1_55' title='bbox 273 758 404 805; x_wconf 85' lang='grc' dir='ltr'><em>νάτου</em></span> <span class='ocrx_word' id='word_1_56' title='bbox 435 759 652 820; x_wconf 78' lang='grc' dir='ltr'><em>ποτήριον</em></span> <span class='ocrx_word' id='word_1_57' title='bbox 670 765 852 819; x_wconf 51' lang='grc' dir='ltr'><em>,κιρνᾶτε</em></span> <span class='ocrx_word' id='word_1_58' title='bbox 885 757 987 806; x_wconf 64' lang='grc' dir='ltr'><em>ουδὲ</em></span> <span class='ocrx_word' id='word_1_59' title='bbox 1015 758 1176 818; x_wconf 83' lang='grc' dir='ltr'><em>μικράν</em></span> <span class='ocrx_word' id='word_1_60' title='bbox 1195 779 1293 806; x_wconf 88' lang='grc' dir='ltr'><em>τινα</em></span> <span class='ocrx_word' id='word_1_61' title='bbox 1322 761 1400 820; x_wconf 87' lang='grc' dir='ltr'><em>τὴν</em></span> <span class='ocrx_word' id='word_1_62' title='bbox 1421 755 1573 820; x_wconf 62' lang='grc' dir='ltr'><em>ὄνησιν</em></span> <span class='ocrx_word' id='word_1_63' title='bbox 1593 759 1769 813; x_wconf 72' lang='grc' dir='ltr'><em>ἑαυτοῖς</em></span> 
     </span>
     <span class='ocr_line' id='line_1_9' title="bbox 274 824 1769 887; baseline 0.001 -15"><span class='ocrx_word' id='word_1_64' title='bbox 274 829 483 874; x_wconf 71' lang='grc' dir='ltr'><em>ἐντεῦθεν</em></span> <span class='ocrx_word' id='word_1_65' title='bbox 525 827 966 887; x_wconf 73' lang='grc' dir='ltr'><em>πραγματευόμενοις</em></span> <span class='ocrx_word' id='word_1_66' title='bbox 1019 830 1146 886; x_wconf 81' lang='grc' dir='ltr'><em>ὑμεῖς</em></span> <span class='ocrx_word' id='word_1_67' title='bbox 1184 830 1233 874; x_wconf 78' lang='grc' dir='ltr'><em>δὲ</em></span> <span class='ocrx_word' id='word_1_68' title='bbox 1270 833 1361 875; x_wconf 82' lang='grc' dir='ltr'><em>τῶν</em></span> <span class='ocrx_word' id='word_1_69' title='bbox 1399 824 1548 874; x_wconf 63' lang='grc' dir='ltr'><em>ἄλλων</em></span> <span class='ocrx_word' id='word_1_70' title='bbox 1587 827 1769 874; x_wconf 84' lang='grc' dir='ltr'><em>πάντων</em></span> 
     </span>
     <span class='ocr_line' id='line_1_10' title="bbox 273 895 1769 957; baseline 0 -15"><span class='ocrx_word' id='word_1_71' title='bbox 273 896 474 956; x_wconf 76' lang='grc' dir='ltr'><em>μεγάλων</em></span> <span class='ocrx_word' id='word_1_72' title='bbox 502 896 776 957; x_wconf 76' lang='grc' dir='ltr'><em>ὁωρημάτων</em></span> <span class='ocrx_word' id='word_1_73' title='bbox 806 898 928 955; x_wconf 77' lang='grc' dir='ltr'><em>παρὰ</em></span> <span class='ocrx_word' id='word_1_74' title='bbox 956 902 1036 943; x_wconf 72' lang='grc' dir='ltr'><em>τοῦ</em></span> <span class='ocrx_word' id='word_1_75' title='bbox 1066 897 1396 956; x_wconf 78' lang='grc' dir='ltr'><em>αὐτοκράτορος</em></span> <span class='ocrx_word' id='word_1_76' title='bbox 1415 895 1769 944; x_wconf 78' lang='grc' dir='ltr'><em>ἅπολαυσάντων</em></span> 
     </span>
     <span class='ocr_line' id='line_1_11' title="bbox 235 965 1812 1028; baseline 0 -18"><span class='ocrx_word' id='word_1_77' title='bbox 235 968 346 1011; x_wconf 82' lang='grc' dir='ltr'><em>Οκαὶ</em></span> <span class='ocrx_word' id='word_1_78' title='bbox 377 968 562 1026; x_wconf 79' lang='grc' dir='ltr'><em>ἐτησίων</em></span> <span class='ocrx_word' id='word_1_79' title='bbox 591 965 825 1026; x_wconf 64' lang='grc' dir='ltr'><em>χρημάτων</em></span> <span class='ocrx_word' id='word_1_80' title='bbox 845 969 982 1028; x_wconf 80' lang='grc' dir='ltr'><strong><em>λῆψιν</em></strong></span> <span class='ocrx_word' id='word_1_81' title='bbox 1000 968 1308 1012; x_wconf 72' lang='grc' dir='ltr'><em>τυπωθέντων</em></span> <span class='ocrx_word' id='word_1_82' title='bbox 1328 967 1511 1022; x_wconf 67' lang='grc' dir='ltr'><em>ἑαυτούς</em></span> <span class='ocrx_word' id='word_1_83' title='bbox 1540 965 1770 1013; x_wconf 78' lang='grc' dir='ltr'><em>τοσούτων</em></span> <span class='ocrx_word' id='word_1_84' title='bbox 1783 977 1812 1011; x_wconf 76' lang='grc'><em>11</em></span> 
     </span>
     <span class='ocr_line' id='line_1_12' title="bbox 271 1031 1769 1099; baseline 0.001 -20"><span class='ocrx_word' id='word_1_85' title='bbox 271 1031 576 1093; x_wconf 69' lang='grc' dir='ltr'><em>ἀποστερεῖτε.</em></span> <span class='ocrx_word' id='word_1_86' title='bbox 630 1034 689 1096; x_wconf 75' lang='grc' dir='ltr'><em>μὴ</em></span> <span class='ocrx_word' id='word_1_87' title='bbox 734 1038 882 1080; x_wconf 78' lang='grc' dir='ltr'><em>τοίνυν</em></span> <span class='ocrx_word' id='word_1_88' title='bbox 925 1035 1041 1081; x_wconf 77' lang='grc' dir='ltr'><em>οῖ’τω</em></span> <span class='ocrx_word' id='word_1_89' title='bbox 1088 1038 1193 1094; x_wconf 81' lang='grc' dir='ltr'><em>περὶ</em></span> <span class='ocrx_word' id='word_1_90' title='bbox 1233 1036 1403 1082; x_wconf 70' lang='grc' dir='ltr'><em>ἑαυτῶν</em></span> <span class='ocrx_word' id='word_1_91' title='bbox 1439 1041 1648 1099; x_wconf 77' lang='grc' dir='ltr'><em>φρονεῖτε</em></span> <span class='ocrx_word' id='word_1_92' title='bbox 1697 1037 1769 1081; x_wconf 79' lang='grc' dir='ltr'><em>καὶ</em></span> 
     </span>
     <span class='ocr_line' id='line_1_13' title="bbox 271 1099 1769 1166; baseline 0.001 -18"><span class='ocrx_word' id='word_1_93' title='bbox 271 1102 369 1160; x_wconf 72' lang='grc' dir='ltr'><em>ἐξὸν</em></span> <span class='ocrx_word' id='word_1_94' title='bbox 398 1099 639 1157; x_wconf 71' lang='grc' dir='ltr'><em>ἄκινὸύνως</em></span> <span class='ocrx_word' id='word_1_95' title='bbox 668 1102 897 1161; x_wconf 75' lang='grc' dir='ltr'><em>σώζεσθαι</em></span> <span class='ocrx_word' id='word_1_96' title='bbox 927 1106 999 1150; x_wconf 80' lang='grc' dir='ltr'><em>καὶ</em></span> <span class='ocrx_word' id='word_1_97' title='bbox 1028 1103 1210 1165; x_wconf 69' lang='grc' dir='ltr'><em>πλούτῳ</em></span> <span class='ocrx_word' id='word_1_98' title='bbox 1229 1110 1461 1163; x_wconf 82' lang='grc' dir='ltr'><em>κομῶντας</em></span> <span class='ocrx_word' id='word_1_99' title='bbox 1490 1105 1554 1160; x_wconf 85' lang='grc' dir='ltr'><em>εἷς</em></span> <span class='ocrx_word' id='word_1_100' title='bbox 1583 1104 1769 1166; x_wconf 77' lang='grc' dir='ltr'><em>τάσφέ-</em></span> 
     </span>
     <span class='ocr_line' id='line_1_14' title="bbox 270 1172 1769 1233; baseline 0.002 -17"><span class='ocrx_word' id='word_1_101' title='bbox 270 1190 376 1231; x_wconf 88' lang='grc' dir='ltr'><em>τερα</em></span> <span class='ocrx_word' id='word_1_102' title='bbox 406 1174 753 1233; x_wconf 76' lang='grc' dir='ltr'><em>ἐπαναστρέφειν</em></span> <span class='ocrx_word' id='word_1_103' title='bbox 781 1174 854 1218; x_wconf 81' lang='grc' dir='ltr'><em>καὶ</em></span> <span class='ocrx_word' id='word_1_104' title='bbox 878 1177 1036 1231; x_wconf 77' lang='grc' dir='ltr'><em>χωρῶν</em></span> <span class='ocrx_word' id='word_1_105' title='bbox 1068 1173 1295 1233; x_wconf 76' lang='grc' dir='ltr'><em>ἐγκρατεῖς</em></span> <span class='ocrx_word' id='word_1_106' title='bbox 1323 1173 1435 1228; x_wconf 77' lang='grc' dir='ltr'><em>ἴσως</em></span> <span class='ocrx_word' id='word_1_107' title='bbox 1464 1176 1674 1233; x_wconf 74' lang='grc' dir='ltr'><em>γενέσθαι</em></span> <span class='ocrx_word' id='word_1_108' title='bbox 1705 1172 1769 1227; x_wconf 82' lang='grc' dir='ltr'><em>εἰς</em></span> 
     </span>
     <span class='ocr_line' id='line_1_15' title="bbox 274 1234 1768 1303; baseline 0.001 -18"><span class='ocrx_word' id='word_1_109' title='bbox 274 1234 509 1298; x_wconf 75' lang='grc' dir='ltr'><em>προῦπτον</em></span> <span class='ocrx_word' id='word_1_110' title='bbox 561 1240 742 1295; x_wconf 74' lang='grc' dir='ltr'><em>ἑαυτοὺς</em></span> <span class='ocrx_word' id='word_1_111' title='bbox 788 1243 1074 1300; x_wconf 72' lang='grc' dir='ltr'><em>ἑπιρρίπτετε</em></span> <span class='ocrx_word' id='word_1_112' title='bbox 1122 1244 1335 1290; x_wconf 77' lang='grc' dir='ltr'><em>κίνδυνον.</em></span> <span class='ocrx_word' id='word_1_113' title='bbox 1411 1241 1524 1298; x_wconf 73' lang='grc' dir='ltr'><em>ἴσως</em></span> <span class='ocrx_word' id='word_1_114' title='bbox 1570 1243 1650 1303; x_wconf 76' lang='grc' dir='ltr'><em>γὰρ</em></span> <span class='ocrx_word' id='word_1_115' title='bbox 1695 1242 1768 1288; x_wconf 81' lang='grc' dir='ltr'><em>καὶ</em></span> 
     </span>
     <span class='ocr_line' id='line_1_16' title="bbox 271 1307 1812 1373; baseline 0.001 -18"><span class='ocrx_word' id='word_1_116' title='bbox 271 1315 369 1364; x_wconf 87' lang='grc' dir='ltr'><em>τοῖς</em></span> <span class='ocrx_word' id='word_1_117' title='bbox 398 1312 588 1365; x_wconf 82' lang='grc' dir='ltr'><em>λοχῶσιν</em></span> <span class='ocrx_word' id='word_1_118' title='bbox 617 1307 753 1356; x_wconf 72' lang='grc' dir='ltr'><em>αὐτοῦ</em></span> <span class='ocrx_word' id='word_1_119' title='bbox 781 1329 872 1356; x_wconf 90' lang='grc' dir='ltr'><em>που</em></span> <span class='ocrx_word' id='word_1_120' title='bbox 900 1310 1134 1369; x_wconf 84' lang='grc' dir='ltr'><em>Ῥωμαίοις</em></span> <span class='ocrx_word' id='word_1_121' title='bbox 1165 1311 1450 1369; x_wconf 80' lang='grc' dir='ltr'><em>ἐντυχόντες”</em></span> <span class='ocrx_word' id='word_1_122' title='bbox 1481 1311 1643 1373; x_wconf 75' lang='grc' dir='ltr'><em>ῥύακας</em></span> <span class='ocrx_word' id='word_1_123' title='bbox 1668 1318 1768 1359; x_wconf 87' lang='grc' dir='ltr'><em>ταῖν</em></span> <span class='ocrx_word' id='word_1_124' title='bbox 1783 1321 1812 1358; x_wconf 81' lang='grc'><em>11</em></span> 
     </span>
     <span class='ocr_line' id='line_1_17' title="bbox 269 1377 1770 1441; baseline 0.003 -17"><span class='ocrx_word' id='word_1_125' title='bbox 269 1382 419 1436; x_wconf 87' lang='grc' dir='ltr'><em>χεροῖν</em></span> <span class='ocrx_word' id='word_1_126' title='bbox 439 1379 735 1435; x_wconf 77' lang='grc' dir='ltr'><em>ἐπιδείξαντες</em></span> <span class='ocrx_word' id='word_1_127' title='bbox 762 1380 833 1424; x_wconf 78' lang='grc' dir='ltr'><em>καὶ</em></span> <span class='ocrx_word' id='word_1_128' title='bbox 860 1378 1039 1434; x_wconf 73' lang='grc' dir='ltr'><em>ἑλώδεις</em></span> <span class='ocrx_word' id='word_1_129' title='bbox 1066 1379 1240 1435; x_wconf 87' lang='grc' dir='ltr'><em>τόπους</em></span> <span class='ocrx_word' id='word_1_130' title='bbox 1270 1377 1667 1441; x_wconf 55' lang='grc' dir='ltr'><em>((ἆναιρεθήσεσθε</em></span> <span class='ocrx_word' id='word_1_131' title='bbox 1696 1383 1770 1429; x_wconf 85' lang='grc' dir='ltr'><em>καὶ</em></span> 
     </span>
     <span class='ocr_line' id='line_1_18' title="bbox 270 1444 1768 1510; baseline 0.003 -17"><span class='ocrx_word' id='word_1_132' title='bbox 270 1449 347 1493; x_wconf 76' lang='grc' dir='ltr'><em>ἐπὶ</em></span> <span class='ocrx_word' id='word_1_133' title='bbox 374 1454 520 1503; x_wconf 86' lang='grc' dir='ltr'><em>κενοῖς</em></span> <span class='ocrx_word' id='word_1_134' title='bbox 547 1447 626 1508; x_wconf 82' lang='grc' dir='ltr'><em>τὴν</em></span> <span class='ocrx_word' id='word_1_135' title='bbox 646 1452 775 1508; x_wconf 84' lang='grc' dir='ltr'><em>σφῶν</em></span> <span class='ocrx_word' id='word_1_136' title='bbox 794 1444 1041 1494; x_wconf 72' lang='grc' dir='ltr'><em>ἄπολέσετε</em></span> <span class='ocrx_word' id='word_1_137' title='bbox 1070 1448 1197 1510; x_wconf 81' lang='grc' dir='ltr'><em>ζωήν.</em></span> <span class='ocrx_word' id='word_1_138' title='bbox 1248 1452 1320 1495; x_wconf 81' lang='grc' dir='ltr'><em>καὶ</em></span> <span class='ocrx_word' id='word_1_139' title='bbox 1350 1449 1430 1510; x_wconf 79' lang='grc' dir='ltr'><em>γὰρ</em></span> <span class='ocrx_word' id='word_1_140' title='bbox 1464 1450 1768 1510; x_wconf 71' lang='grc' dir='ltr'><em>ἐνεδρεύουσιν</em></span> 
     </span>
     <span class='ocr_line' id='line_1_19' title="bbox 268 1514 1768 1578; baseline 0.003 -17"><span class='ocrx_word' id='word_1_141' title='bbox 268 1514 381 1574; x_wconf 74' lang='grc' dir='ltr'><em>ὑμᾶς</em></span> <span class='ocrx_word' id='word_1_142' title='bbox 409 1519 526 1574; x_wconf 85' lang='grc' dir='ltr'><em>μάλα</em></span> <span class='ocrx_word' id='word_1_143' title='bbox 555 1535 601 1576; x_wconf 80' lang='grc' dir='ltr'><em>γε</em></span> <span class='ocrx_word' id='word_1_144' title='bbox 632 1519 835 1563; x_wconf 77' lang='grc' dir='ltr'><em>πλεῖστοι</em></span> <span class='ocrx_word' id='word_1_145' title='bbox 870 1514 921 1563; x_wconf 72' lang='grc' dir='ltr'><em>οὗ</em></span> <span class='ocrx_word' id='word_1_146' title='bbox 942 1520 1107 1564; x_wconf 85' lang='grc' dir='ltr'><em>Κελτοὶ</em></span> <span class='ocrx_word' id='word_1_147' title='bbox 1137 1521 1209 1564; x_wconf 82' lang='grc' dir='ltr'><em>καὶ</em></span> <span class='ocrx_word' id='word_1_148' title='bbox 1236 1521 1457 1577; x_wconf 81' lang='grc' dir='ltr'><em>βάρβαροι</em></span> <span class='ocrx_word' id='word_1_149' title='bbox 1478 1519 1628 1578; x_wconf 83' lang='grc' dir='ltr'><em>μόνον,</em></span> <span class='ocrx_word' id='word_1_150' title='bbox 1657 1516 1768 1566; x_wconf 68' lang='grc' dir='ltr'><em>ἀλλὰ</em></span> 
     </span>
     <span class='ocr_line' id='line_1_20' title="bbox 117 1582 1763 1648; baseline 0.004 -20"><span class='ocrx_word' id='word_1_151' title='bbox 117 1597 160 1635; x_wconf 81' lang='lat' dir='ltr'><em>V,</em></span> <span class='ocrx_word' id='word_1_152' title='bbox 187 1600 258 1635; x_wconf 86' lang='lat'><em>250</em></span> <span class='ocrx_word' id='word_1_153' title='bbox 270 1586 343 1630; x_wconf 81' lang='grc' dir='ltr'><em>καὶ</em></span> <span class='ocrx_word' id='word_1_154' title='bbox 371 1583 597 1643; x_wconf 83' lang='grc' dir='ltr'><em>Ῥωμαίων</em></span> <span class='ocrx_word' id='word_1_155' title='bbox 627 1588 808 1644; x_wconf 68' lang='grc' dir='ltr'><em>πλῆθος</em></span> <span class='ocrx_word' id='word_1_156' title='bbox 839 1582 891 1631; x_wconf 79' lang='grc' dir='ltr'><em>οὗ</em></span> <span class='ocrx_word' id='word_1_157' title='bbox 920 1586 1151 1646; x_wconf 78' lang='grc' dir='ltr'><em>μετρητόν.</em></span> <span class='ocrx_word' id='word_1_158' title='bbox 1202 1587 1241 1633; x_wconf 82' lang='grc' dir='ltr'><em>εἰ</em></span> <span class='ocrx_word' id='word_1_159' title='bbox 1271 1592 1377 1647; x_wconf 69' lang='grc' dir='ltr'><em>γοῦν</em></span> <span class='ocrx_word' id='word_1_160' title='bbox 1394 1589 1498 1648; x_wconf 81' lang='grc' dir='ltr'><em>ἡμῖν</em></span> <span class='ocrx_word' id='word_1_161' title='bbox 1519 1590 1763 1641; x_wconf 74' lang='grc' dir='ltr'><em>πείθεσθε,</em></span> 
     </span>
     <span class='ocr_line' id='line_1_21' title="bbox 269 1651 1812 1715; baseline 0.004 -18"><span class='ocrx_word' id='word_1_162' title='bbox 269 1653 540 1711; x_wconf 79' lang='grc' dir='ltr'><em>στρέψαντες</em></span> <span class='ocrx_word' id='word_1_163' title='bbox 569 1651 648 1707; x_wconf 78' lang='grc' dir='ltr'><em>τὰς</em></span> <span class='ocrx_word' id='word_1_164' title='bbox 680 1651 804 1710; x_wconf 77' lang='grc' dir='ltr'><em>ἡνίας</em></span> <span class='ocrx_word' id='word_1_165' title='bbox 834 1652 947 1711; x_wconf 78' lang='grc' dir='ltr'><em>ὁμοῦ</em></span> <span class='ocrx_word' id='word_1_166' title='bbox 978 1655 1270 1715; x_wconf 84' lang='grc' dir='ltr'><em>φοιτήσωμεν</em></span> <span class='ocrx_word' id='word_1_167' title='bbox 1299 1655 1417 1713; x_wconf 78' lang='grc' dir='ltr'><em>πρὸς</em></span> <span class='ocrx_word' id='word_1_168' title='bbox 1445 1655 1524 1701; x_wconf 77' lang='grc' dir='ltr'><em>τον</em></span> <span class='ocrx_word' id='word_1_169' title='bbox 1554 1652 1767 1715; x_wconf 76' lang='grc' dir='ltr'><em>αὖτοκρά-</em></span> <span class='ocrx_word' id='word_1_170' title='bbox 1781 1670 1812 1704; x_wconf 66' lang='grc'><em>21</em></span> 
     </span>
    </p>
   </div>
   <div class='ocr_carea' id='block_1_3' title="bbox 400 1807 1768 1917">
    <p class='ocr_par' dir='ltr' id='par_1_3' title="bbox 400 1807 1768 1917">
     <span class='ocr_line' id='line_1_22' title="bbox 405 1807 1768 1858; baseline 0.004 -16"><span class='ocrx_word' id='word_1_171' title='bbox 405 1809 460 1843; x_wconf 89' lang='grc'><em>10.</em></span> <span class='ocrx_word' id='word_1_172' title='bbox 486 1807 515 1843; x_wconf 88' lang='grc' dir='ltr'>Ρ</span> <span class='ocrx_word' id='word_1_173' title='bbox 532 1811 617 1854; x_wconf 88' lang='lat' dir='ltr'><strong>post</strong></span> <span class='ocrx_word' id='word_1_174' title='bbox 630 1812 878 1846; x_wconf 73' lang='grc' dir='ltr'><em>τυπωθέντων</em></span> <span class='ocrx_word' id='word_1_175' title='bbox 890 1811 1005 1847; x_wconf 87' lang='lat' dir='ltr'><strong>verba</strong></span> <span class='ocrx_word' id='word_1_176' title='bbox 1020 1822 1065 1845; x_wconf 85' lang='lat' dir='ltr'><strong>ex</strong></span> <span class='ocrx_word' id='word_1_177' title='bbox 1080 1811 1340 1857; x_wconf 85' lang='lat' dir='ltr'><strong>superioribus</strong></span> <span class='ocrx_word' id='word_1_178' title='bbox 1366 1811 1438 1856; x_wconf 77' lang='lat'><strong>(79,</strong></span> <span class='ocrx_word' id='word_1_179' title='bbox 1465 1813 1507 1846; x_wconf 87' lang='lat'><em>14</em></span> <span class='ocrx_word' id='word_1_180' title='bbox 1520 1812 1589 1858; x_wconf 86' lang='lat' dir='ltr'><strong>sq.)</strong></span> <span class='ocrx_word' id='word_1_181' title='bbox 1603 1811 1768 1858; x_wconf 77' lang='lat' dir='ltr'><strong>repetita</strong></span> 
     </span>
     <span class='ocr_line' id='line_1_23' title="bbox 400 1855 1768 1917; baseline 0.003 -26"><span class='ocrx_word' id='word_1_182' title='bbox 400 1856 513 1892; x_wconf 74' lang='lat' dir='ltr'><strong>habet</strong></span> <span class='ocrx_word' id='word_1_183' title='bbox 539 1857 629 1893; x_wconf 82' lang='lat' dir='ltr'><strong>haec</strong></span> <span class='ocrx_word' id='word_1_184' title='bbox 655 1858 749 1914; x_wconf 51' lang='grc' dir='ltr'><em>τῶν,</em></span> <span class='ocrx_word' id='word_1_185' title='bbox 765 1855 962 1917; x_wconf 43' lang='grc' dir='ltr'><em>βαρβαρων</em></span> <span class='ocrx_word' id='word_1_186' title='bbox 999 1857 1061 1899; x_wconf 78' lang='grc' dir='ltr'><em>οὓς</em></span> <span class='ocrx_word' id='word_1_187' title='bbox 1095 1856 1167 1907; x_wconf 69' lang='grc' dir='ltr'><em>ἄρα</em></span> <span class='ocrx_word' id='word_1_188' title='bbox 1203 1863 1504 1907; x_wconf 77' lang='grc' dir='ltr'><em>παρακατέσχον.</em></span> <span class='ocrx_word' id='word_1_189' title='bbox 1542 1871 1564 1896; x_wconf 81' lang='lat' dir='ltr'><strong>a</strong></span> <span class='ocrx_word' id='word_1_190' title='bbox 1595 1860 1627 1895; x_wconf 87' lang='lat' dir='ltr'><strong>F</strong></span> <span class='ocrx_word' id='word_1_191' title='bbox 1666 1863 1768 1896; x_wconf 82' lang='lat' dir='ltr'><strong>recte</strong></span> 
     </span>
    </p>
   </div>
   <div class='ocr_carea' id='block_1_4' title="bbox 401 1905 1768 2153">
    <p class='ocr_par' dir='ltr' id='par_1_4' title="bbox 401 1905 1768 2153">
     <span class='ocr_line' id='line_1_24' title="bbox 401 1905 1765 1956; baseline 0.004 -16"><span class='ocrx_word' id='word_1_192' title='bbox 401 1905 548 1941; x_wconf 84' lang='lat' dir='ltr'><strong>absunt.</strong></span> <span class='ocrx_word' id='word_1_193' title='bbox 639 1907 838 1954; x_wconf 82' lang='grc' dir='ltr'><em>τοσουτων]</em></span> <span class='ocrx_word' id='word_1_194' title='bbox 864 1921 1041 1945; x_wconf 78' lang='grc' dir='ltr'><em>απαντων</em></span> <span class='ocrx_word' id='word_1_195' title='bbox 1066 1908 1105 1945; x_wconf 89' lang='lat' dir='ltr'><em>C.</em></span> <span class='ocrx_word' id='word_1_196' title='bbox 1260 1911 1316 1945; x_wconf 88' lang='lat'><em>13.</em></span> <span class='ocrx_word' id='word_1_197' title='bbox 1344 1909 1703 1956; x_wconf 72' lang='grc' dir='ltr'><em>ἐπαναστρέφεσθαι</em></span> <span class='ocrx_word' id='word_1_198' title='bbox 1728 1908 1765 1945; x_wconf 86' lang='lat' dir='ltr'><em>C.</em></span> 
     </span>
     <span class='ocr_line' id='line_1_25' title="bbox 404 1962 1766 2054; baseline 0.004 -18"><span class='ocrx_word' id='word_1_199' title='bbox 404 2002 458 2038; x_wconf 88' lang='lat'><em>15.</em></span> <span class='ocrx_word' id='word_1_200' title='bbox 486 2003 625 2049; x_wconf 84' lang='grc' dir='ltr'><em>λοχῶσι</em></span> <span class='ocrx_word' id='word_1_201' title='bbox 650 2003 694 2039; x_wconf 87' lang='lat' dir='ltr'><em>F.</em></span> <span class='ocrx_word' id='word_1_202' title='bbox 941 1962 1142 2054; x_wconf 51' lang='lat' dir='ltr'><em>‘Pwssatoaeg</em></span> <span class='ocrx_word' id='word_1_203' title='bbox 1167 1971 1278 2041; x_wconf 55' lang='grc' dir='ltr'><em>αὐτοῗ</em></span> <span class='ocrx_word' id='word_1_204' title='bbox 1304 2020 1378 2042; x_wconf 87' lang='grc' dir='ltr'><em>που</em></span> <span class='ocrx_word' id='word_1_205' title='bbox 1403 2006 1435 2042; x_wconf 91' lang='lat' dir='ltr'><strong>F</strong></span> <span class='ocrx_word' id='word_1_206' title='bbox 1459 2006 1520 2053; x_wconf 92' lang='lat' dir='ltr'><em>(m.</em></span> <span class='ocrx_word' id='word_1_207' title='bbox 1548 2005 1628 2043; x_wconf 81' lang='lat' dir='ltr'><strong>ead.</strong></span> <span class='ocrx_word' id='word_1_208' title='bbox 1653 2006 1766 2053; x_wconf 85' lang='lat' dir='ltr'><strong>corr.)</strong></span> 
     </span>
     <span class='ocr_line' id='line_1_26' title="bbox 405 2048 1768 2102; baseline 0.004 -17"><span class='ocrx_word' id='word_1_209' title='bbox 405 2050 459 2087; x_wconf 86' lang='lat'><em>16.</em></span> <span class='ocrx_word' id='word_1_210' title='bbox 505 2048 802 2098; x_wconf 75' lang='grc' dir='ltr'><em>ἀναιρεθήσεσθε</em></span> <span class='ocrx_word' id='word_1_211' title='bbox 828 2053 873 2100; x_wconf 86' lang='lat' dir='ltr'><em>F,</em></span> <span class='ocrx_word' id='word_1_212' title='bbox 896 2050 1199 2102; x_wconf 72' lang='grc' dir='ltr'><em>ἁναιρηθήσεσθε</em></span> <span class='ocrx_word' id='word_1_213' title='bbox 1224 2055 1263 2092; x_wconf 90' lang='lat' dir='ltr'><em>P.</em></span> <span class='ocrx_word' id='word_1_214' title='bbox 1474 2058 1536 2091; x_wconf 86' lang='grc' dir='ltr'><em>καὶ</em></span> <span class='ocrx_word' id='word_1_215' title='bbox 1560 2055 1625 2090; x_wconf 74' lang='grc' dir='ltr'><em>ἐπὶ</em></span> <span class='ocrx_word' id='word_1_216' title='bbox 1649 2059 1768 2094; x_wconf 82' lang='grc' dir='ltr'><em>κενοῖς</em></span> 
     </span>
     <span class='ocr_line' id='line_1_27' title="bbox 403 2097 1764 2153; baseline 0.004 -19"><span class='ocrx_word' id='word_1_217' title='bbox 403 2098 466 2144; x_wconf 83' lang='grc' dir='ltr'><em>τὴν</em></span> <span class='ocrx_word' id='word_1_218' title='bbox 501 2101 612 2148; x_wconf 83' lang='grc' dir='ltr'><em>σφῶν</em></span> <span class='ocrx_word' id='word_1_219' title='bbox 644 2097 846 2138; x_wconf 80' lang='grc' dir='ltr'><em>ἀπολέσετε</em></span> <span class='ocrx_word' id='word_1_220' title='bbox 878 2099 972 2149; x_wconf 87' lang='grc' dir='ltr'><em>ζωήν</em></span> <span class='ocrx_word' id='word_1_221' title='bbox 998 2105 1039 2149; x_wconf 83' lang='lat' dir='ltr'><em>F,</em></span> <span class='ocrx_word' id='word_1_222' title='bbox 1072 2116 1146 2141; x_wconf 90' lang='lat' dir='ltr'><em>om.</em></span> <span class='ocrx_word' id='word_1_223' title='bbox 1173 2104 1215 2140; x_wconf 91' lang='lat' dir='ltr'><em>P.</em></span> <span class='ocrx_word' id='word_1_224' title='bbox 1394 2104 1452 2140; x_wconf 88' lang='lat'><em>19.</em></span> <span class='ocrx_word' id='word_1_225' title='bbox 1478 2102 1585 2153; x_wconf 83' lang='grc' dir='ltr'><em>ἡμῖν]</em></span> <span class='ocrx_word' id='word_1_226' title='bbox 1613 2103 1704 2151; x_wconf 72' lang='grc' dir='ltr'><em>ἐμοί</em></span> <span class='ocrx_word' id='word_1_227' title='bbox 1726 2103 1764 2139; x_wconf 89' lang='lat' dir='ltr'><em>C.</em></span> 
     </span>
    </p>
   </div>
   <div class='ocr_carea' id='block_1_5' title="bbox 264 2256 1808 2946">
    <p class='ocr_par' dir='ltr' id='par_1_5' title="bbox 264 2256 1808 2946">
     <span class='ocr_line' id='line_1_28' title="bbox 265 2256 1767 2311; baseline 0.005 -19"><span class='ocrx_word' id='word_1_228' title='bbox 265 2256 476 2295; x_wconf 87' lang='lat' dir='ltr'><strong>Monastras</strong></span> <span class='ocrx_word' id='word_1_229' title='bbox 512 2262 550 2295; x_wconf 89' lang='lat' dir='ltr'><strong>et</strong></span> <span class='ocrx_word' id='word_1_230' title='bbox 587 2260 820 2297; x_wconf 88' lang='lat' dir='ltr'><strong>Rodomerus</strong></span> <span class='ocrx_word' id='word_1_231' title='bbox 846 2262 1056 2299; x_wconf 85' lang='lat' dir='ltr'><strong>Turearum</strong></span> <span class='ocrx_word' id='word_1_232' title='bbox 1093 2264 1246 2311; x_wconf 86' lang='lat' dir='ltr'><strong>linguae</strong></span> <span class='ocrx_word' id='word_1_233' title='bbox 1279 2265 1407 2311; x_wconf 82' lang='lat' dir='ltr'><strong>periti,</strong></span> <span class='ocrx_word' id='word_1_234' title='bbox 1437 2276 1521 2301; x_wconf 88' lang='lat' dir='ltr'><strong>eum</strong></span> <span class='ocrx_word' id='word_1_235' title='bbox 1549 2264 1613 2300; x_wconf 87' lang='lat' dir='ltr'><strong>ille</strong></span> <span class='ocrx_word' id='word_1_236' title='bbox 1647 2264 1767 2300; x_wconf 85' lang='lat' dir='ltr'><strong>mixo-</strong></span> 
     </span>
     <span class='ocr_line' id='line_1_29' title="bbox 265 2306 1800 2360; baseline 0.005 -19"><span class='ocrx_word' id='word_1_237' title='bbox 265 2306 448 2343; x_wconf 84' lang='lat' dir='ltr'><strong>barbarus</strong></span> <span class='ocrx_word' id='word_1_238' title='bbox 480 2311 583 2353; x_wconf 84' lang='lat' dir='ltr'><strong>esset,</strong></span> <span class='ocrx_word' id='word_1_239' title='bbox 610 2309 672 2345; x_wconf 88' lang='lat' dir='ltr'><strong>hic</strong></span> <span class='ocrx_word' id='word_1_240' title='bbox 697 2310 762 2345; x_wconf 84' lang='lat' dir='ltr'><strong>diu</strong></span> <span class='ocrx_word' id='word_1_241' title='bbox 787 2311 877 2346; x_wconf 89' lang='lat' dir='ltr'><strong>olim</strong></span> <span class='ocrx_word' id='word_1_242' title='bbox 903 2313 1003 2348; x_wconf 82' lang='lat' dir='ltr'><strong>inter</strong></span> <span class='ocrx_word' id='word_1_243' title='bbox 1029 2324 1092 2348; x_wconf 86' lang='lat' dir='ltr'><em>eos</em></span> <span class='ocrx_word' id='word_1_244' title='bbox 1115 2318 1247 2359; x_wconf 87' lang='lat' dir='ltr'><strong>eaptus</strong></span> <span class='ocrx_word' id='word_1_245' title='bbox 1266 2314 1399 2349; x_wconf 84' lang='lat' dir='ltr'><strong>fuisset</strong></span> <span class='ocrx_word' id='word_1_246' title='bbox 1417 2314 1655 2360; x_wconf 82' lang='lat' dir='ltr'><strong>multumque</strong></span> <span class='ocrx_word' id='word_1_247' title='bbox 1670 2317 1763 2352; x_wconf 74' lang='lat' dir='ltr'><strong>tem·</strong></span> <span class='ocrx_word' id='word_1_248' title='bbox 1797 2335 1800 2337; x_wconf 98' lang='lat'>-</span> 
     </span>
     <span class='ocr_line' id='line_1_30' title="bbox 265 2357 1769 2409; baseline 0.005 -19"><span class='ocrx_word' id='word_1_249' title='bbox 265 2357 368 2401; x_wconf 87' lang='lat' dir='ltr'><strong>poris</strong></span> <span class='ocrx_word' id='word_1_250' title='bbox 394 2368 479 2392; x_wconf 87' lang='lat' dir='ltr'><em>cum</em></span> <span class='ocrx_word' id='word_1_251' title='bbox 506 2358 558 2392; x_wconf 89' lang='lat' dir='ltr'><em>eis</em></span> <span class='ocrx_word' id='word_1_252' title='bbox 583 2363 837 2395; x_wconf 76' lang='lat' dir='ltr'>commoratus</span> <span class='ocrx_word' id='word_1_253' title='bbox 863 2366 970 2406; x_wconf 86' lang='lat' dir='ltr'><strong>esset,</strong></span> <span class='ocrx_word' id='word_1_254' title='bbox 996 2362 1143 2398; x_wconf 82' lang='lat' dir='ltr'>blandis</span> <span class='ocrx_word' id='word_1_255' title='bbox 1168 2363 1402 2399; x_wconf 77' lang='lat' dir='ltr'><strong>sermonibus</strong></span> <span class='ocrx_word' id='word_1_256' title='bbox 1430 2374 1540 2409; x_wconf 85' lang='lat' dir='ltr'>saepe</span> <span class='ocrx_word' id='word_1_257' title='bbox 1565 2374 1627 2398; x_wconf 84' lang='lat' dir='ltr'><em>eos</em></span> <span class='ocrx_word' id='word_1_258' title='bbox 1647 2366 1769 2408; x_wconf 87' lang='lat' dir='ltr'><strong>temp·</strong></span> 
     </span>
     <span class='ocr_line' id='line_1_31' title="bbox 264 2405 1767 2456; baseline 0.005 -17"><span class='ocrx_word' id='word_1_259' title='bbox 264 2407 388 2440; x_wconf 79' lang='lat' dir='ltr'><strong>tantes</strong></span> <span class='ocrx_word' id='word_1_260' title='bbox 425 2405 548 2441; x_wconf 87' lang='lat' dir='ltr'><strong>“Cur&#39;’</strong></span> <span class='ocrx_word' id='word_1_261' title='bbox 577 2407 756 2453; x_wconf 82' lang='lat' dir='ltr'><strong>inquiunt</strong></span> <span class='ocrx_word' id='word_1_262' title='bbox 793 2409 927 2445; x_wconf 85' lang='lat' dir='ltr'><strong>“letale</strong></span> <span class='ocrx_word' id='word_1_263' title='bbox 954 2410 1062 2446; x_wconf 89' lang='lat' dir='ltr'><strong>nobis</strong></span> <span class='ocrx_word' id='word_1_264' title='bbox 1088 2411 1265 2456; x_wconf 81' lang='lat' dir='ltr'><strong>poculum</strong></span> <span class='ocrx_word' id='word_1_265' title='bbox 1304 2412 1383 2447; x_wconf 86' lang='lat' dir='ltr'><strong>sine</strong></span> <span class='ocrx_word' id='word_1_266' title='bbox 1415 2411 1492 2447; x_wconf 80' lang='lat' dir='ltr'><strong>ulla</strong></span> <span class='ocrx_word' id='word_1_267' title='bbox 1522 2411 1582 2447; x_wconf 87' lang='lat' dir='ltr'><strong>vel</strong></span> <span class='ocrx_word' id='word_1_268' title='bbox 1609 2411 1767 2447; x_wconf 84' lang='lat' dir='ltr'><strong>minima.</strong></span> 
     </span>
     <span class='ocr_line' id='line_1_32' title="bbox 265 2453 1767 2508; baseline 0.006 -21"><span class='ocrx_word' id='word_1_269' title='bbox 265 2453 431 2488; x_wconf 84' lang='lat' dir='ltr'><strong>utilitate</strong></span> <span class='ocrx_word' id='word_1_270' title='bbox 457 2457 581 2490; x_wconf 86' lang='lat' dir='ltr'><strong>vestra</strong></span> <span class='ocrx_word' id='word_1_271' title='bbox 618 2456 807 2492; x_wconf 75' lang='lat' dir='ltr'><strong>miscetis?</strong></span> <span class='ocrx_word' id='word_1_272' title='bbox 838 2470 903 2493; x_wconf 82' lang='lat' dir='ltr'><strong>vos</strong></span> <span class='ocrx_word' id='word_1_273' title='bbox 928 2470 1016 2494; x_wconf 87' lang='lat' dir='ltr'><strong>vero</strong></span> <span class='ocrx_word' id='word_1_274' title='bbox 1044 2460 1218 2496; x_wconf 87' lang='lat' dir='ltr'><strong>omnibus</strong></span> <span class='ocrx_word' id='word_1_275' title='bbox 1247 2460 1323 2496; x_wconf 87' lang='lat' dir='ltr'><strong>illis</strong></span> <span class='ocrx_word' id='word_1_276' title='bbox 1354 2461 1500 2508; x_wconf 81' lang='lat' dir='ltr'><strong>magnis</strong></span> <span class='ocrx_word' id='word_1_277' title='bbox 1527 2461 1767 2506; x_wconf 76' lang='lat' dir='ltr'><strong>imperatoris</strong></span> 
     </span>
     <span class='ocr_line' id='line_1_33' title="bbox 265 2502 1767 2555; baseline 0.006 -20"><span class='ocrx_word' id='word_1_278' title='bbox 265 2502 484 2538; x_wconf 87' lang='lat' dir='ltr'><strong>muneribus</strong></span> <span class='ocrx_word' id='word_1_279' title='bbox 505 2505 711 2550; x_wconf 79' lang='lat' dir='ltr'><strong>annuisque</strong></span> <span class='ocrx_word' id='word_1_280' title='bbox 727 2507 895 2550; x_wconf 82' lang='lat' dir='ltr'><strong>pecuniis</strong></span> <span class='ocrx_word' id='word_1_281' title='bbox 914 2507 1014 2552; x_wconf 88' lang='lat' dir='ltr'><strong>ipsos</strong></span> <span class='ocrx_word' id='word_1_282' title='bbox 1034 2509 1215 2554; x_wconf 82' lang='lat' dir='ltr'><strong>spoliatis,</strong></span> <span class='ocrx_word' id='word_1_283' title='bbox 1235 2510 1372 2555; x_wconf 85' lang='lat' dir='ltr'><strong>quibus</strong></span> <span class='ocrx_word' id='word_1_284' title='bbox 1388 2510 1518 2554; x_wconf 84' lang='lat' dir='ltr'><strong>ceteri,</strong></span> <span class='ocrx_word' id='word_1_285' title='bbox 1540 2509 1606 2555; x_wconf 91' lang='lat' dir='ltr'><strong>qui</strong></span> <span class='ocrx_word' id='word_1_286' title='bbox 1624 2509 1699 2544; x_wconf 84' lang='lat' dir='ltr'><strong>iam</strong></span> <span class='ocrx_word' id='word_1_287' title='bbox 1719 2509 1767 2544; x_wconf 89' lang='lat' dir='ltr'><em>ad</em></span> 
     </span>
     <span class='ocr_line' id='line_1_34' title="bbox 265 2550 1766 2603; baseline 0.006 -19"><span class='ocrx_word' id='word_1_288' title='bbox 265 2550 533 2595; x_wconf 82' lang='lat' dir='ltr'><strong>imperatorem</strong></span> <span class='ocrx_word' id='word_1_289' title='bbox 558 2557 850 2599; x_wconf 84' lang='lat' dir='ltr'><strong>praecesserunt,</strong></span> <span class='ocrx_word' id='word_1_290' title='bbox 876 2555 1068 2592; x_wconf 85' lang='lat' dir='ltr'><strong>fruuntur.</strong></span> <span class='ocrx_word' id='word_1_291' title='bbox 1106 2570 1154 2593; x_wconf 89' lang='lat' dir='ltr'><em>ne</em></span> <span class='ocrx_word' id='word_1_292' title='bbox 1177 2558 1232 2593; x_wconf 87' lang='lat' dir='ltr'><strong>ita</strong></span> <span class='ocrx_word' id='word_1_293' title='bbox 1258 2558 1363 2594; x_wconf 86' lang='lat' dir='ltr'><strong>vobis</strong></span> <span class='ocrx_word' id='word_1_294' title='bbox 1389 2559 1538 2595; x_wconf 77' lang='lat' dir='ltr'><strong>faciatis</strong></span> <span class='ocrx_word' id='word_1_295' title='bbox 1564 2570 1650 2603; x_wconf 84' lang='lat' dir='ltr'><strong>neu,</strong></span> <span class='ocrx_word' id='word_1_296' title='bbox 1680 2569 1766 2594; x_wconf 82' lang='lat' dir='ltr'><strong>eum</strong></span> 
     </span>
     <span class='ocr_line' id='line_1_35' title="bbox 265 2601 1766 2653; baseline 0.006 -20"><span class='ocrx_word' id='word_1_297' title='bbox 265 2609 378 2644; x_wconf 87' lang='lat' dir='ltr'><strong>penes</strong></span> <span class='ocrx_word' id='word_1_298' title='bbox 394 2611 461 2635; x_wconf 88' lang='lat' dir='ltr'><strong>vos</strong></span> <span class='ocrx_word' id='word_1_299' title='bbox 487 2601 548 2641; x_wconf 86' lang='lat' dir='ltr'><strong>sit,</strong></span> <span class='ocrx_word' id='word_1_300' title='bbox 574 2601 654 2636; x_wconf 84' lang='lat' dir='ltr'><strong>sine</strong></span> <span class='ocrx_word' id='word_1_301' title='bbox 670 2602 836 2647; x_wconf 83' lang='lat' dir='ltr'><strong>periculo</strong></span> <span class='ocrx_word' id='word_1_302' title='bbox 863 2604 989 2640; x_wconf 83' lang='lat' dir='ltr'><strong>vivere</strong></span> <span class='ocrx_word' id='word_1_303' title='bbox 1012 2604 1263 2653; x_wconf 86' lang='lat' dir='ltr'><strong>florentesque</strong></span> <span class='ocrx_word' id='word_1_304' title='bbox 1288 2607 1432 2643; x_wconf 87' lang='lat' dir='ltr'><strong>divitiis</strong></span> <span class='ocrx_word' id='word_1_305' title='bbox 1462 2607 1615 2643; x_wconf 85' lang='lat' dir='ltr'><strong>domum</strong></span> <span class='ocrx_word' id='word_1_306' title='bbox 1640 2606 1766 2642; x_wconf 86' lang='lat' dir='ltr'><strong>redire</strong></span> 
     </span>
     <span class='ocr_line' id='line_1_36' title="bbox 265 2647 1766 2702; baseline 0.006 -21"><span class='ocrx_word' id='word_1_307' title='bbox 265 2647 580 2694; x_wconf 81' lang='lat' dir='ltr'><strong>praediorumque</strong></span> <span class='ocrx_word' id='word_1_308' title='bbox 598 2649 755 2686; x_wconf 83' lang='lat' dir='ltr'><strong>fortasse</strong></span> <span class='ocrx_word' id='word_1_309' title='bbox 786 2651 957 2689; x_wconf 89' lang='lat' dir='ltr'><strong>dominos</strong></span> <span class='ocrx_word' id='word_1_310' title='bbox 988 2653 1081 2692; x_wconf 88' lang='lat' dir='ltr'><strong>fieri.</strong></span> <span class='ocrx_word' id='word_1_311' title='bbox 1109 2656 1270 2700; x_wconf 76' lang='lat' dir='ltr'><strong>proicite</strong></span> <span class='ocrx_word' id='word_1_312' title='bbox 1299 2667 1365 2691; x_wconf 89' lang='lat' dir='ltr'><strong>vos</strong></span> <span class='ocrx_word' id='word_1_313' title='bbox 1389 2657 1429 2692; x_wconf 87' lang='lat' dir='ltr'><em>in</em></span> <span class='ocrx_word' id='word_1_314' title='bbox 1458 2656 1667 2702; x_wconf 82' lang='lat' dir='ltr'><strong>periculum</strong></span> <span class='ocrx_word' id='word_1_315' title='bbox 1690 2667 1766 2691; x_wconf 89' lang='lat' dir='ltr'><em>non</em></span> 
     </span>
     <span class='ocr_line' id='line_1_37' title="bbox 265 2695 1765 2752; baseline 0.006 -22"><span class='ocrx_word' id='word_1_316' title='bbox 265 2695 434 2732; x_wconf 85' lang='lat' dir='ltr'><strong>dubium.</strong></span> <span class='ocrx_word' id='word_1_317' title='bbox 485 2698 623 2733; x_wconf 87' lang='lat' dir='ltr'><strong>etenim</strong></span> <span class='ocrx_word' id='word_1_318' title='bbox 648 2699 688 2734; x_wconf 87' lang='lat' dir='ltr'><em>in</em></span> <span class='ocrx_word' id='word_1_319' title='bbox 714 2699 969 2737; x_wconf 80' lang='lat' dir='ltr'><strong>Romanorum</strong></span> <span class='ocrx_word' id='word_1_320' title='bbox 1005 2703 1162 2739; x_wconf 84' lang='lat' dir='ltr'>insidias</span> <span class='ocrx_word' id='word_1_321' title='bbox 1200 2704 1430 2741; x_wconf 88' lang='lat' dir='ltr'><strong>incidentes&#39;&#39;</strong></span> <span class='ocrx_word' id='word_1_322' title='bbox 1470 2704 1602 2752; x_wconf 79' lang='lat' dir='ltr'>digitis</span> <span class='ocrx_word' id='word_1_323' title='bbox 1638 2708 1765 2740; x_wconf 83' lang='lat' dir='ltr'><strong>autem</strong></span> 
     </span>
     <span class='ocr_line' id='line_1_38' title="bbox 266 2745 1764 2800; baseline 0.006 -21"><span class='ocrx_word' id='word_1_324' title='bbox 266 2745 525 2781; x_wconf 72' lang='lat' dir='ltr'><strong>monstrabant</strong></span> <span class='ocrx_word' id='word_1_325' title='bbox 563 2747 662 2782; x_wconf 87' lang='lat' dir='ltr'><strong>rivos</strong></span> <span class='ocrx_word' id='word_1_326' title='bbox 700 2750 738 2783; x_wconf 84' lang='lat' dir='ltr'><strong>et</strong></span> <span class='ocrx_word' id='word_1_327' title='bbox 774 2749 959 2794; x_wconf 85' lang='lat' dir='ltr'><em>palustres</em></span> <span class='ocrx_word' id='word_1_328' title='bbox 994 2751 1094 2787; x_wconf 83' lang='lat' dir='ltr'><strong>locos</strong></span> <span class='ocrx_word' id='word_1_329' title='bbox 1134 2753 1332 2798; x_wconf 70' lang='lat' dir='ltr'><strong>“peribitis</strong></span> <span class='ocrx_word' id='word_1_330' title='bbox 1369 2757 1606 2800; x_wconf 83' lang='lat' dir='ltr'><strong>vestramque</strong></span> <span class='ocrx_word' id='word_1_331' title='bbox 1645 2753 1764 2789; x_wconf 87' lang='lat' dir='ltr'><strong>vitam</strong></span> 
     </span>
     <span class='ocr_line' id='line_1_39' title="bbox 264 2794 1764 2847; baseline 0.007 -20"><span class='ocrx_word' id='word_1_332' title='bbox 264 2804 383 2829; x_wconf 84' lang='lat' dir='ltr'><strong>vanae</strong></span> <span class='ocrx_word' id='word_1_333' title='bbox 408 2794 487 2839; x_wconf 87' lang='lat' dir='ltr'><strong>spei</strong></span> <span class='ocrx_word' id='word_1_334' title='bbox 513 2794 701 2832; x_wconf 84' lang='lat' dir='ltr'><strong>inhiantes</strong></span> <span class='ocrx_word' id='word_1_335' title='bbox 726 2797 911 2843; x_wconf 82' lang='lat' dir='ltr'><strong>perdetis3</strong></span> <span class='ocrx_word' id='word_1_336' title='bbox 949 2811 1070 2846; x_wconf 87' lang='lat' dir='ltr'><strong>neque</strong></span> <span class='ocrx_word' id='word_1_337' title='bbox 1096 2801 1196 2836; x_wconf 88' lang='lat' dir='ltr'><strong>enim</strong></span> <span class='ocrx_word' id='word_1_338' title='bbox 1222 2801 1379 2847; x_wconf 87' lang='lat' dir='ltr'><strong>plurimi</strong></span> <span class='ocrx_word' id='word_1_339' title='bbox 1405 2802 1527 2838; x_wconf 88' lang='lat' dir='ltr'><strong>solum</strong></span> <span class='ocrx_word' id='word_1_340' title='bbox 1554 2801 1652 2838; x_wconf 89' lang='lat' dir='ltr'><strong>Galli</strong></span> <span class='ocrx_word' id='word_1_341' title='bbox 1677 2802 1764 2837; x_wconf 85' lang='lat' dir='ltr'><strong>bar·</strong></span> 
     </span>
     <span class='ocr_line' id='line_1_40' title="bbox 264 2841 1764 2897; baseline 0.007 -21"><span class='ocrx_word' id='word_1_342' title='bbox 264 2841 423 2888; x_wconf 84' lang='lat' dir='ltr'><strong>barique</strong></span> <span class='ocrx_word' id='word_1_343' title='bbox 447 2843 553 2878; x_wconf 86' lang='lat' dir='ltr'><strong>vobis</strong></span> <span class='ocrx_word' id='word_1_344' title='bbox 577 2844 818 2891; x_wconf 80' lang='lat' dir='ltr'><strong>insidiantur,</strong></span> <span class='ocrx_word' id='word_1_345' title='bbox 856 2847 921 2883; x_wconf 84' lang='lat' dir='ltr'><em>sed</em></span> <span class='ocrx_word' id='word_1_346' title='bbox 957 2848 1156 2884; x_wconf 83' lang='lat' dir='ltr'><strong>innumera</strong></span> <span class='ocrx_word' id='word_1_347' title='bbox 1181 2862 1330 2896; x_wconf 87' lang='lat' dir='ltr'><strong>quoque</strong></span> <span class='ocrx_word' id='word_1_348' title='bbox 1358 2851 1616 2887; x_wconf 88' lang='lat' dir='ltr'><strong>Romanorum</strong></span> <span class='ocrx_word' id='word_1_349' title='bbox 1642 2851 1764 2897; x_wconf 83' lang='lat' dir='ltr'><strong>copia.</strong></span> 
     </span>
     <span class='ocr_line' id='line_1_41' title="bbox 265 2891 1808 2946; baseline 0.007 -22"><span class='ocrx_word' id='word_1_350' title='bbox 265 2902 391 2937; x_wconf 81' lang='lat' dir='ltr'><strong>quare,</strong></span> <span class='ocrx_word' id='word_1_351' title='bbox 425 2891 456 2926; x_wconf 87' lang='lat' dir='ltr'><em>si</em></span> <span class='ocrx_word' id='word_1_352' title='bbox 484 2891 592 2927; x_wconf 87' lang='lat' dir='ltr'><strong>nobis</strong></span> <span class='ocrx_word' id='word_1_353' title='bbox 617 2893 782 2940; x_wconf 84' lang='lat' dir='ltr'><strong>creditis,</strong></span> <span class='ocrx_word' id='word_1_354' title='bbox 820 2894 926 2931; x_wconf 87' lang='lat' dir='ltr'><strong>flexis</strong></span> <span class='ocrx_word' id='word_1_355' title='bbox 960 2895 1117 2933; x_wconf 84' lang='lat' dir='ltr'><strong>habenis</strong></span> <span class='ocrx_word' id='word_1_356' title='bbox 1149 2910 1224 2934; x_wconf 85' lang='lat' dir='ltr'><strong>una</strong></span> <span class='ocrx_word' id='word_1_357' title='bbox 1257 2899 1305 2934; x_wconf 79' lang='lat' dir='ltr'><em>ad</em></span> <span class='ocrx_word' id='word_1_358' title='bbox 1341 2901 1609 2946; x_wconf 85' lang='lat' dir='ltr'><strong>imperatorem</strong></span> <span class='ocrx_word' id='word_1_359' title='bbox 1633 2898 1763 2935; x_wconf 83' lang='lat' dir='ltr'><strong>tenda·</strong></span> <span class='ocrx_word' id='word_1_360' title='bbox 1796 2931 1808 2935; x_wconf 68' lang='grc'><strong><em>,</em></strong></span> 
     </span>
    </p>
   </div>
  </div>
 </body>
</html>
