1780 3138
260 258 338 298 146
760 258 924 293 ANNAE
952 246 1217 291 OOMNENAE
1262 244 1264 247 ’

257 375 574 437 σισυροφόροις
609 375 681 418 καὶ
720 375 898 431 γυμνοῖς
933 371 1100 428 δαψιλῆ
1137 367 1218 427 τήν
1255 372 1381 425 χεῖρα
1421 372 1628 426 παρεῖχε·
1670 370 1742 413 καὶ

258 443 401 499 οὐδεὶς
443 443 466 490 ό
510 441 797 502 αἰτησάμενος
836 442 908 484 καὶ
952 437 1078 492 κενός
1119 434 1367 483 &frameam
1422 435 1535 482 ἐπὰν
1580 439 1628 482 δὲ
1661 438 1742 497 τήν

107 525 149 560 V.
175 525 242 558 281
256 511 608 572 ἀποτεταγμένην
637 509 793 571 σκηνὴν
821 506 1086 568 κατειλήφει,
1112 503 1165 550 οὗ
1194 504 1311 563 πρὸς
1343 504 1570 566 ῥᾳστώνην
1600 502 1744 560 εὐθὺς

257 579 486 627 ἀπέκλινεν
518 578 623 625 εἷ’σω
655 577 812 636 ταύτης
839 581 1050 636 γεγονυῖα,
1088 571 1180 620 ἀλλ’
1222 571 1555 620 ἄναπεταννῦσα
1582 572 1743 633 ταύτην

257 645 412 695 ἄνετον
446 653 543 702 τοῖς
582 647 753 693 αἰτοῦσι
793 643 976 702 παρεῖχε
1017 642 1096 705 τὴν
1133 641 1321 690 εἴσοδον.
1395 647 1493 697 τοῖς
1521 640 1778 697 τοιούτοις5

219 719 334 777 Ογὰρ
366 718 438 762 καὶ
466 714 581 774 μάλα
611 711 876 771 εὐπρόσιτος
911 705 962 771 ἦν
988 714 1060 756 καί
1100 715 1313 768 παρεῖχεν
1351 709 1512 768 ἑαυτήν
1542 709 1744 770 ὁρᾶσθαί

258 805 305 831 τε
335 787 406 830 καὶ
432 781 688 829 ἀκούεσθαι.
751 778 801 826 οὗ
837 779 1069 840 χρημάτων
1108 781 1156 825 δὲ
1184 781 1421 837 μετεδίδου
1451 784 1550 833 τοῖς
1585 781 1743 838 πένησι

258 852 404 912 μόνον,
437 849 546 898 ἄλλα
577 854 648 896 καὶ
681 849 735 895 τὰ
764 848 908 909 λῴονα
949 846 1248 906 συνεβούλευε.
1313 849 1386 893 καὶ
1425 846 1626 902 ὁπόσους
1664 850 1744 906 μὲν

259 918 504 979 εὐρώστους
546 919 601 965 τά
647 917 828 976 σώματα
870 915 1081 971 κατενόει,
1141 919 1358 976 ῥᾳθύμως
1409 918 1459 962 δὲ
1514 918 1620 975 περὶ
1665 916 1744 962 τὸν

258 991 357 1047 βίον
384 990 572 1046 ἔχοντας,
613 987 730 1046 πρὸς
762 986 865 1046 ἔργα
902 988 975 1031 καὶ
1005 985 1190 1044 πράξεις
1227 982 1550 1044 προῦτρέπετο,
1590 988 1646 1031 ἵν’
1678 987 1776 1031 «ἔν-1

259 1062 420 1103 τεῦθεν
448 1056 501 1102 τὰ
531 1055 645 1114 πρὸς
663 1057 809 1113 χρείαν
837 1056 1099 1112 κομίζοιντο,
1123 1056 1196 1100 καὶ
1225 1053 1285 1115 μὴ
1318 1057 1373 1100 δι’
1405 1051 1612 1111 ἀμέλειαν
1641 1052 1746 1100 ἅνα-

261 1123 553 1178 πεπτωκότας
582 1123 726 1182 θύραν
757 1124 803 1167 ἐκ
834 1121 977 1180 θύρας
996 1124 1286 1177 ἐπαιτοῦντας
1307 1128 1601 1182 περινοστεῖν.
1652 1142 1746 1169 και-

261 1192 337 1251 ρὸς
365 1194 413 1238 δὲ
444 1189 588 1246 οὐδεὶς
615 1196 692 1252 τῆς
723 1189 925 1250 τοιαύτης
961 1193 1161 1250 ἐργασίας
1189 1187 1375 1250 ἀπεῖργε
1413 1190 1492 1252 τὴν
1528 1193 1745 1250 βασιλίδα.

261 1259 284 1305 ὃ
315 1262 394 1318 μὲν
424 1253 499 1305 οὖν
529 1261 667 1305 Δαυὶδ
693 1258 804 1317 μετὰ
834 1261 1066 1317 κλαυθμοῦ
1095 1259 1145 1305 τιῗΙ
1173 1258 1300 1317 πόμα
1329 1264 1489 1317 κιρνιῦν
1519 1262 1745 1321 φαίνεται”

261 1327 286 1390 ἡ
317 1332 364 1375 δέ
390 1348 435 1388 γε
464 1331 635 1387 βασιλὶς
663 1327 770 1387 αὕτη
801 1330 873 1373 καὶ
900 1330 1071 1389 τροφὴν
1098 1331 1173 1374 καὶ
1203 1328 1348 1374 ποτὸν
1374 1330 1482 1389 ἐλέῳ
1513 1331 1778 1388 συγκεραν-Ῑ

216 1401 367 1443 Βνῦσα
388 1400 490 1443 καθ’
513 1396 695 1456 ἑκάστη-ν
718 1397 950 1443 ἐδείκνυτο.
987 1399 1058 1443 καὶ
1083 1397 1230 1443 πολλὰ
1249 1395 1302 1442 ἂν
1323 1394 1443 1454 εἶχον
1469 1397 1616 1443 εἰπεῖν
1640 1400 1746 1456 περὶ

260 1465 417 1525 ταύτης
445 1470 522 1525 τῆς
549 1466 785 1521 βασιλίδος,
834 1464 873 1510 εἰ
901 1467 963 1523 μή
1007 1465 1059 1510 τὸ
1105 1465 1350 1525 θυγάτριον
1394 1463 1504 1512 εἶναι
1550 1465 1748 1525 ψεύδους

260 1539 469 1591 παρεῖχεν
498 1532 711 1578 ὑπόνοιαν
740 1536 812 1578 καὶ
843 1532 910 1579 ὅτι
942 1536 1074 1594 μητρὶ
1098 1535 1388 1593 χαριζόμεθα.
1436 1534 1553 1593 πρὸς
1575 1537 1624 1580 δὲ
1643 1533 1748 1588 τούς

259 1606 394 1647 ταῦτα
415 1601 715 1656 ὑπονοοῦντας
732 1604 978 1660 παρέξομαι
998 1609 1094 1657 τοῖς
1114 1602 1261 1662 λόγοις
1282 1608 1748 1662 συνεπιμαρτυροῦντα

260 1670 313 1715 τὰ
343 1669 587 1730 πράγματα.
1760 1674 1780 1708 2

112 1745 151 1780 P.
178 1746 247 1780 355
393 1745 432 1785 4.
497 1738 584 1783 Τὸν
615 1741 662 1784 δέ
691 1757 737 1798 γε
767 1736 1069 1798 αὐτοκράτορα
1097 1739 1175 1802 τὴν
1203 1743 1530 1801 Θεσσαλονίκην
1561 1743 1749 1786 καταλα-

257 1805 393 1864 βόντα
431 1806 741 1867 μεμαθηκότες
784 1807 824 1853 οἳ
864 1810 910 1853 ἐκ
947 1813 1036 1853 τῶν
1065 1808 1288 1867 ἑσπερίων
1324 1809 1503 1870 λήξεων,
1536 1808 1747 1868 καθάπερ

392 1879 425 1913 3.
451 1875 756 1926 ἀποτεταγμένην
782 1879 823 1925 F,
849 1880 1140 1928 ἐπιτεταγμένην
1166 1881 1204 1917 P.
1385 1883 1420 1917 4.
1445 1877 1574 1926 ταύτης
1600 1881 1642 1924 F,
1668 1876 1747 1916 τοὺ·

392 1939 453 1971 της
474 1926 513 1963 P.
596 1926 675 1961 ἀλλ’
701 1927 743 1968 F,
769 1925 858 1962 ἀλλὰ
883 1928 924 1964 Ρ.
1072 1930 1129 1965 22.
1155 1925 1419 1977 μεμαθηκότες
1441 1942 1548 1978 μεμα
1561 1930 1613 1975 Ἑ’;
1641 1941 1747 1977 μεμα

393 1974 471 2010 ead.
499 1987 546 2011 m.
571 1977 763 2022 expunxit.
851 1976 1035 2023 ἑσπερίων
1061 1974 1196 2022 λήξεων
1223 1982 1300 2013 καθ
1324 1979 1364 2013 in
1389 1990 1460 2015 ras.
1486 1978 1527 2015 F.

261 2034 433 2070 omnibus
461 2034 637 2071 mendicis
671 2039 708 2071 et
743 2036 901 2082 pellibus
939 2038 1047 2073 tectis
1077 2049 1140 2073 seu
1171 2050 1325 2084 prorsus
1360 2038 1474 2074 nudis
1498 2038 1748 2084 largissimam

263 2094 411 2117 manum
437 2084 667 2129 porrigebat,
685 2084 776 2120 adeo
802 2087 846 2129 ut
861 2084 1013 2122 omnino
1032 2086 1166 2130 nullus,
1193 2087 1258 2133 qui
1283 2087 1454 2133 petiisset
1476 2087 1524 2123 ab
1547 2098 1602 2132 ea,
1628 2086 1749 2121 inanis

263 2131 392 2166 abiret.
444 2135 640 2178 postquam
667 2144 754 2168 vero
782 2133 1010 2170 destinatum
1035 2135 1108 2170 sibi
1125 2135 1409 2171 tabernaculum
1436 2135 1647 2181 occupavit,
1675 2146 1748 2170 non

263 2179 324 2215 hic
353 2180 429 2215 otio
457 2191 533 2215 sese
558 2180 671 2224 dedit,
699 2181 761 2216 sed
787 2194 829 2217 eo
857 2186 987 2228 aperto
1027 2184 1253 2229 petitoribus
1282 2184 1425 2220 aditum
1453 2184 1639 2231 praebuit.
1690 2182 1748 2218 his

263 2227 359 2262 enim
389 2239 532 2274 semper
557 2229 717 2264 affabilis
732 2234 812 2265 erat
829 2243 872 2267 ac
889 2231 1088 2267 videndam
1102 2232 1400 2279 audientiamque
1415 2244 1454 2268 se
1467 2233 1627 2269 libenter
1644 2243 1748 2278 prae-

263 2276 387 2311 bebat.
437 2288 556 2323 neque
580 2278 774 2323 pecuniam
807 2281 1035 2326 pauperibus
1071 2281 1205 2327 largiri
1241 2284 1420 2317 contenta
1452 2282 1609 2318 meliora
1634 2281 1747 2316 etiam

264 2324 309 2358 iis
346 2324 539 2370 suadebat3
580 2329 616 2361 et
654 2338 745 2372 quos
779 2327 878 2363 forte
915 2329 1058 2365 viribus
1083 2330 1250 2365 valentes
1289 2331 1406 2366 vitam
1450 2342 1561 2378 agere
1598 2329 1750 2365 videbat

264 2373 431 2418 otiosam,
455 2385 516 2408 eos
554 2374 599 2409 ad
626 2386 740 2421 opera
765 2376 983 2423 laboresque
1023 2378 1187 2424 impulit,
1215 2382 1259 2414 ut
1286 2379 1374 2415 inde
1402 2379 1474 2415 sibi
1501 2381 1674 2425 peterent
1699 2376 1746 2413 ad

264 2421 378 2456 vitam
416 2423 620 2458 necessaria
660 2435 730 2459 neu
779 2425 959 2471 languore
996 2428 1162 2472 oppressi
1200 2427 1443 2474 ostiatimque
1495 2427 1766 2464 mendicantes·

264 2473 501 2515 vagarentur.
551 2483 618 2507 nec
643 2472 758 2507 ullum
787 2486 962 2519 umquam
989 2478 1137 2521 tempus
1161 2476 1207 2511 ab
1232 2476 1297 2512 illa
1320 2476 1565 2513 beneficentia
1589 2476 1748 2522 impera·

265 2518 395 2553 tricem
420 2517 591 2558 detinuit.
634 2521 760 2566 itaque
787 2522 905 2557 David
923 2523 1073 2569 quidem
1099 2528 1232 2570 potum
1258 2524 1351 2561 fietu
1374 2526 1565 2562 miscuisse
1589 2526 1747 2566 constat,

266 2566 538 2610 imperatricem
562 2579 650 2604 vero
689 2572 726 2604 et
754 2581 871 2606 escam
898 2572 1104 2617 quamlibet
1128 2576 1167 2609 et
1196 2577 1326 2619 potum
1363 2585 1449 2610 cum
1490 2572 1748 2610 misericordia

252 2612 400 2668 'babere
426 2615 562 2651 cotidie
586 2618 787 2653 commixta
811 2620 974 2664 patebat.
1026 2621 1143 2657 multa
1177 2621 1299 2658 hercle
1332 2625 1431 2666 sunt,
1464 2634 1560 2669 quae
1596 2621 1643 2657 de
1678 2621 1748 2656 hac

266 2663 502 2707 imperatrice
536 2664 625 2700 mihi
665 2666 814 2702 tradere
851 2668 991 2713 liceret,
1026 2670 1098 2704 nisi
1135 2669 1234 2705 filiae
1272 2671 1533 2707 testimonium
1561 2669 1746 2706 mendacii

266 2710 536 2765 suspicionibus
561 2713 764 2749 obnoxium
792 2715 902 2762 foret,
919 2718 1025 2763 quasi
1043 2718 1082 2752 in
1098 2719 1229 2755 matris
1242 2720 1405 2765 gratiam
1422 2719 1623 2757 confictum
1638 2721 1743 2754 esset.

264 2757 435 2813 equit-lem
459 2771 545 2794 sane
571 2761 743 2797 adversus
768 2775 840 2808 eos,
879 2766 942 2810 qui
968 2765 1056 2801 talia
1084 2767 1333 2812 suspicantur,
1366 2769 1491 2805 verbis
1515 2768 1608 2804 'meis
1634 2766 1747 2803 act-io-

264 2816 329 2840 nes
355 2818 452 2851 ipsas
478 2810 592 2843 testes
616 2810 815 2855 proferam.

400 2856 432 2890 4.
482 2855 541 2891 Ad
566 2857 828 2902 imperatorem
852 2864 987 2907 autem,
1012 2862 1078 2897 ubi
1098 2863 1398 2900 Thessalonicam
1426 2876 1510 2900 eum
1536 2866 1748 2911 pervenisse

263 2903 455 2948 cognitum
483 2907 548 2949 est,
574 2906 772 2942 occidentis
797 2910 961 2953 partium
989 2910 1138 2956 milites,
1163 2912 1281 2948 veluti
1313 2916 1486 2949 centrum
1511 2914 1642 2959 gravia
1664 2924 1744 2949 cor·
1764 2922 1780 2939 ²>
