1734 3120
201 216 280 257 276
709 222 873 256 ANNAE
904 221 1170 256 COMNENAE

198 339 222 382 ὁ
251 339 288 382 δ’
336 337 567 394 ἕπλαγιάζε
607 332 686 395 τὴν
729 332 922 394 κεφαλὴν
965 331 1256 390 ἐρεισάμενος,
1301 333 1326 380 ὁ
1357 337 1394 380 δ’
1427 335 1491 390 εἷς
1536 340 1687 393 τοῖχον

186 403 433 465 ’ὖπήρειδεν
464 401 630 448 ἑαυτόν.
689 400 826 460 μόνος
865 401 983 460 πρὸς
1011 401 1089 447 τὸν
1128 407 1343 449 τοσοῦτον
1383 404 1525 449 πόνον
1561 402 1686 462 ἄμει-

196 475 355 526 λίκτως
386 468 500 528 εἶχεν
530 470 553 515 ὁ
585 472 801 527 βασιλεύς.
875 472 945 514 καὶ
976 471 1043 524 τίς
1071 469 1150 528 γὰρ
1180 475 1259 530 τῆς
1287 472 1454 518 ἐκείνου
1489 491 1687 533 φερεπο-

197 542 290 594 νιάς
319 538 448 598 λόγος
479 540 705 599 ἕφίκοιτο;
749 537 1016 596 μυριάνδρου
1058 539 1137 596 γὰρ
1171 535 1304 599 οῧσης
1334 544 1411 601 τῆς
1454 543 1687 598 διαλέξεως

197 607 341 653 πολλὰ
388 609 467 665 μὲν
514 607 697 659 ἕκαστος
743 605 888 651 ἐλάλει
919 608 990 651 καὶ
1038 602 1331 665 άμετροεπιῦς
1377 609 1546 669 ἐκολῴα
1580 613 1721 656 καθ’ὶό

151 674 396 736 ])Ὅμηρον·
427 671 559 729 ἄλλος
588 674 809 732 μεταστὰς
842 677 1086 732 παρεδίδου
1125 675 1260 736 ἑτέρῳ
1300 675 1378 737 τὴν
1416 677 1568 723 λαλιάν
1609 674 1686 724 κά·

45 756 82 792 Ρ.
111 756 180 791 437
196 750 340 798 κεῖνος
369 744 432 798 εἷς
459 739 592 788 ἄλλον
626 745 923 800 μετέπεμπεν,
967 739 1046 788 εἶτ’
1089 736 1224 798 αὖθις
1262 737 1392 799 οὗτος
1428 745 1492 800 εἷς
1521 747 1685 804 ἕτερον.

195 815 267 858 καὶ
297 806 348 873 ἦν
378 814 457 870 μὲν
487 812 532 856 ἐν
561 812 843 868 διαλείμμασι
872 809 1094 870 τούτοιςῆ
1121 810 1287 868 στάσις,
1309 812 1332 858 ὁ
1364 813 1509 876 δὲτὴν
1534 813 1687 860 στάσιν

194 879 309 939 εἶχεν
337 878 585 938 ἀπέραντον
613 882 737 938 μέχρι
771 879 953 939 πρώτης
983 878 1012 938 ἢ
1042 883 1114 926 καὶ
1144 883 1350 939 δευτέρας
1373 878 1685 943 ἀλεκτοροφω-

193 953 296 1005 νίας.
341 948 498 1008 μικρὸν
528 950 576 994 δὲ
606 947 988 1006 διαναπαυόμενος
1017 948 1141 1009 ἡλίου
1171 948 1305 995 πάλιν
1334 946 1588 1007 άνίσχοντος
1609 952 1684 996 ἐπὶ
1702 966 1734 999 1(

43 1031 85 1067 V.
111 1022 276 1067 346τοῦ
310 1017 481 1076 θρόνου
511 1021 727 1079 καθῆστο,
771 1019 843 1063 καὶ
882 1016 1015 1063 πάλιν
1050 1018 1193 1075 ἕτεροι
1236 1017 1368 1064 πόνοι
1408 1022 1480 1065 καὶ
1522 1017 1687 1079 ἀγῶνες

193 1090 347 1134 διπλοῖ
375 1088 484 1142 τούς
518 1086 793 1144 νυκτερινοὺς
834 1088 1026 1141 ἐκείνους
1063 1086 1379 1146 διαδεχόμενοι.
1446 1090 1491 1134 ἐκ
1527 1087 1686 1148 ταί-της

191 1159 423 1214 τοιγαροῦν
463 1159 541 1216 τῆς
582 1154 725 1208 αἰτίας
769 1154 794 1214 ἡ
841 1152 972 1215 ὀδύνη
1019 1158 1109 1201 τῶν
1153 1159 1308 1201 ποδῶν
1340 1156 1574 1217 ἐνσκήπτει
1604 1160 1682 1202 τοῦ

192 1220 529 1282 αὐτοκράτορος.
583 1222 735 1268 ἔκτοτε
767 1225 815 1268 δὲ
835 1225 961 1281 μέχρι
980 1226 1133 1278 τέλους
1154 1226 1201 1269 ἐκ
1223 1224 1533 1285 διαστημάτων
1552 1230 1685 1271 τινῶν

191 1295 404 1350 χρονικῶν
442 1289 569 1353 ἐπῄει
608 1289 659 1335 τὸ
701 1294 839 1350 ῥεῦμα
886 1288 1043 1351 ὀδύνην
1083 1292 1253 1350 ἐπάγον
1290 1291 1504 1353 σφοδράν.
1575 1292 1598 1338 ὃ
1637 1295 1734 1338 δεῗΠ

149 1363 406 1405 Βτοσοῦτον
437 1360 708 1417 ἑγκαρτεριῦν
755 1352 816 1419 ἦν,
865 1358 925 1412 ὠς
953 1361 1178 1419 μηδέποτε
1223 1360 1506 1419 γογγυστικόν
1540 1361 1685 1406 εἰπεῖν

153 1420 155 1422 ,
193 1432 321 1486 ῥῆμα,
353 1426 462 1472 ἄλλα
501 1426 553 1471 τὸ
588 1424 756 1483 (ιάξίως
787 1426 968 1484 πάσχω·
1011 1426 1203 1487 εὐλόγως
1237 1447 1312 1486 μοι
1351 1431 1492 1474 ταῦτα
1521 1430 1680 1488 γίνεται

191 1494 264 1540 διὰ
291 1494 369 1540 ττν
398 1498 489 1540 τῶν
518 1497 636 1554 ἐμῶν
666 1495 892 1554 ἁμαρτιῶν
924 1496 1147 1556 πληθ·ιῖ’ν”.
1219 1497 1258 1543 εἰ
1290 1498 1364 1542 καί
1394 1515 1484 1542 που
1514 1498 1562 1543 δὲ
1593 1500 1684 1542 τῶν

192 1564 370 1618 χειλέων
398 1561 533 1609 αὐτοῦ
574 1568 689 1625 ῥῆμα
725 1567 1023 1624 μικροψυχίας
1063 1564 1386 1626 ἐκδεδραμήκει,
1433 1564 1577 1619 εὐθύς
1619 1570 1682 1625 τῷ

191 1633 270 1676 τοῦ
302 1634 492 1689 σταυροῦ
524 1635 691 1692 σημείῳ
725 1633 835 1678 κατὰ
864 1638 945 1679 τοῦ
977 1636 1255 1691 παλαμναίου
1287 1635 1442 1694 ἐχρῆτο
1473 1636 1683 1691 δαίμονος
1696 1650 1734 1684 20

194 1701 390 1759 ((φεῦγε”
435 1702 571 1759 λέγων
619 1702 704 1758 ((ἑξ
742 1703 850 1759 ἐμοῦ
891 1704 1077 1761 πονηρέ·
1119 1699 1218 1747 οὐαί
1259 1721 1327 1748 σοι
1361 1705 1432 1747 καὶ
1458 1707 1556 1756 τοῖς
1584 1708 1682 1756 σοῖς

190 1767 299 1812 κατὰ
327 1772 416 1813 τῶν
438 1774 718 1825 Χριστιανῶν
746 1769 1094 1829 μηχανήμασινῆ
1153 1767 1264 1815 άλλά
1292 1771 1347 1815 τά
1375 1772 1456 1827 μὲν
1485 1774 1563 1831 τῆς
1592 1775 1681 1815 τῶν

328 1869 357 1902 1.
384 1867 417 1900 δ’
443 1867 485 1910 F,
513 1868 555 1902 δὲ
581 1868 621 1903 Ρ.
776 1870 808 1902 2.
838 1866 1034 1914 ὑπήρειδεν
1058 1869 1208 1915 scripsi:
1237 1867 1429 1916 ὑπερεῖδεν
1454 1869 1495 1905 Ρ.
1642 1873 1675 1906 5.

326 1913 564 1962 άμετροεπῶς
587 1917 629 1961 F,
654 1913 884 1964 ἄμετροεπής
909 1918 948 1953 Ρ.
1021 1915 1198 1953 ἐκολόαΡ
1225 1918 1277 1964 (in
1291 1929 1365 1964 mg.
1380 1919 1465 1953 m.2
1481 1914 1679 1964 ἐθορύβει).

326 1965 360 1999 9.
386 1967 446 1999 καὶ
463 1965 506 2008 F,
518 1976 589 2000 om.
606 1965 646 2000 P.
725 1968 779 2001 10.
809 1966 849 2000 δὲ
879 1962 1202 2014 διαναπαυόμενος
1218 1967 1261 2008 F,
1288 1966 1322 2001 δ’
1337 1963 1626 2014 ἀναπαυόμενος
1639 1967 1680 2002 P.

332 2013 386 2047 15.
412 2010 586 2060 σφοδράν
609 2014 651 2059 F,
678 2011 845 2062 ἔφυδράν
868 2014 906 2050 P.
1036 2015 1090 2049 17.
1117 2011 1254 2062 πάσχω
1278 2015 1427 2061 scripsi:
1454 2011 1614 2062 πάσχων
1641 2015 1679 2051 P.

190 2106 302 2149 caput
327 2103 552 2141 inflexerunt
577 2106 702 2152 aliqua
726 2118 766 2142 re
790 2107 874 2153 nisi,
899 2107 964 2142 alii
990 2107 1149 2154 denique
1177 2108 1312 2154 parieti
1340 2119 1378 2143 se
1402 2111 1678 2153 appresserunt.

189 2152 243 2187 ita
269 2152 365 2187 solus
390 2153 490 2189 inter
514 2157 572 2189 tot
598 2154 741 2190 labores
768 2156 930 2191 invictus
956 2158 1162 2202 apparebat
1186 2158 1412 2202 imperator3
1439 2158 1544 2192 cuius
1563 2158 1679 2192 incre-

189 2200 339 2236 dibilem
366 2202 585 2246 patientiam
613 2215 705 2249 quae
731 2206 905 2250 consequi
937 2208 1063 2250 potest
1088 2205 1235 2241 oratio?
1260 2205 1398 2240 etenim
1424 2205 1462 2240 in
1489 2209 1596 2241 tanto
1623 2209 1678 2240 tu-

189 2249 319 2291 multu,
344 2261 426 2285 cum
452 2253 489 2286 et
514 2252 630 2286 multa
655 2253 811 2298 quisque
836 2254 1002 2299 garriret
1031 2255 1318 2300 erocitaretque,
1344 2257 1387 2288 ut
1409 2255 1463 2289 ait
1482 2254 1679 2298 Homerus,

189 2298 267 2332 sine
291 2297 400 2333 modo
426 2298 580 2344 loquens
617 2302 655 2335 et
685 2301 886 2337 fabulando
912 2301 1026 2338 fessos
1056 2303 1274 2348 exciperent
1299 2313 1443 2348 semper
1467 2303 1543 2348 alii,
1568 2303 1622 2338 ita
1638 2306 1680 2338 ut

189 2345 247 2381 his
263 2346 386 2381 standi
403 2348 500 2383 vices
518 2351 649 2393 essent,
665 2350 930 2395 imperatorem
951 2353 1076 2386 tamen
1091 2351 1129 2386 in
1145 2351 1303 2397 vestigio
1323 2354 1491 2396 perstare
1509 2353 1679 2396 oportuit

189 2394 235 2428 ad
262 2395 426 2439 primum
449 2395 654 2432 alterumve
678 2398 768 2443 galli
801 2402 963 2434 cantum.
1004 2411 1046 2434 ac
1072 2399 1218 2435 modico
1245 2411 1374 2435 somno
1399 2403 1587 2445 percepto,
1614 2401 1677 2435 ubi

188 2442 323 2486 illuxit,
351 2443 473 2479 denuo
498 2445 536 2479 in
563 2445 655 2480 solio
683 2446 836 2483 sedebat
861 2450 900 2482 et
922 2448 986 2483 alii
1016 2460 1144 2483 rursus
1171 2448 1315 2483 labores
1340 2447 1581 2494 duplicesque
1601 2460 1675 2483 mo·

189 2490 315 2526 lestiae
343 2495 544 2528 nocturnas
568 2493 650 2528 illas
683 2495 929 2541 excipiebant.
982 2500 1138 2542 propter
1164 2497 1260 2532 hanc
1285 2497 1403 2542 igitur
1429 2508 1575 2532 causam
1602 2509 1678 2532 ma-

189 2539 287 2573 xime
310 2539 572 2584 imperatorem
599 2542 733 2587 pedum
762 2545 913 2580 morbus
950 2545 1167 2590 occupavit:
1206 2545 1339 2580 exinde
1368 2544 1415 2580 ad
1441 2548 1597 2580 mortem
1619 2557 1676 2580 us-

189 2598 260 2631 que
284 2589 396 2623 certis
428 2590 634 2626 intervallis
659 2590 794 2628 humor
833 2592 983 2629 affluxit
1009 2593 1264 2630 vehementem
1290 2605 1472 2640 generans
1497 2593 1677 2628 dolorem.

190 2638 352 2670 attamen
392 2637 471 2672 sine
520 2638 595 2674 ulla
634 2640 783 2685 querela
819 2642 969 2688 egregie
1010 2653 1092 2677 eum
1132 2642 1319 2678 tolerabat
1353 2645 1390 2677 et
1427 2641 1550 2677 dicere
1589 2642 1677 2678 sole-

189 2682 271 2718 bat:
313 2683 460 2730 “Digna
486 2687 629 2732 patior;
666 2689 802 2724 merito
840 2689 934 2725 mihi
965 2690 1057 2726 talia
1096 2691 1271 2726 accidunt
1310 2690 1358 2725 ob
1396 2690 1677 2726 multitudinem

189 2734 420 2775 peccatorum
458 2737 662 2770 meorum.''
724 2749 767 2773 ac
803 2738 834 2773 si
867 2750 961 2784 quae
987 2738 1086 2774 forte
1109 2739 1285 2775 imbecilli
1318 2739 1434 2774 animi
1458 2750 1528 2774 vox
1567 2739 1677 2774 labiis

188 2779 388 2824 exciderat,
445 2783 571 2818 statim
615 2785 736 2821 crucis
774 2786 880 2831 signo
927 2787 966 2821 in
1012 2787 1257 2823 execrabilem
1304 2787 1520 2822 daemonem
1570 2790 1678 2822 utens

188 2827 243 2862 “F
248 2828 342 2873 uge’⁷
378 2828 432 2864 ait-
458 2831 502 2864 “a
529 2843 596 2870 me,
621 2833 813 2869 scelerate!
856 2846 922 2869 vae
947 2835 1019 2870 tibi
1047 2839 1084 2870 et
1108 2836 1184 2870 tuis
1208 2838 1340 2872 contra
1355 2835 1586 2871 Christianos
1602 2847 1676 2871 ma-

186 2874 498 2913 chinationibus.'⁷
550 2879 612 2914 sed
638 2880 685 2915 de
710 2881 846 2926 pedum
874 2883 1003 2918 dolore
1029 2883 1213 2920 hactenus.
1269 2885 1324 2919 sin
1349 2894 1438 2919 vero
1462 2885 1546 2929 quis
1577 2884 1676 2919 hunc

1718 2951 1734 3020 '15.-‚2
1715 2889 1734 2940 ,οὓ
1732 2856 1734 2859 ,
1727 2816 1730 2819 >
