1794 3132
534 231 588 265 m
619 228 909 264 ALEXIADEM
934 229 1097 264 NOTAE
1477 221 1556 265 451

73 359 168 390 rum
189 346 388 402 reliquias
427 346 503 389 aut
528 344 721 388 vivificae
747 345 891 388 Crucis
913 345 1143 400 particulas
1168 345 1437 398 continentes,
1459 360 1561 401 quas

74 403 280 447 catenulis
310 402 360 446 de
389 401 498 445 collo
525 401 579 445 ad
609 402 753 456 pectus
781 401 1005 456 pendentes
1030 402 1267 456 gestabant.
1312 403 1561 446 Anastasius

75 460 276 503 Biblioth.
309 459 363 503 ad
394 459 491 505 Act.
511 459 550 501 5.
590 458 776 501 Octavae
805 457 985 514 Synodi:
1037 457 1209 502 crucem
1248 472 1340 501 cum
1374 461 1561 512 pretioso

75 517 205 572 liqna,
232 515 298 559 vel
325 529 419 559 cum
450 515 643 570 reliquiis
673 514 926 558 Sanctorum
955 518 1052 558 ante
1084 519 1229 568 pectus
1260 519 1439 569 portare
1469 529 1562 559 sus-

68 587 250 629 pensam
279 573 338 616 ad
362 572 528 626 collum,
556 571 632 614 hoc
661 575 722 614 est
750 571 861 626 quod
899 575 1051 614 vocant
1084 572 1330 625 encolpium.
1391 572 1453 614 De
1481 585 1561 627 quo

74 643 189 674 more
210 629 433 673 Gretzerus
452 629 572 672 Tom.
597 630 634 671 1.
664 628 715 671 de
745 628 786 671 S.
809 627 940 671 Cruce
967 628 1040 671 lib.
1063 629 1101 670 2.
1133 641 1222 683 cap.
1245 629 1311 671 27.
1348 629 1562 671 Eiusmodi

75 699 171 730 vero
203 686 354 730 Cruces
381 686 434 729 ab
464 685 794 740 Imperatoribus
831 685 978 728 aliisve
1019 685 1177 740 gestari
1206 685 1353 727 solitas
1398 687 1439 728 et
1466 684 1562 727 fidei

73 743 290 787 faciendae
332 743 399 786 vel
427 742 666 785 securitatis
697 741 927 785 firmandae
965 742 1103 797 gratia
1137 754 1259 796 saepe
1295 742 1562 787 transmissas

74 801 287 844 testantur
316 799 470 854 passim
501 798 732 853 Scriptores
761 798 999 854 Byzantini‚
1044 799 1172 853 atque
1214 798 1258 840 in
1303 798 1355 841 iis
1392 798 1563 841 Nicetas

75 857 295 912 Paphlago
326 857 371 899 in
392 856 494 899 Vita
540 855 582 899 S.
628 855 787 910 Ignatii
834 855 950 898 Patr.
999 854 1079 898 CP.
1115 855 1234 897 VIII.
1281 854 1433 910 Synod.
1481 853 1562 897 CP.

75 915 170 957 Act.
191 915 229 956 5.
269 912 424 969 Synod.
456 913 604 967 Ephes.
636 911 738 955 Can.
760 913 827 955 22.
859 912 956 954 Act.
979 912 1018 954 8.
1061 911 1287 966 Gregorius
1324 911 1368 953 in
1390 911 1490 953 Vita
1521 910 1562 953 S.

79 970 226 1013 Basilii
240 969 422 1013 Iunioris
443 981 477 1011 c.
502 971 563 1012 ll.
594 969 865 1023 Theophanes
886 969 966 1011 An.
983 968 1208 1011 Iustiniani
1224 967 1485 1010 Rhinotmeti
1500 977 1565 1010 VI.

77 1027 158 1070 Leo
191 1026 504 1070 Grammaticus
545 1026 590 1068 in
634 1025 839 1068 Michaele
886 1026 927 1068 et
970 1024 1259 1076 Constantino,
1292 1023 1492 1080 Scylitzes
1519 1023 1564 1065 in

76 1083 320 1139 Theophilo‚
350 1083 393 1125 in
424 1082 630 1126 Michaele
659 1082 865 1137 Paphlag.
896 1082 938 1124 et
965 1082 1010 1124 in
1027 1081 1216 1124 Romano
1238 1081 1362 1136 Diog.
1393 1080 1564 1123 Nicetas

77 1141 207 1185 Chon.
250 1141 293 1183 in
326 1140 515 1183 Andron.
543 1140 615 1182 lib.
638 1141 677 1182 2.
720 1153 808 1195 cap.
832 1141 896 1182 11.
943 1138 1172 1182 Cinnamus
1207 1140 1280 1182 lib.
1302 1141 1340 1183 5.
1388 1151 1474 1192 cap.
1498 1139 1563 1181 16.

76 1199 351 1254 Pachymeres
370 1197 444 1240 lib.
465 1198 505 1239 4.
526 1209 616 1251 cap.
633 1197 672 1239 6.
702 1196 896 1251 Acropol.
929 1209 1018 1251 cap.
1040 1197 1101 1238 ll.
1138 1195 1414 1239 Cantacuzen.
1434 1196 1508 1238 lib.
1529 1197 1563 1238 l.

76 1268 166 1310 cap.
187 1256 256 1297 58.
293 1254 367 1297 lib.
393 1255 432 1297 3.
473 1267 560 1308 cap.
585 1254 649 1296 14.
683 1254 746 1296 17.
778 1255 819 1297 et
851 1254 917 1297 20.
969 1252 1170 1296 Gunther.
1212 1253 1256 1295 in
1298 1253 1409 1296 Hist.
1442 1252 1563 1296 CPol.

76 1325 165 1366 cap.
183 1312 251 1354 26.
278 1311 404 1354 Anna
431 1311 505 1354 lib.
525 1312 565 1353 3.
594 1323 692 1366 pag.
711 1313 777 1354 94.
809 1312 850 1353 et
881 1311 952 1354 lib.
972 1312 1010 1354 8.
1044 1324 1140 1366 pag.
1162 1311 1258 1352 242.
1301 1310 1437 1353 Autor
1452 1309 1564 1352 Nar-

74 1368 250 1412 rationis
279 1367 518 1411 Historicae
547 1369 592 1410 in
623 1368 821 1411 Restitut.
853 1369 1032 1423 Imagin.
1064 1381 1159 1422 pag.
1183 1367 1277 1409 724.
1310 1368 1350 1410 et
1372 1368 1466 1409 732.
1511 1365 1563 1407 D.

77 1424 397 1481 chrysostomus
426 1425 795 1468 Demonstratione
831 1426 978 1468 contra
1005 1424 1173 1471 Gentes,
1205 1422 1378 1479 Gregor.
1410 1423 1566 1478 Nysse-

77 1495 154 1525 nus
181 1482 226 1524 in
259 1481 460 1525 Encomio
490 1482 716 1534 Macrinae,
748 1483 827 1526 etc.
886 1481 966 1525 Sed
1008 1482 1050 1525 et
1092 1481 1135 1523 in
1179 1481 1318 1522 mutui
1363 1479 1476 1535 pacti
1517 1491 1564 1521 ac

76 1538 338 1582 Sacramenti
373 1538 732 1582 confirmationem
773 1538 976 1582 eiusmodi
1028 1537 1215 1592 encolpia
1244 1538 1422 1580 invicem
1453 1548 1566 1578 com-

76 1596 313 1638 mutabant.
373 1595 650 1651 Pachymeres
683 1596 756 1639 lib.
787 1600 824 1638 1.
871 1607 960 1650 cap.
988 1596 1055 1637 31.
1099 1593 1238 1636 ταῦτα
1281 1591 1566 1646 συνθεμένων

76 1650 254 1694 ἐκείνων
298 1651 370 1693 καὶ
399 1646 761 1705 ἄιταλλαξάντων
789 1649 852 1701 εἰς
884 1650 987 1702 τούς
1016 1648 1176 1705 ὅρκοις
1213 1647 1268 1691 τὰ
1305 1646 1400 1704 ἱερὰ
1440 1664 1565 1702 περι-

76 1705 1113 1810 {ma⁰55ffl15333nss⁶²332245ffl⁷21253}ssss
1143 1704 1565 1806 {13²⁰t533’01312215.‘3.3

104 1835 173 1866 aa,
208 1823 304 1865 261.

77 1836 178 1979 ἓοῒῑ
200 1871 415 1934 '‘OQ-Qum
458 1875 615 1936 ὕμνον]
666 1879 804 1922 Horas
842 1879 1089 1922 matutinas
1147 1875 1253 1918 Vide
1283 1874 1468 1918 Goarum
1510 1873 1608 1915 adD

166 1949 222 1979 in.

208 1989 417 2049 Σιδηρᾶς]
439 1992 595 2035 Eadem
617 1992 743 2035 habet
766 1991 999 2046 Bryennius
1020 1990 1092 2032 lib.
1109 1990 1147 2031 3.
1170 2001 1257 2043 cap.
1276 1989 1342 2029 25.
1375 1986 1563 2030 Sideram
1578 1988 1774 2035 Pag.54.A

76 2050 120 2092 in
150 2049 414 2093 meridionali
444 2049 570 2093 Urbis
606 2049 725 2104 parte
755 2047 909 2091 statuit
940 2046 1139 2101 Scylitzes
1168 2047 1211 2088 in
1243 2044 1377 2086 Leone
1406 2042 1563 2085 Philos.

78 2105 247 2162 ἐγένετο
278 2104 327 2148 δὲ
355 2101 618 2162 ἐμπρησμὸς
642 2102 751 2147 κατὰ
782 2100 832 2145 τὸ
863 2099 1162 2158 μεσήμβρινον
1200 2099 1334 2155 μέρος
1374 2100 1450 2156 τῆς
1479 2093 1565 2138 πό-

78 2164 203 2214 λεως,
254 2161 300 2204 ἐν
337 2164 391 2222 τῇ
431 2161 623 2218 λ..εγ(ηιι«ι.’νι
670 2161 847 2217 Σιδηρᾷ.
892 2159 1078 2225 ²Siderae
1117 2157 1308 2222 meminit
1354 2156 1565 2222 praeterea

80 2219 265 2263 Codinus
294 2219 367 2263 lib.
397 2219 447 2262 de
468 2220 585 2275 Orig.
643 2219 690 2261 P.
719 2217 790 2259 καὶ
820 2214 871 2258 τὸ
902 2210 1062 2257 Ἀατον
1094 2211 1210 2268 πρὸς
1236 2228 1314 2267 την
1336 2216 1450 2253 Νέαν
1478 2225 1567 2252 κει-

79 2292 224 2331 μενον,
256 2275 330 2318 καὶ
359 2276 483 2331 μέχρι
515 2277 593 2331 τῆς
622 2269 949 2328 ὀνομαζομένης
977 2271 1176 2327 Σιδηρᾶς.
1247 2269 1366 2312 Certe
1394 2267 1565 2332 Aatpam.

79 2347 150 2376 seu
181 2327 337 2375 Ἀετὸν
366 2333 483 2376 iuxta
513 2346 667 2376 novam
684 2331 915 2374 Ecclesiam
945 2328 1097 2371 statuit
1116 2328 1243 2370 etiam
1267 2324 1565 2368 Constantinus

80 2391 233 2445 Porph.
265 2391 310 2432 in
337 2390 499 2433 Basilio
531 2402 621 2444 cap.
642 2390 710 2431 58.
765 2387 886 2431 Unde
916 2399 1011 2428 cum
1041 2384 1174 2427 Aetas
1207 2382 1374 2425 Siderae
1404 2380 1566 2422 vicinus

79 2447 219 2499 fuerit,
249 2445 406 2490 Sidera
448 2459 545 2489 vero
593 2445 848 2488 Monasterio
894 2441 1024 2485 Petrii
1066 2440 1264 2495 proxima,
1315 2448 1566 2491 consequens

81 2504 247 2547 videtur
279 2503 432 2555 locum,
464 2504 536 2558 qui
567 2503 662 2546 aliis
682 2501 798 2543 Aetiz'
827 2500 994 2548 dicitur,
1017 2497 1187 2539 domum
1209 2494 1369 2537 scilicet
1390 2493 1563 2556 Regiam

79 2574 104 2603 a
133 2561 198 2603 sui
227 2560 489 2603 sublimitat-e
518 2560 578 2602 sic
608 2558 861 2613 appellatam
907 2557 949 2597 et
978 2555 1031 2597 ab
1061 2553 1202 2596 eodem
1233 2550 1391 2593 Basilio
1423 2547 1567 2591 condi-

79 2618 183 2669 tam,
208 2617 275 2660 cui
294 2617 484 2659 vicinum*
505 2616 587 2659 fuit
605 2614 805 2665 Pet-rium,
831 2610 1018 2655 eumdem
1045 2622 1131 2652 esse
1157 2620 1251 2651 cum
1269 2608 1388 2649 Aeto.
1436 2605 1565 2647 Vetus

80 2672 241 2716 Scheda
259 2673 368 2728 apud
386 2673 621 2716 Martinam
644 2670 837 2714 Crusium
862 2668 933 2710 lib.
951 2668 989 2708 3.
1021 2666 1220 2720 Turcogr.
1240 2675 1336 2718 pag.
1354 2663 1447 2704 190.
1471 2661 1564 2730 275.

81 2725 107 2785 ἦ
139 2729 292 2784 βίβλθς
328 2723 465 2785 αὐτῆς
503 2729 582 2787 τῆς
612 2728 767 2794 ΖξΙονῆς
811 2725 889 2766 τοῦ
935 2717 1201 2776 Προδρόμου
1250 2720 1328 2776 τῆς
1368 2731 1566 2772 κειμενης

395 2780 408 2796 )
508 2784 518 2798 t

82 2785 258 2843 ἔγγιστα
286 2787 366 2828 τοῦ
395 2789 583 2835 Aenon,
616 2778 797 2840 αρχαϊκὴ
824 2780 872 2823 δὲ
892 2781 944 2838 τῇ
962 2780 1095 2836 Mam}
1116 2777 1267 2834 κλῆσις
1288 2774 1451 2829 Πέτρα.
1507 2773 1565 2815 At

80 2843 190 2887 unde
218 2842 397 2887 Siderae
423 2841 651 2898 appellatio
682 2838 859 2890 fluxerit,
893 2835 1004 2880 haud
1034 2822 1206 2890 planum
1247 2831 1424 2883 videtur,
1470 2842 1564 2872 cum
