1734 3120
197 230 279 272 370
701 239 868 274 ΑΝΝΑΕ
897 239 1164 276 COMNENAE
1212 233 1217 237 “

194 355 446 412 διεγίνωσκε
477 354 549 397 καὶ
577 351 693 410 πρὸς
723 350 799 413 τὴν
830 350 1062 410 διάγνωσιν
1095 353 1304 410 ἐπειρᾶτο
1332 352 1572 413 προσάγειν
1601 354 1679 416 τὴν

194 423 458 480 θεραπείαν.
530 419 656 474 ὅπως
685 422 722 465 δ’
761 418 814 464 ἂν
844 417 959 476 εἶχεν
989 417 1015 481 ἢ
1044 418 1192 474 οὕτως
1221 419 1248 482 ἢ
1278 419 1430 476 οὕτως,
1469 420 1683 468 δύσκολον

194 486 283 545 εἶχε
315 488 370 534 τὰ
399 490 511 534 κατὰ
536 488 615 534 τόν
645 485 959 545 αὐτοκράτορα.
1001 484 1103 533 οὐδὲ
1140 487 1218 546 γὰρ
1259 487 1312 533 ἂν
1350 485 1489 551 ἇκαρῆ
1527 489 1684 549 χρόνον

196 555 436 615 ἐλεύθερον
479 556 737 602 εἰσπνεῦσαι
786 554 1007 614 δεδύνητο.
1089 551 1247 615 ὄρθιος
1293 556 1374 616 γὰρ
1424 555 1683 618 ἠναγκάζετο

196 624 348 671 διόλου
379 622 715 686 οἷνακαθήμενος
745 622 980 670 οἷναπνεῖν·
1014 622 1054 668 εἷ
1074 625 1122 669 δέ
1140 643 1230 670 που
1260 627 1332 671 καὶ
1360 625 1517 680 ὕπτιος
1538 629 1719 673 κέοιτοῡ

198 692 225 754 ἢ
254 693 364 739 κατὰ
393 695 587 751 θατέραν
624 690 829 750 πλευράν,
861 697 945 752 φεῦ
975 691 1077 737 τότε
1114 697 1194 739 τοῦ
1233 693 1410 752 βρόχου.
1470 693 1577 740 οὐδὲ
1606 695 1684 754 γὰρ

200 764 298 825 ἐνῆν
327 762 530 821 συρμάδα
576 760 738 818 μικράν
774 765 853 806 τοῦ
901 760 1074 817 ἔξωθεν
1110 763 1239 818 ἀέρος
1283 762 1505 825 εἰσρυῆναί
1537 782 1585 808 τε
1616 767 1687 809 καὶ

199 827 473 893 ἀπορρυῆναι
504 829 614 875 κατά
645 848 691 888 γε
726 828 804 891 τὴν
834 826 1061 891 οἷναπνοήν
1096 848 1144 874 τε
1184 834 1256 876 καὶ
1293 830 1515 893 εἰσπνοήν.
1579 829 1687 877 ἄλλα

198 902 270 945 καὶ
300 899 490 959 ὁπηνίκα
520 897 700 960 ἐλεήσας
727 917 794 952 τις
824 902 983 943 τοῦτον
1016 896 1160 952 ὕπνος
1182 900 1366 960 ἐπέλθῃ,
1387 902 1459 945 καὶ
1489 900 1590 945 τότε
1610 904 1687 962 τῆς

154 972 437 1030 Βπνιγμονῆς
481 968 710 1012 ἐπεδίδου·
758 965 871 1011 ὥστε
907 966 1016 1010 κατὰ
1057 967 1200 1011 πάντα
1230 966 1381 1026 καιρὸν
1411 970 1482 1013 καὶ
1513 970 1687 1027 ἐγρηγο-
1703 983 1734 1016 1(

47 1048 86 1084 Ρ.
114 1049 185 1083 499
198 1034 330 1093 ρότος
358 1032 499 1081 αὐτοῦ
529 1037 600 1079 καὶ
631 1032 941 1088 ’ὑπνώττοντος
971 1034 996 1096 ἡ
1028 1034 1238 1095 συμφορὰ
1268 1039 1345 1097 τῆς
1364 1032 1547 1095 α’γχόνης
1583 1037 1686 1081 ἒπε-

197 1105 367 1150 viano.
423 1104 523 1148 ἐπεὶ
554 1104 602 1147 δὲ
632 1101 880 1159 καθάρσιον
911 1098 989 1148 οὔκ
1021 1103 1206 1157 ἐδίδοτο,
1241 1102 1357 1161 πρὸς
1386 1105 1687 1164 φλεβοτομίαν

196 1168 460 1230 ἀπέβλεψαν
491 1173 562 1216 καὶ
592 1170 671 1232 τὴν
697 1173 777 1228 μὲν
797 1170 869 1216 διὰ
900 1173 978 1215 τοῦ
1009 1167 1206 1229 ἀγκῶνος
1232 1168 1479 1230 ἀπέταμον·
1516 1173 1568 1217 οὕ
1602 1174 1686 1234 μην

196 1245 274 1303 τῆς
301 1242 601 1301 ’φλεβοτομίας
641 1236 869 1294 οἷπώνατο,
917 1237 1009 1284 ἀλλ’
1057 1238 1268 1294 ὡσαύτως
1305 1242 1378 1285 καὶ
1418 1239 1551 1286 πάλιν
1591 1237 1680 1296 εἶχε

195 1311 268 1355 καὶ
299 1308 520 1362 δι’σπνους
552 1301 601 1370 ἢν
622 1306 724 1362 ὅλος
743 1310 815 1353 καὶ
837 1306 1078 1353 ἐκινδύνευε
1100 1308 1251 1353 διόλου
1273 1307 1428 1354 στενὸν
1457 1306 1686 1354 ἀναπνέων
1703 1326 1734 1359 Ῑῑ

195 1382 292 1431 ταῖς
322 1379 470 1435 χερσὶν
499 1375 624 1439 ἡμῶν
655 1378 939 1435 ἕναπερυγεῖν
977 1376 1054 1436 τὴν
1084 1375 1242 1439 ψυχήν.
1303 1373 1395 1422 ἄλλ’
1426 1376 1577 1436 ἕράϊσε
1607 1379 1686 1435 μὲν

194 1443 250 1490 vo?
280 1448 358 1507 τῆς
388 1447 636 1499 διαθέσεως
678 1447 756 1507 τῆς
786 1443 858 1490 διὰ
887 1448 977 1490 τῶν
1003 1447 1240 1503 πεπέρεων
1269 1441 1501 1491 ἆντιδὸτου
1532 1448 1687 1492 δοθεί-

195 1532 286 1574 σης.
344 1517 416 1560 καὶ
461 1513 588 1575 ἡμεῖς
626 1512 700 1574 ὑφ’
742 1512 900 1575 ἡδονῆς
945 1510 1025 1558 οὔκ
1053 1512 1240 1571 εἴχομεν,
1285 1512 1311 1559 ὅ
1337 1532 1380 1560 τι
1410 1517 1482 1559 καὶ
1510 1517 1687 1575 χρησαί-

194 1588 318 1640 μεθα
359 1586 440 1642 τῆς
468 1581 772 1641 εὐφροσύνης·
818 1578 927 1627 ἀλλὰ
978 1584 1050 1627 καὶ
1091 1579 1373 1642 χαριστήριον
1420 1579 1685 1640 ἀναπέμπο-

195 1669 277 1708 μεν
305 1655 368 1710 τῷ
401 1653 513 1710 Θεῷ.
588 1650 733 1695 πάντα
770 1653 818 1695 δὲ
847 1643 955 1711 ἦσαν
983 1645 1069 1708 ἄρα
1099 1649 1256 1710 πλάνη.
1331 1650 1395 1704 εἷς
1427 1653 1577 1710 τρίτην
1606 1650 1685 1710 γὰρ
1700 1667 1734 1701 2(

159 1718 364 1779 Βὴμέραν
391 1717 508 1779 ἢκαί
529 1721 739 1778 τετάρτην
769 1718 907 1772 εὐθὺς
945 1716 1079 1764 πάλιν
1109 1717 1151 1763 αἱ
1197 1715 1326 1764 αὐταὶ
1362 1715 1540 1777 ἀγχόναι
1579 1718 1688 1763 κατὰ

199 1791 278 1833 τοῦ
314 1789 533 1844 ι[)ἀσιλείι)ς
566 1790 636 1832 καὶ
676 1788 959 1845 στενοχωρίαι
1003 1790 1083 1832 τοῦ
1115 1785 1376 1844 πνεύμονος.
1434 1789 1598 1844 ἐλπίζω
1634 1790 1685 1842 δ’,

331 1927 365 1961 4.
392 1921 439 1961 ἂν
461 1924 579 1973 ἀκαρῆ
605 1927 645 1973 P,
671 1924 846 1974 ἀνακαρεὶ
872 1927 909 1962 C.
1073 1929 1105 1963 6.
1135 1924 1260 1967 ὕπτιος
1285 1926 1324 1972 C,
1349 1923 1466 1967 ῧττιος
1488 1927 1528 1962 Ρ.
1652 1929 1686 1963 9.

331 1986 370 2009 τε
396 1975 435 2018 C,
462 1986 534 2011 om.
561 1975 601 2011 P.
739 1977 795 2012 20.
822 1979 945 2023 τρίτην
973 1975 1009 2021 C,
1042 2003 1051 2012 .
1067 2003 1076 2012 .
1092 2003 1100 2012 .
1116 1975 1155 2011 P.
1288 1977 1344 2011 21.
1372 1973 1477 2012 αὐταὶ
1504 1976 1543 2021 C,
1576 2003 1583 2011 .
1600 2003 1608 2011 .
1625 1976 1686 2012 .P.

333 2019 493 2070 ἀχχόναι
518 2023 558 2059 P.

198 2173 302 2197 mans
327 2162 439 2198 aliam
465 2163 624 2208 proinde
649 2165 882 2200 curationem
908 2166 1159 2212 praescripsit.
1207 2165 1271 2201 sed
1297 2167 1385 2201 utut
1409 2168 1501 2209 erat,
1525 2165 1683 2210 impera-

198 2213 261 2246 tor
286 2222 323 2246 se
348 2212 444 2246 male
468 2211 613 2256 habuit,
637 2214 727 2258 quia
751 2225 798 2248 ne
824 2214 870 2249 ad
897 2214 1009 2250 breve
1035 2215 1186 2261 quidem
1214 2217 1442 2250 momentum
1470 2213 1586 2249 libere
1612 2214 1686 2258 spi-

198 2270 283 2294 rare
307 2260 434 2305 potuit
457 2263 655 2307 rectusque
687 2273 831 2308 semper
869 2263 1035 2298 residens
1074 2263 1210 2298 ducere
1247 2263 1422 2308 spiritum
1461 2263 1685 2308 cogebatur3

198 2319 283 2343 eum
307 2320 395 2344 vero
420 2311 486 2344 aut
510 2310 664 2355 supinus
698 2313 763 2346 aut
788 2311 827 2346 in
853 2311 1013 2347 alterum
1037 2311 1137 2347 latus
1162 2312 1409 2356 recumberet,
1448 2310 1539 2346 eheu
1567 2314 1685 2345 stran-

199 2356 419 2402 gulabatur:
453 2368 573 2404 neque
608 2359 706 2393 enim
733 2359 841 2394 licuit
867 2361 901 2395 ei
927 2360 1131 2406 quidquam
1157 2371 1270 2395 aurae
1298 2360 1355 2396 vel
1381 2360 1586 2394 introrsum
1611 2362 1685 2394 tra-

200 2405 287 2440 here
311 2405 366 2441 ve]
394 2405 566 2441 emittere
592 2418 659 2451 per
684 2408 943 2453 reciprocandi
961 2409 1116 2454 spiritus
1134 2409 1243 2444 vices.
1285 2411 1322 2443 et
1339 2407 1488 2454 quando
1506 2408 1686 2442 miserans
1722 2433 1729 2440 .

199 2464 282 2488 eum
309 2465 458 2489 somnus
483 2454 694 2499 invadebat,
723 2457 814 2491 item
839 2457 1007 2502 spirandi
1046 2456 1271 2492 difficultate
1308 2456 1514 2500 laborabat,
1551 2457 1606 2490 ita
1645 2459 1686 2490 ut

200 2501 303 2536 omni
327 2505 496 2548 tempore
514 2506 551 2538 et
567 2504 742 2549 vigilanti
757 2507 795 2540 et
808 2504 1011 2541 dormienti
1028 2506 1063 2541 ei
1081 2505 1237 2552 perinde
1260 2504 1569 2551 strangulationis
1588 2504 1685 2550 peri-

200 2550 325 2585 eulum
351 2550 506 2586 adesset.
555 2554 635 2587 tum
662 2552 807 2594 medici,
842 2554 942 2599 quod
967 2555 1168 2600 purgantis
1199 2565 1273 2589 non
1298 2553 1499 2598 dabantur,
1535 2552 1582 2588 ad
1609 2564 1688 2587 san-

202 2598 324 2643 guinis
349 2600 559 2635 missionem
587 2612 625 2635 se
650 2605 935 2648 converterunt3
973 2603 1036 2638 sed
1062 2603 1179 2638 inc-isa
1203 2601 1250 2637 ad
1277 2602 1447 2637 cubitum
1470 2613 1564 2637 vena
1589 2601 1685 2636 nihil

202 2646 396 2682 levabatur
421 2647 624 2694 eodemque
642 2652 743 2685 statu
760 2661 913 2686 manens
931 2651 993 2687 vix
1010 2651 1232 2697 respirabat,
1262 2654 1419 2696 eratque
1434 2649 1687 2694 metuendum,

202 2706 249 2729 ne
275 2695 448 2731 anhelans
473 2697 573 2731 inter
597 2709 728 2733 manus
753 2702 898 2734 nostras
923 2699 1122 2745 expiraret.
1170 2699 1333 2744 tandem,
1371 2699 1437 2734 ubi
1474 2698 1596 2733 levata
1631 2700 1687 2733 est

204 2743 282 2778 eius
310 2744 479 2779 condicio
505 2745 676 2781 antidoto
702 2758 747 2781 ex
771 2748 899 2792 pipere
937 2748 1036 2793 data,
1062 2748 1128 2794 qui
1152 2748 1332 2794 gaudium
1371 2750 1541 2783 nostrum
1567 2749 1687 2781 osten-

204 2790 385 2837 deremus,
411 2804 499 2838 prae
524 2794 670 2829 laetitia
694 2796 965 2842 nesciebamus3
988 2797 1101 2832 etiarn
1128 2795 1197 2831 deo
1223 2795 1407 2832 sacrificia
1430 2795 1687 2831 offerebamus.

205 2839 268 2874 sed
294 2841 419 2875 omnia
443 2853 549 2886 vana,
596 2843 684 2887 quia
720 2845 833 2879 tertio
870 2848 1053 2889 quartove
1078 2844 1141 2880 die
1173 2845 1303 2880 statim
1329 2844 1476 2880 eaedem
1500 2843 1688 2889 praefoca-
1724 2874 1725 2877 ,

205 2888 327 2923 tiones
352 2889 613 2936 pulmonisque
638 2892 832 2937 angustiae
858 2893 1064 2940 redierunt,
1098 2894 1154 2929 ita
1190 2896 1234 2929 ut
1275 2904 1416 2937 verear,
1454 2903 1502 2928 ne
1541 2893 1734 2940 aegrior!
