1780 3138
248 218 301 262 96
755 218 921 257 ANNAE
951 214 1218 256 COMNENAE'

246 340 449 398 ταλαβών
480 341 528 386 δὲ
557 338 635 401 τὴν
662 339 935 383 Λαοδίκειαν
965 338 1035 381 καὶ
1079 333 1260 380 πάντων
1293 335 1545 393 παραυτίκα
1577 351 1740 394 προσε-

245 410 508 471 ληλυθότων
539 406 657 468 αὖτῷ
687 404 844 460 αὐτοῖς
874 407 954 464 μὲν
985 403 1046 459 ὥς
1072 401 1340 462 αὐτομόλοις
1374 402 1650 464 χρησάμενος
1670 406 1742 450 καὶ

245 478 536 539 τεθαρρηκώς
565 476 729 531 ἅνετιῦς
758 474 812 521 τὰ
842 476 1037 536 σφέτερα
1064 477 1288 518 κατοικεῖν
1328 470 1450 519 εἴασε
1496 473 1608 532 μηδὲ
1643 471 1741 532 ἡγε-

245 548 359 607 μόνα
389 546 639 607 ἑπιστήσας.
702 547 880 591 ἐκεῖθεν
911 544 959 589 δὲ
987 545 1060 588 διὰ
1088 545 1168 587 τοῦ
1191 540 1415 599 Χώματος
1441 540 1639 588 διελθών
1667 543 1745 601 τὴν

203 616 448 677 ΒΛάμπην
479 617 687 672 κατέλαβε
728 610 808 658 κᾶν
833 611 969 672 ταύτῃ
1000 613 1072 656 καὶ
1111 610 1189 655 τόν
1223 609 1458 671 Καμύτζην
1486 606 1780 659 Εὖστάθιον5

247 686 487 746 στρατηγόν
517 686 770 743 ἐπέστησεν.
831 678 1048 742 ἕφθακώς
1070 680 1118 725 δὲ
1147 679 1211 733 εἷς
1242 678 1293 725 τὸ
1317 678 1583 737 Πολύβοτον
1611 697 1744 724 κατα-

246 753 457 813 λαμβάνει
492 752 701 810 Τούρκων
747 753 932 809 πλῆθος
975 751 1093 794 πολὺ
1139 750 1212 794 καὶ
1260 747 1547 794 ἐπεισπεσὼν
1589 745 1744 802 αὐτοῖς

246 819 341 882 ὅτ’ρτι
374 822 452 877 τὰς
481 821 640 875 σκευὰς
677 820 1042 876 κατατιθεμένοις
1082 818 1316 875 ξυμβαλών
1356 818 1608 875 παραυτίκα
1646 821 1744 879 νικᾷ

245 893 355 937 κατὰ
384 889 542 949 κράτος
571 892 643 935 καὶ
673 890 831 934 κτείνει
860 889 940 946 μὲν
969 884 1184 940 πολλούς,
1217 882 1514 944 ἀναλαμβάνει
1544 886 1592 931 δὲ
1625 887 1746 931 λείαν

246 959 416 1020 πολλὴν
448 961 521 1004 καὶ
547 962 632 1004 τοῦ
663 956 870 1017 πλήθους
901 952 1130 1014 ἀνάλογον.
1761 965 1780 999 1

359 1034 394 1074 6.
459 1026 629 1073 Τούτου
660 1030 764 1085 γοῦν
792 1024 929 1087 μήπω
960 1021 1361 1083 ἐπανεληλυθότος,
1411 1019 1505 1069 ἀλλ’
1534 1019 1744 1083 ἀγωνιζο-

244 1100 377 1156 μένου
408 1096 517 1142 κατὰ
546 1100 636 1141 τῶν
671 1094 892 1152 Τούρκων,
927 1092 950 1138 ό
974 1091 1182 1151 βασιλευς
1211 1091 1501 1151 ἑτοιμασθεὶς
1534 1092 1598 1147 εἶς
1627 1089 1745 1151 ἄρω-

245 1165 325 1226 γὴν
370 1170 459 1211 τῶν
503 1167 609 1222 περὶ
656 1164 734 1224 τὴν
777 1160 1052 1219 Ἀντιόχειαν
1096 1160 1275 1222 φθάσαι
1311 1163 1497 1207 Κελτῶν
1541 1163 1643 1207 ἐπεὶ
1691 1160 1743 1207 τὸ

249 1233 516 1294 Φιλομήλιον
555 1235 764 1290 κατέλαβε
809 1231 888 1278 συν
936 1229 1060 1285 ὅλαις
1090 1228 1301 1288 δυνάμεσι
1355 1229 1552 1285 πολλοὺς
1596 1231 1641 1276 ἐν
1680 1233 1743 1290 τῷ

245 1302 407 1361 μεταξύ
439 1304 608 1357 κτείνας
627 1300 890 1360 βαρβάρους,
923 1299 1094 1353 πολλὰς
1115 1300 1164 1345 δὲ
1189 1301 1262 1344 καὶ
1283 1298 1440 1353 πόλεις
1459 1298 1745 1360 δῃωσάμενος
1760 1309 1780 1344 1

207 1371 321 1418 Οὖπ’
353 1369 498 1417 αὐτῶν
536 1374 642 1429 πρὶν
671 1371 973 1428 κατεχομένας,
1016 1367 1185 1430 φθάνει
1227 1377 1462 1428 τηνικαῦτα
1500 1377 1660 1414 τοῦτον
1699 1369 1748 1426 ἐξ

245 1439 515 1497 Ἀντιοχείας
552 1442 788 1497 Γελιέλμος
831 1437 854 1484 ό
898 1442 1181 1497 Γραντεμανῆ
1224 1439 1297 1483 καὶ
1337 1439 1566 1499 Στέφανος
1605 1436 1744 1497 κόμης

250 1511 464 1569 Φραγγιάς
498 1511 572 1554 καὶ
594 1511 768 1566 Πέτρος
797 1507 821 1553 ὁ
858 1512 937 1553 τοῦ
977 1503 1142 1568 Ἀλίφα
1172 1508 1473 1563 χαλασθέντες
1507 1508 1743 1567 καλῳδίοις

248 1578 320 1624 διὰ
349 1583 438 1624 τῶν
467 1580 720 1639 κρηδέμνων
748 1573 1020 1633 Ἀντιοχείας
1047 1578 1120 1621 καὶ
1151 1577 1223 1622 διὰ
1254 1579 1333 1635 τῆς
1373 1580 1548 1635 Ταρσοῦ
1581 1572 1745 1637 οἷφικό-

94 1658 137 1696 V.
165 1660 236 1695 257
247 1665 373 1704 μενοι
415 1649 747 1704 διαβεβαιοῦντο
794 1645 857 1699 εἰς
899 1643 1054 1690 στενὸν
1097 1646 1257 1704 κομιδῆ
1303 1646 1599 1706 συνελαθῆναι
1640 1642 1780 1698 'coi-32

250 1714 458 1771 Κελτούς,
502 1717 572 1760 καὶ
619 1713 915 1772 ἕπομνύμενοι
955 1714 1032 1775 τὴν
1063 1711 1209 1760 αὐτῶν
1237 1716 1433 1776 παντελῆ
1463 1718 1650 1760 πτῶσιν.
1715 1712 1739 1759 ὃ

381 1860 413 1894 3.
440 1856 607 1916 ἡγεμόνα
633 1859 670 1906 C,
696 1855 884 1915 ἡγεμόνας
908 1861 947 1898 Ρ,
1128 1861 1161 1896 5.
1190 1855 1389 1908 Καμύτζην
1414 1859 1458 1904 F,
1485 1855 1687 1915 Kapfircm-
1701 1858 1741 1894 P.

384 1909 439 1943 11.
468 1922 583 1955 μηπω
609 1907 647 1950 C,
673 1922 802 1955 μηπου
827 1909 865 1945 Ρ.
1028 1911 1081 1945 17.
1111 1905 1313 1957 Γελιιίλμος
1326 1908 1364 1944 C.
1466 1911 1687 1956 Γρατεμανη
1699 1906 1737 1943 C.

381 1957 441 1993 20.
458 1957 736 2002 ὃιαβεβαιοῦντο
756 1957 796 2000 F,
827 1957 1100 2003 διεβεβαιοῦντο
1119 1959 1163 2003 A,
1190 1958 1485 2003 διαβεβαιοῦνται
1504 1955 1543 1992 Ρ.
1637 1968 1739 1992 συνε-

381 2006 539 2050 λαθῆιαι
564 2004 646 2045 τοὺς
678 2003 836 2045 Κελτοὺς
863 2006 905 2051 F,
940 2008 1231 2052 οὐνεληλαθῆναι
1263 2005 1348 2046 τοὺς
1376 2004 1536 2044 Κελτοὺς
1562 2006 1607 2050 A,
1634 2016 1739 2041 συνε-

381 2054 565 2099 λασθῆναι
593 2059 669 2094 τοῖς
699 2056 851 2094 Κελτοῖς
875 2055 915 2091 Ρ.

250 2213 357 2237 meno
398 2202 571 2238 credidit.
634 2203 721 2238 inde
759 2203 983 2240 Laodiceam
1035 2214 1275 2250 progressum
1313 2202 1442 2239 statim
1481 2201 1580 2238 cives
1617 2211 1744 2236 omnes

248 2250 445 2296 adierunt;
465 2263 556 2296 quos
581 2251 744 2297 quidem,
770 2256 814 2289 ut
839 2253 904 2299 qui
929 2257 1061 2299 sponte
1086 2252 1285 2297 venissent,
1300 2250 1516 2287 humaniter
1534 2250 1678 2295 accepit
1702 2260 1744 2284 ac

248 2310 397 2334 securus
423 2311 488 2335 suo
513 2300 613 2345 ipsos
637 2300 712 2335 iuri
738 2302 971 2348 arbitrioque
996 2301 1098 2336 nullo
1134 2301 1311 2347 imposito
1337 2299 1528 2346 praefecto
1557 2298 1741 2344 permisit.

248 2347 336 2383 hinc
364 2360 430 2393 per
456 2347 595 2384 Choma
621 2348 786 2395 Lampen
800 2354 1066 2392 nanctus,cum
1083 2350 1281 2396 Camytzen
1296 2348 1540 2385 Eustathium
1563 2347 1596 2383 ei
1611 2346 1742 2382 ducem

249 2396 498 2442 praefecisset,
535 2398 575 2433 in
600 2397 781 2444 Polyboto
815 2400 961 2446 ingenti
995 2399 1203 2434 Tur-carum
1237 2409 1393 2434 numero
1429 2397 1612 2441 occurrit3
1653 2406 1744 2441 quos

248 2446 287 2480 in
313 2444 402 2490 ipsis
428 2445 656 2491 deponendis
682 2448 837 2483 sarcinis
875 2452 1077 2494 occupatos
1114 2448 1192 2483 acri
1218 2447 1363 2493 impetu
1395 2445 1523 2482 fundit
1546 2444 1743 2490 caeditque

249 2493 430 2539 plurimos
454 2500 493 2529 et
517 2507 586 2541 pro
610 2498 717 2530 tanta
742 2496 987 2532 multitudine
1007 2496 1199 2543 ingentem
1223 2495 1401 2541 praedam
1427 2494 1531 2530 facit.

365 2543 398 2577 6.
449 2542 528 2587 Quo
563 2543 725 2579 nondum
760 2557 908 2580 reverso
951 2545 1014 2580 sed
1046 2548 1178 2581 contra
1203 2544 1342 2580 Turcas
1373 2543 1582 2590 proeliante
1627 2542 1744 2587 impe-

249 2592 413 2625 ratorem
454 2591 568 2627 Gallis
603 2593 743 2628 auxilio
781 2594 1022 2629 Antiochiam
1061 2593 1332 2639 profecturum,
1371 2593 1438 2628 ubi
1479 2589 1743 2627 Philomelium

249 2641 384 2674 cuncto
411 2641 576 2675 exercitu
602 2642 774 2686 pervenit
809 2642 937 2677 multis
962 2643 1001 2677 in
1028 2646 1245 2678 transcursu
1283 2642 1455 2677 barbaris
1483 2639 1599 2676 caesis
1623 2642 1742 2675 vasta·

249 2687 373 2733 tisque
397 2688 565 2733 urbibus,
597 2701 692 2735 quae
725 2693 834 2726 antea
870 2691 916 2726 ab
941 2691 988 2725 iis
1014 2695 1217 2736 occupatae
1243 2689 1405 2735 fuerant,
1442 2688 1671 2726 conveniunt
1697 2687 1744 2722 ab

249 2735 451 2771 Antiochia
466 2737 668 2773 Guilelmus
682 2738 951 2774 Grantemanes
967 2739 1252 2785 Stephanusque
1270 2739 1301 2774 F
1304 2739 1453 2775 ranciae
1478 2748 1600 2774 comes
1626 2739 1664 2772 et
1678 2735 1744 2771 Pe-

249 2786 332 2819 trus
359 2784 526 2830 Aliphae‚
564 2787 628 2831 qui
664 2786 817 2822 funibus
851 2800 895 2823 cx
934 2788 1156 2823 Antiochiae
1192 2788 1311 2823 muris
1347 2787 1500 2823 demissi
1537 2785 1638 2821 facto
1677 2795 1745 2830 per

250 2831 406 2868 Tarsum
444 2833 579 2869 itinere
605 2834 796 2871 Gallorum
825 2847 884 2871 res
909 2837 949 2871 in
975 2837 1160 2883 angustiis
1187 2847 1264 2871 esse
1294 2835 1613 2873 confirmaverunt
1629 2836 1742 2878 atquo

250 2880 342 2917 adeo
368 2892 583 2928 supremum
618 2883 665 2918 iis
696 2885 854 2919 exitium
890 2884 1086 2921 imminere
1115 2885 1303 2921 iurarunt.
1353 2896 1428 2932 quo
1461 2883 1596 2920 nuntio
1630 2883 1745 2928 impo-
1758 2913 1776 2931 ,Ἴ
