1780 3138
498 230 764 264 ALEXIADIS
793 230 887 263 Lm.
915 218 1002 263 xli.
1035 225 1071 263 6.
1436 225 1516 266 159

25 347 135 392 κατὰ
165 347 362 405 θατέραν
392 345 588 403 πλευρὰν
617 344 803 399 τούτους
839 343 911 390 διὰ
940 349 1019 404 τῆς
1047 348 1279 406 βασιλικῆς
1309 341 1414 407 ἦγον
1444 346 1520 394 αὕ-

24 416 158 470 λίδος.
209 417 445 475 ῥαβδοῦχοι
465 414 731 473 ἔμπροσθεν
760 413 932 459 τούτων
952 412 1248 473 ἒφαλλόμενοι
1277 417 1349 460 καὶ
1379 412 1521 477 ᾀσμά-

24 483 120 530 τιόν
148 502 191 529 τι
210 486 386 542 γελοῖον
413 485 486 528 καὶ
515 481 785 542 κατάλληλον
814 485 867 544 τῇ
894 485 1062 545 πομπῇ
1093 482 1395 547 προσᾴδοντες
1423 482 1521 531 ἄνε-

22 551 155 610 βόων,
176 554 290 609 λέξει
305 555 386 611 μὲν
405 551 593 598 ἰδιώτιδι
615 553 950 612 διηρμοσμένον,
975 554 1080 595 νοῦν
1109 554 1158 597 δὲ
1179 553 1281 608 ἔχον
1301 556 1519 600 τοιοῦτον.

0 623 49 666 ἠε
69 642 92 664 a
116 642 141 665 κ
165 619 372 678 ἐβούλετο
397 620 477 680 γὰρ
501 619 553 666 τὸ
577 613 698 683 ᾆσμα
719 618 951 679 πάνδημον
969 622 1080 665 πᾶσι
1097 620 1482 679 παρακελεύεσθαι
1497 640 1519 664 *
1538 629 1563 664 C

22 707 70 734 τε
86 691 159 734 καὶ
176 689 287 735 ἰδεῖν
301 689 407 744 τούς
421 687 814 747 τετυραννευκότας
827 686 1014 742 τούτους
1029 688 1337 749 κερασφόρους
1347 686 1518 750 ἄνδρας,

24 759 184 812 οἵτινες
203 756 258 802 τὰ
289 759 394 817 ξίφη
423 757 535 802 κατὰ
561 761 641 802 τοῦ
666 754 999 815 αὐτοκράτορος
1031 756 1212 816 ἔθηξαν.
1262 758 1414 805 ἅπασα
1439 762 1520 818 μὲν

24 818 102 870 οὖν
122 824 265 887 ἡλικία
284 825 349 879 εἷς
371 825 451 885 τὴν
470 823 678 885 τοιαύτην
698 827 812 871 θέαν
833 826 1098 883 συνέτρεχεν,
1123 824 1185 880 ὦς
1204 828 1277 871 καὶ
1297 826 1421 887 ἡμᾶς,
1445 830 1522 882 τὰς

22 898 104 939 τοῦ
144 895 360 951 βασιλέως
401 894 660 952 θυγατέρας,
710 891 983 950 ἐξελθούσας
1026 896 1250 952 λαθραίαν
1293 895 1372 956 τὴν
1407 898 1521 941 θέαν

0 967 276 1008 )ποιεῖσθαι.
335 962 395 1017 ὠς
413 963 473 1007 ’δὲ
501 959 579 1008 τδν
610 963 791 1021 Μιχαὴλ
827 961 889 1017 (ὂς
923 962 1040 1021 πρὸς
1082 962 1137 1008 τὰ
1167 960 1388 1024 α’νάκτορα
1418 966 1522 1010 ἕθε-

24 1030 187 1077 άσαντο
220 1033 518 1089 ε’νατενίζοντα
546 1034 620 1077 καὶ
640 1038 790 1090 χεῖρας
810 1030 999 1087 ἱκέτιδας
1030 1031 1095 1086 εἷς
1116 1029 1304 1091 οὐρανὸν
1324 1033 1518 1092 αἴροντα,

23 1099 284 1158 αἰτουμένου
314 1101 361 1145 ἐν
387 1098 591 1160 σχήματι,
639 1104 789 1158 χεῖρας
836 1101 886 1157 ἐξ
926 1095 1062 1158 ιῖἷμων
1106 1097 1407 1164 ἀφαιρεθῆναι
1450 1104 1523 1148 καὶ

25 1167 170 1223 πόδας
199 1170 246 1214 ἐκ
275 1171 472 1228 γλουτῶν
501 1165 647 1213 αὐτῶν
687 1171 760 1214 καὶ
790 1167 989 1228 κεφαλήν
1018 1166 1158 1229 αὐτήν
1186 1165 1518 1232 α’ποτμηθῆναι,

24 1235 177 1283 ἅπασα
220 1235 355 1298 φύσις
405 1236 521 1294 πρὸς
569 1236 760 1294 δάκρυον
807 1239 879 1282 καὶ
928 1236 1123 1296 οἰμωγὰς
1163 1240 1384 1299 κεκίνηται
1447 1242 1569 1285 καὶΙ)

0 1307 191 1362 ἰμᾶλλον
220 1304 361 1366 ἡμεῖς,
396 1305 439 1350 αἱ
471 1309 551 1351 τοῦ
580 1308 799 1363 βασιλέως
827 1308 1083 1373 θυγατέρες.
1153 1307 1237 1366 ἐγώ
1283 1311 1331 1354 δὲ
1360 1311 1521 1365 βουλο-
1535 1314 1574 1350 Ρ.
1604 1313 1674 1349 363

23 1375 130 1434 μένη
160 1373 239 1419 τὸν
269 1369 405 1431 ἄνδρα
433 1377 512 1419 τοῦ
543 1372 750 1419 τοιούτου
782 1372 1005 1433 ῥύσασθαι
1036 1379 1173 1421 κακοῦ
1209 1376 1288 1437 τὴν
1316 1378 1522 1434 βασιλίδα

23 1444 96 1487 καὶ
122 1444 290 1502 μητέρα
321 1441 446 1499 ἅπαξ
471 1444 543 1487 καὶ
578 1444 646 1496 δὶς
677 1439 1028 1502 προύκαλούμην
1065 1445 1110 1498 ἐς
1139 1446 1254 1490 θέαν
1282 1449 1373 1491 τῶν
1402 1465 1522 1504 πομ-

24 1513 297 1568 πευομένων.
358 1509 614 1570 ἕκηδόμεθα
643 1510 722 1570 γὰρ
756 1513 847 1555 τῶν
877 1508 1051 1570 άνδριῖν
1079 1515 1162 1558 τοῦ
1195 1510 1524 1572 αὐτοκράτορος

23 1577 159 1637 χάριν,
204 1577 426 1636 εἶρίσεται
465 1578 545 1638 γὰρ
587 1575 794 1639 τάληθές,
840 1579 902 1639 μή
950 1580 1171 1626 τοιούτων
1221 1578 1522 1640 ἀποστεροῖτο

0 1651 308 1705 )στρατιωτιὸν
335 1649 408 1693 καὶ
437 1649 612 1706 μᾶλλον
645 1652 731 1693 τοῖ-
762 1647 959 1708 Μιχαήλ,
994 1648 1087 1709 ὅσῳ
1132 1652 1205 1695 καὶ
1240 1653 1460 1709 βαρυτέρα
1499 1650 1523 1713 ἡ

20 1716 113 1760 κατ’
137 1712 272 1760 αὐτοῦ
306 1720 463 1777 ψῆφος
493 1714 761 1775 ἐξενήνεκτο.
814 1715 978 1774 ὁρῶσα,
1014 1716 1189 1763 ὁπόσον
1218 1715 1352 1764 αὐτὸν
1373 1720 1520 1775 ἕξετα-

19 1785 176 1829 πείνου
207 1784 233 1843 ἡ
264 1782 486 1844 ξυμφορά,
512 1782 626 1842 ὅπερ
650 1777 727 1829 οὖν
749 1784 915 1843 ἔλεγον,
943 1784 1229 1845 ἐξεβιαζόμην
1251 1785 1334 1846 τήν
1353 1788 1521 1846 μητέρα

158 1855 191 1890 5.
216 1854 368 1892 lacunas
394 1855 550 1902 signavi.
722 1858 755 1892 7.
783 1853 914 1891 ἅπασα
941 1857 983 1902 F,
1011 1857 1115 1891 πᾶσα
1139 1857 1180 1894 Ρ.
1360 1860 1414 1893 11.
1442 1858 1522 1893 ἔνα-

156 1902 354 1950 τενίζοντα]
382 1917 426 1938 τα
452 1915 497 1940 ex
523 1917 564 1938 το
584 1915 632 1939 m.
657 1905 679 1939 2
696 1904 739 1940 F.
900 1906 954 1940 12.
978 1907 1201 1952 αἰτουμένου
1227 1906 1377 1952 scripsi:
1404 1902 1523 1941 αἰτού-

157 1963 276 1998 μενον
300 1951 338 1988 Ρ.
538 1951 593 1987 13.
622 1952 664 1986 ἐκ
688 1953 853 1998 γλουτῶν
877 1952 950 1998 FC,
977 1954 1018 1988 ἐκ
1043 1966 1117 1990 om.
1135 1954 1174 1990 P.
1295 1957 1356 1989 καὶ
1382 1966 1454 1991 om.
1483 1954 1521 1990 C.

162 2001 218 2036 14.
245 1996 361 2047 δάκρυ
389 2000 428 2036 C.
528 2002 731 2045 εἰσεκίνητο
757 2000 795 2047 Ο,
822 2001 1010 2046 ἐκεκίνητο
1036 2002 1292 2039 Montfaucon.
1464 2004 1521 2038 20.

159 2045 360 2095 βαρύτερον
384 2050 420 2084 G.

24 2124 92 2160 per
117 2113 260 2160 regiam
286 2114 409 2150 aulam
434 2114 578 2151 ducunt
615 2115 814 2151 lictoribus
851 2119 937 2151 ante
964 2127 1025 2151 eos
1057 2116 1284 2152 saltantibus
1308 2116 1523 2153 ridiculam-

26 2174 98 2208 que
134 2163 412 2199 cantiunculam
448 2163 496 2198 ad
536 2175 711 2209 pompam
747 2164 1065 2200 accommodatam
1092 2165 1313 2211 vulgarique
1352 2176 1522 2200 sermone

25 2222 237 2257 expressam
275 2211 376 2247 clara
400 2223 491 2248 voce
522 2213 754 2248 canentibus.
807 2213 907 2258 quod
932 2213 1082 2259 quidem
1109 2225 1258 2249 carmen
1299 2213 1369 2249 hac
1406 2213 1522 2249 ferme

25 2259 212 2295 sententia
249 2259 340 2296 fuit:
383 2277 459 2294 n«.
527 2261 648 2296 voluit
679 2262 777 2296 enim
819 2262 892 2297 ista
931 2262 1118 2298 cantilena
1158 2273 1304 2298 omnem
1342 2262 1522 2308 populum

25 2308 196 2353 incitare,
223 2311 266 2344 ut
296 2325 311 2339 11
341 2312 380 2344 et
404 2310 550 2345 videret
575 2311 792 2357 cornigeros
818 2312 909 2347 istos
936 2311 1036 2346 viros
1062 2310 1261 2357 tyrannide
1274 2310 1433 2356 functos,
1458 2311 1524 2356 qui

25 2355 168 2391 ferrum
212 2357 252 2392 in
297 2358 564 2403 imperatorem
605 2362 795 2394 acuerant.
861 2358 907 2394 ad
948 2359 1050 2405 quod
1093 2359 1346 2405 spectaculum
1390 2359 1523 2405 ingens

25 2405 188 2441 cuiusvis
225 2406 360 2441 aetatis
395 2405 518 2443 factus
551 2410 607 2443 est
645 2419 858 2452 concursus,
897 2407 990 2443 adeo
1029 2411 1072 2443 ut
1105 2412 1143 2443 et
1169 2419 1247 2453 nos,
1283 2407 1522 2453 imperatoris

26 2453 135 2497 filiae,
160 2453 256 2490 clam
282 2454 376 2490 illud
402 2455 551 2491 visurae
573 2456 819 2502 prodiremus.
871 2459 914 2491 ut
939 2468 1029 2492 vero
1057 2455 1212 2492 Michael
1234 2457 1412 2502 apparuit
1438 2467 1523 2491 con-

25 2503 142 2538 versis
175 2503 214 2537 in
241 2503 384 2549 regiam
410 2504 527 2540 oculis
553 2515 684 2540 manus
710 2504 844 2541 tollens
869 2504 917 2540 ad
941 2505 1083 2541 caelum
1117 2504 1302 2550 supplices
1340 2505 1523 2551 gestibus—

26 2562 99 2597 que
121 2563 269 2597 rogans,
302 2554 346 2587 ut
371 2564 502 2587 manus
536 2553 608 2589 sibi
632 2554 680 2589 ab
714 2553 891 2597 humeris,
927 2553 1039 2599 pedes
1063 2565 1085 2588 a
1113 2555 1215 2589 coxis
1249 2553 1452 2589 avellerent
1485 2556 1523 2588 et

26 2602 140 2645 caput
173 2599 296 2645 ipsum
328 2601 601 2646 praeciderent,
641 2603 808 2638 omnium
845 2602 959 2636 animi
997 2602 1044 2637 ad
1083 2601 1258 2637 lacrimas
1287 2602 1523 2648 gemitusque

27 2649 359 2684 commovebantur
383 2650 619 2695 maximeque
645 2662 722 2695 nos,
748 2650 988 2696 imperatoris
1019 2649 1129 2695 filiae,
1154 2650 1520 2686 commiserabamur.

27 2707 97 2742 ego
120 2708 208 2732 vero
241 2697 394 2743 cupiens
419 2697 526 2732 illum
559 2702 666 2734 tanta
699 2699 860 2734 liberare
891 2698 1106 2734 calamitate
1140 2699 1419 2744 imperatricem
1447 2711 1522 2734 ma-

26 2747 198 2791 tremque
224 2745 336 2780 semel
370 2747 585 2792 iterumque
619 2747 666 2783 ad
691 2758 850 2793 pompae
884 2747 992 2782 istius
1026 2747 1279 2792 spectaculum
1305 2747 1522 2793 provocavi.

27 2793 250 2829 timebamus
282 2794 381 2829 enim
415 2794 489 2830 illis
514 2795 618 2839 viris,
658 2798 702 2831 ut
726 2807 858 2831 verum
884 2795 1017 2839 dicam,
1047 2795 1288 2840 imperatoris
1313 2807 1435 2842 causa,
1474 2807 1520 2830 ne

28 2840 168 2877 talibus
199 2841 414 2887 privaretur
447 2843 633 2879 militibus
665 2855 782 2890 eoque
807 2844 927 2890 magis
952 2843 1139 2889 Michaeli,
1164 2855 1239 2890 quo
1264 2845 1416 2891 gravius
1442 2845 1521 2880 eius

29 2890 252 2935 supplicium
292 2893 384 2926 erat.
435 2903 544 2937 quem
582 2894 690 2928 tanta
722 2892 851 2928 videns
884 2891 1034 2928 miseria
1065 2891 1239 2937 fractum,
1277 2895 1321 2928 ut
1353 2893 1520 2939 periculo
