1780 3138
512 259 776 294 ALEXIADIS
807 260 902 293 LIB.
932 260 996 293 xl.
1029 255 1066 293 5.
1483 250 1535 293 91

42 371 215 434 πολλὴν
229 377 310 419 τοῦ
326 371 486 430 λάχους
499 371 647 418 αὐτῶν
663 374 936 433 ἐπεποίηντο
951 372 1031 433 τὴν
1052 375 1268 433 φροντίδα
1290 378 1540 434 φρουροῦν-

42 460 114 496 τες
143 443 224 499 μὲν
251 441 330 503 τὴν
350 440 482 488 πόλιν
504 443 577 488 διὰ
592 440 771 496 παντός,
806 446 1193 496 κατασκοποῦντες
1222 443 1270 487 δὲ
1301 441 1384 496 τοὶς
1404 441 1541 489 ἐπάλ-

43 513 132 568 ξεις
162 512 235 557 καὶ
263 509 319 556 τὰ
345 509 569 571 κρήδεμνα
599 515 688 556 τῶν
716 514 888 569 τειχῶν,
919 508 980 572 μή
1004 529 1105 565 πως
1126 509 1167 556 οἳ
1189 509 1405 569 βάρβαροι
1430 511 1540 568 ἔξω-

42 584 128 625 θεν
157 578 315 635 νυκτός
343 580 417 626 διὰ
453 579 678 639 κλιμάκιον
709 576 978 634 ἀνελθόντες
1006 578 1086 640 τὴν
1109 578 1244 626 πόλιν
1273 579 1537 637 κατάσχωσι,

7 649 102 708 5μὴ
133 647 271 695 λάθοι
298 667 367 704 τις
394 653 485 694 τῶν
517 649 643 704 ἐντός
670 645 852 695 ἄνωθεν
880 653 960 695 τοῦ
989 650 1162 706 τείχους
1196 651 1403 708 γενέσθαι
1431 655 1539 714 κᾷθ’

43 716 187 773 οὕτως
230 716 446 779 ὁμιλήσας
492 723 590 773 τοῖς
633 717 878 777 βαρβάροις
933 720 1182 777 προδοσίας
1228 720 1332 776 πέρι
1382 722 1540 778 προδῷ

41 785 120 847 τὴν
146 785 293 833 πόλιν.

157 861 194 902 5.
253 851 390 902 >ιίλλοὶ
415 860 553 902 ταῦτα
581 857 662 914 μὲν
691 855 746 901 τὰ
775 856 887 901 κατὰ
916 855 995 916 τὴν
1015 852 1288 912 Ἀντιόχειαν
1319 856 1385 902 ἔτι
1404 870 1413 879 ·
1444 857 1468 901 ὁ
1489 857 1538 902 δέ
1551 864 1577 900 C

40 942 88 984 γε
117 921 406 983 αὐτοκράτωρ
434 924 604 986 πολλὴν
632 927 714 983 μὲν
747 922 838 982 εἶχε
869 924 951 984 τήν
992 926 1256 984 προθυμίαν
1294 924 1433 980 αὐτὸς
1475 925 1540 979 εἷς

0 990 219 1053 ,οᾶρωγὴν
248 997 338 1039 τῶν
368 996 554 1040 Κελτῶν
586 996 932 1053 παραγενέσθαι,
964 990 1150 1053 ἀπεῖργε
1197 996 1235 1040 δ’
1275 990 1410 1040 αὐτὸν
1447 995 1541 1039 καί-

41 1081 129 1120 περ
160 1060 444 1123 σφαδάζοντα
471 1062 497 1124 ἡ
525 1067 616 1109 τῶν
646 1063 757 1108 κατὰ
787 1062 1016 1109 θάλατταν
1045 1065 1332 1122 διακειμένων
1362 1061 1542 1108 πόλεών

41 1148 89 1176 τε
119 1131 193 1176 καὶ
219 1138 378 1189 χωρῶν
406 1133 615 1191 λεηλασία
644 1134 716 1178 καὶ
749 1131 972 1192 παντελής
1003 1134 1231 1189 ἕρίπωσις.
1292 1132 1316 1177 ὅ
1347 1133 1428 1190 μὲν
1461 1130 1540 1190 γὰρ

47 1201 215 1256 Τζαχᾶς
232 1198 315 1259 τήν
330 1198 532 1260 Σμύρνην
551 1199 706 1259 ὥσπερ
733 1199 849 1247 ἴδιόν
877 1220 919 1246 τι
949 1200 1082 1258 λάχος
1110 1205 1330 1257 κατεῖχεν·
1362 1201 1386 1245 ὁ
1415 1201 1464 1245 δέ
1494 1218 1540 1259 γε

48 1273 384 1332 Ταγγριπερμῆς
419 1269 690 1329 καλούμενος
730 1269 866 1316 πόλιν
903 1271 1000 1316 τινὰ
1039 1267 1256 1331 Ἐφεσίων
1290 1267 1423 1328 ἀγχοῦ
1464 1273 1542 1329 τῆς

0 1343 28 1378 75
44 1337 272 1398 θαλάττης
301 1341 587 1398 διακειμένην,
623 1341 668 1385 ἐν
698 1331 725 1401 ᾗ
759 1339 895 1385 πάλαι
929 1341 1112 1397 τέμενος
1143 1340 1214 1385 ἐπ’
1248 1336 1432 1396 ὀνόματι
1455 1335 1541 1383 Ἰω-

42 1405 176 1453 άννου
214 1403 473 1454 ἀποστόλου
510 1412 596 1454 τοῦ
637 1407 861 1468 θεολόγοι)
901 1411 1070 1466 ἵδρυτο.
1145 1410 1216 1454 καὶ
1254 1403 1387 1462 {mog
1431 1403 1541 1453 ἅλλα

42 1473 241 1536 φρούρια
270 1479 360 1521 τῶν
389 1480 632 1534 σατραπῶν
670 1479 928 1534 κατέχοντες
969 1475 1030 1531 ὡς
1073 1473 1400 1539 ἆργυρωνήτοις
1445 1480 1542 1530 τοῖς

42 1549 332 1602 Χριστιανοῖς
375 1545 605 1605 ἐκέχρηντο
640 1544 817 1591 ἅπαντα
840 1544 1112 1605 ληϊζόμενοι·
1152 1541 1263 1591 ἄλλα
1296 1547 1367 1591 καὶ
1402 1541 1586 1599 αὔτάςῐ)

43 1612 98 1674 δὴ
127 1614 205 1668 τὰς
238 1611 402 1672 νήσους
422 1616 540 1659 Χίον
566 1633 614 1660 τε
646 1616 719 1660 καὶ
736 1613 887 1660 Ῥόδον
911 1618 984 1661 καὶ
1004 1613 1088 1669 τοῖς
1109 1615 1375 1668 ἐπιλοίπους
1396 1612 1543 1668 πάσας

0 1690 29 1726 ιο
43 1684 253 1738 κατέσχον
283 1684 518 1744 λῃστρικοῖς
553 1685 732 1730 ἐκεῖθεν
763 1683 1167 1737 κατασκευάσαντες
1197 1687 1313 1737 ναῦς.
1373 1681 1446 1728 διά
1471 1702 1543 1728 τοι

41 1759 177 1811 ταῦτα
209 1753 303 1796 δεῖν
333 1753 562 1810 ἐλογίσατο
593 1752 819 1812 πρότερον
847 1757 938 1798 τῶν
964 1752 1075 1798 κατὰ
1105 1752 1333 1799 θάλατταν
1364 1754 1436 1798 καὶ
1464 1750 1543 1798 τὸν

47 1822 216 1877 Τζαχᾶν
243 1823 460 1879 πρόνοιαν
498 1820 777 1868 ποιίσασθαι
821 1824 895 1868 καὶ
934 1820 1144 1879 δυνάμεις
1182 1820 1425 1880 διὰ·ξηρᾶς
1464 1816 1541 1879 α’ρ·

176 1909 210 1944 2.
236 1911 560 1950 κατασκοποῦντες
584 1911 656 1956 FO,
682 1914 743 1946 καὶ
769 1912 1091 1950 κατασκοποῦντες
1114 1910 1155 1947 Ρ.
1267 1911 1301 1945 4.
1327 1905 1543 1956 κατάσχωσι

176 1957 219 1999 F,
247 1953 487 2006 κατάσχωσιν
510 1959 550 1996 P.
717 1962 749 1996 5.
778 1957 885 1994 λάθοι
903 1959 974 2004 FC,
1000 1955 1095 2008 λάθῃ
1121 1959 1161 1995 P.
1213 1958 1301 1993 καθ’
1319 1958 1358 2003 P,
1384 1958 1541 1994 correxi.

179 2007 232 2043 10.
262 2011 546 2054 παραγενέσθαι
573 2009 618 2053 F,
644 2012 826 2056 γενέσθαι
853 2009 893 2044 P.
1086 2010 1140 2044 12.
1168 2005 1350 2051 παντελὴς
1376 2005 1437 2041 διὰ
1463 2007 1536 2042 τῶν

175 2050 340 2102 τοὺρκων
364 2060 546 2105 γινομένη
561 2057 604 2093 Α.
672 2058 851 2104 ἐρίπωσις
867 2058 909 2102 F,
936 2058 1132 2103 ἓρείπωσις
1149 2056 1223 2092 PA.
1326 2056 1382 2092 13.
1407 2051 1536 2103 Σμύρ-

175 2115 246 2140 ναν
272 2105 314 2139 A.
492 2108 546 2142 15.
576 2105 636 2141 ἐπ’
662 2101 823 2154 ὃνόματι
849 2118 920 2142 om.
952 2106 989 2142 C.
1186 2107 1243 2140 21.
1273 2105 1468 2150 ἐλογίσατο
1493 2104 1536 2151 F,

176 2153 394 2199 ἑλογίσαντο
407 2154 447 2189 Ρ.

44 2239 161 2277 ceteri
187 2240 343 2276 comites
365 2244 492 2287 partes
517 2254 600 2277 suas
627 2243 810 2278 curabant
845 2243 979 2277 urbem
1005 2242 1185 2278 continuo
1212 2241 1464 2278 custodientes
1499 2253 1543 2277 ac

43 2289 328 2335 propugnacula
353 2293 619 2337 moeniumque
645 2291 800 2338 fastigia
826 2291 1081 2337 inspicientes,
1114 2302 1161 2326 ne
1196 2291 1243 2326 ab
1281 2294 1409 2326 extera
1434 2294 1543 2336 parto

41 2338 195 2373 barbari
238 2341 348 2374 nocte
373 2339 482 2374 scalis
507 2340 698 2386 applicitis
731 2341 862 2375 urbem
902 2343 1131 2386 occuparent
1168 2352 1240 2374 neu
1279 2339 1363 2385 quis
1402 2340 1541 2375 civium

41 2386 137 2422 olam
163 2386 210 2421 de
237 2399 346 2422 muro
371 2399 456 2423 cum
482 2389 654 2424 barbaris
680 2389 727 2424 de
744 2389 961 2435 proditione
981 2391 1109 2435 ageret
1126 2389 1334 2434 urbemque
1355 2387 1542 2434 proderet.

179 2436 210 2471 5.
264 2435 322 2471 Ita
359 2448 419 2472 res
456 2441 565 2472 erant
599 2437 647 2473 ad
672 2438 925 2474 Antiochiam.
979 2438 1247 2484 imperatorem
1282 2440 1419 2481 autem,
1457 2448 1542 2472 cum

43 2494 179 2529 magno
232 2484 442 2520 auxiliandi
494 2486 609 2522 Gallis
667 2488 811 2533 impetu
865 2486 1099 2532 agitaretur,
1154 2486 1353 2531 prohibuit
1415 2488 1542 2521 tamen

44 2533 215 2577 quamvis
273 2534 485 2579 cupientem
544 2536 820 2571 maritimarum
868 2536 1020 2570 urbium
1070 2535 1341 2580 regionumque
1380 2534 1541 2570 vastatio

43 2580 229 2626 ruinaque
260 2585 440 2618 extrema.
515 2583 680 2620 Tzachas
724 2585 823 2619 enim
860 2583 1055 2630 Smyrnam
1091 2587 1134 2618 ut
1169 2584 1362 2629 propriam
1402 2586 1542 2618 sortem

45 2629 179 2672 tenuit,
206 2629 497 2677 Tangripermes
536 2636 661 2668 autem
698 2633 763 2678 qui
802 2632 998 2668 dicebatur
1035 2632 1168 2667 urbem
1204 2631 1392 2677 quandam
1418 2631 1541 2677 Ephe-

44 2677 184 2713 siorum
216 2690 335 2725 prope
373 2691 477 2715 mare
515 2681 640 2727 sitam,
678 2682 718 2716 in
759 2693 833 2727 qua
869 2681 1052 2727 templum
1079 2680 1169 2716 olim
1203 2680 1237 2716 S.
1265 2681 1415 2716 Ioannis
1455 2692 1540 2726 apo-

45 2725 131 2761 stoli
161 2729 198 2762 et
224 2727 394 2774 theologi
419 2729 632 2765 dedicatum
660 2733 761 2776 erat3
787 2730 851 2765 alii
879 2733 1050 2775 satrapae
1077 2729 1167 2764 alias
1195 2741 1298 2765 arces
1325 2730 1541 2764 invaserant

44 2777 82 2809 et
105 2774 328 2811 Christianis
355 2780 399 2812 ut
429 2779 628 2825 mancipiis
652 2780 710 2814 usi
734 2779 859 2814 omnia
885 2778 1183 2824 populabantur3
1228 2778 1319 2824 quin
1345 2781 1383 2813 et
1407 2777 1538 2812 Chium

42 2821 293 2870 Rhodumque
332 2837 375 2861 ac
420 2826 615 2873 plerasque
651 2830 794 2863 ceteras
831 2827 970 2863 insulas
1003 2830 1158 2862 tenuere
1195 2827 1325 2872 ibique
1361 2826 1538 2871 piraticas

42 2882 152 2907 naves
193 2875 455 2910 extruxerunt.
527 2876 693 2922 primum
735 2877 903 2912 omnium
943 2875 1073 2921 igitur,
1123 2879 1167 2910 ut
1207 2875 1390 2910 Tzacham
1437 2886 1538 2909 coer-

37 2923 154 2964 cerat,
181 2921 388 2968 imperator
412 2925 691 2961 maritimarum
725 2937 853 2961 rerum
887 2936 1014 2961 curam
1045 2935 1174 2971 gerere
1203 2927 1241 2961 et
1271 2923 1407 2961 idonea
1436 2925 1539 2961 terra
