1734 3120
489 248 754 283 ALEXIADIS
785 248 879 281 LIB.
908 248 1013 281 XIII.
1051 244 1112 281 12.
1464 240 1545 280 233

58 365 167 411 κατά
195 385 238 412 τι
267 367 320 412 τό
350 365 548 413 συνολ.ον
595 364 743 423 χώραν
770 367 819 410 δὲ
847 361 901 410 οὐ
925 366 1105 422 δέξομαι
1140 364 1214 424 ἰ·’φ
1245 365 1396 424 ἓτέροι
1429 365 1548 420 τινὸς

58 436 382 494 προδιδομένην
422 436 522 493 ἐμοὶ
555 433 584 495 ἢ
620 432 754 479 πόλιν
797 432 940 479 τιν’ὀι
922 452 948 492 η
987 435 1227 489 πολίχνιον,
1268 432 1388 491 ἅπερ
1435 437 1547 480 ποτὲ

58 502 146 549 ivn}
175 503 256 563 τὴν
283 507 365 564 τῆς
391 505 617 560 βασιλείας
648 503 850 559 ἔξοισίαν
879 502 1121 561 ἐτύγχανον,
1165 521 1228 556 ως
1265 503 1365 559 ἐμοὶ
1394 505 1547 562 διαφέ-

59 587 215 629 ροντα·
247 569 358 618 ἀλλὰ
387 574 458 618 καὶ
488 571 544 618 τὰ
573 573 812 632 πολιορκίᾳ
843 570 1118 629 κρατούμενα
1147 573 1219 617 καὶ
1246 571 1301 616 τὰ
1329 567 1432 617 ἄνευ
1463 590 1549 617 πο-

24 642 266 698 5λιορκιάς,
299 642 487 698 ὑμέτερα
515 642 552 685 δ’
584 633 693 701 ἦσαν
722 641 795 685 καὶ
836 638 976 685 πάλιν
1006 638 1195 697 ὑμέτερα
1240 639 1414 684 ἔσονται
1446 642 1547 698 μηδ’

59 708 318 755 ὁπωστιοῦν
354 709 767 768 δικαιολογουμένου
807 725 894 765 μου
934 709 1039 765 περὶ
1068 706 1251 754 τούτων.
1320 704 1412 752 ἀλλ’
1448 704 1550 754 mide*

59 776 194 836 ὅρκον
220 779 403 836 δέξομαι
432 775 555 834 παρά
582 794 703 831 τινος
733 779 1004 835 Χριστιανοῦ
1035 775 1067 836 ἢ
1095 774 1227 822 δώσω
1255 777 1372 833 πρὸς
1397 778 1550 835 ἕτερον

60 843 91 904 ἢ
128 847 390 905 συμφωνίαν
426 847 656 905 ἡντιναοῦν
695 844 812 903 πρὸς
847 843 1016 904 βλάβην
1052 844 1267 928 ὑμετέραν
1304 844 1481 902 ορώσαν
1521 843 1551 903 ἢ

59 913 176 970 πρὸς
208 916 363 974 ζημίαν
393 916 466 960 καὶ
492 913 617 971 ιῗμῶν
646 916 718 959 καὶ
737 918 815 975 τῆς
832 916 1059 971 βασιλείας
1076 917 1154 975 τῆς
1178 913 1402 971 ὑμετέρας.
1455 910 1594 958 αλλ’Β

4 996 48 1029 10
60 979 164 1028 mide*
191 978 443 1041 ἅνθρωπος
479 983 631 1040 ἑτέρου
672 981 908 1044 γενήσομαι
939 981 966 1042 ἢ
996 983 1147 1040 ἑτέρας
1183 979 1322 1042 οἷρχῆς
1349 983 1552 1039 μείζονος

61 1050 340 1112 ἢὲλὰσσονος
351 1047 455 1098 ι’ὶνειν
478 1056 557 1098 τοῦ
573 1050 763 1109 κράτους
774 1056 857 1096 τοῦ
874 1051 1088 1109 ὑμετέρου
1101 1066 1111 1076 ·
1132 1047 1243 1096 ἀλλὰ
1254 1052 1335 1108 μιά
1348 1049 1553 1110 κυριότης

61 1121 174 1177 ἐμοί,
198 1113 227 1182 ᾗ
245 1119 542 1178 ὑπισχνοῦμαι
564 1118 799 1174 δουλεύειν,
824 1119 848 1180 ἡ
866 1122 1069 1176 βασιλεία
1093 1124 1175 1165 σοῦ
1195 1138 1244 1165 τε
1264 1122 1336 1164 καὶ
1353 1123 1433 1164 τοῖ.
1459 1138 1553 1176 τρι-

61 1187 273 1250 ποθὴτου
303 1187 401 1235 υἱοῦ
430 1207 526 1235 σου.
575 1188 682 1244 τούς
700 1190 748 1235 δὲ
769 1190 1156 1247 προσερχομένους
1174 1207 1250 1246 μοι
1278 1184 1554 1246 ἀνθρώπους

60 1258 144 1315 τῆς
183 1259 410 1314 βασιλείας
453 1275 535 1303 σοι·
581 1256 644 1312 ὥς
686 1256 1087 1314 κατεξαναστάντας
1131 1261 1212 1302 τοῦ
1256 1256 1444 1314 κράτους
1473 1260 1553 1301 τοῦ

4 1340 49 1375 15
61 1329 142 1370 σοῦ
171 1328 244 1370 καὶ
273 1327 373 1383 ἐμοὶ
415 1324 690 1372 ἑκδουλεὺειν
733 1328 973 1380 ἐθέλοντας
1009 1327 1082 1371 καὶ
1111 1323 1286 1385 μισήσω
1331 1327 1403 1370 καὶ
1438 1321 1554 1370 ἄπο-

61 1395 315 1452 πέμψομαι,
346 1397 515 1452 μᾶλλον
557 1395 606 1440 δὲ
650 1399 745 1439 κατ’
785 1390 937 1439 αιῗτιῦν
980 1396 1285 1451 ἐξοπλίσομαι.
1357 1393 1463 1447 τοῦς
1506 1395 1554 1439 δὲ
1567 1397 1611 1433 V·
1638 1398 1708 1432 324

60 1457 223 1517 ἄλλους
251 1462 516 1522 βαρβάρους,
546 1485 573 1508 ιι
604 1465 845 1517 ἐθέλοντας
873 1466 922 1509 δὲ
950 1462 1074 1520 ὅμως
1103 1462 1194 1508 ὕπὸ
1224 1462 1276 1508 τὸ
1308 1462 1417 1520 ἐμὸν
1445 1463 1553 1519 δόρυ

61 1530 277 1587 γίνεσθαι,
308 1531 516 1590 δεξαίμην
545 1532 638 1588 μέν,
671 1528 763 1576 ἀλλ’
796 1527 876 1576 οὖν.
911 1530 1012 1590 ἶδίῳ
1044 1529 1303 1589 προσώπῳ·
1336 1529 1474 1587 ὁρκιῶ
1505 1531 1595 1575 δὲΟ

61 1597 248 1654 τοί-τους
275 1599 402 1645 ἕνεκα
438 1604 526 1645 σοῦ
556 1618 605 1645 τε
640 1602 711 1645 καὶ
749 1605 834 1651 τοῦ,
868 1598 1190 1658 περιποθήτου
1229 1598 1327 1644 υἱοῦ
1363 1617 1444 1644 σου
1483 1601 1556 1644 καὶ

2 1666 145 1721 20τάς
174 1669 225 1724 ἐξ
249 1663 396 1713 αὐτῶν
421 1666 567 1725 χώρας
586 1668 915 1728 παραλήψομαι
943 1670 1100 1727 δικαίῳ
1133 1672 1212 1727 τῆς
1229 1668 1454 1723 βασιλείας
1478 1671 1557 1727 τῆς

64 1735 275 1794 ὑμετέρας
322 1739 395 1782 καὶ
445 1739 656 1783 ἐντεῦθεν
702 1737 755 1782 τὰ
805 1738 918 1795 ὑπὲρ
966 1739 1112 1782 αὐτῶν
1166 1734 1558 1793 προσταττόμενον

62 1805 414 1864 ἀπροφασίστως
445 1809 596 1850 ποιεῖν
631 1806 967 1864 ἐπαγγέλλομαι.
1041 1803 1180 1849 mim
1217 1805 1298 1861 μὲν
1332 1804 1439 1860 περὶ
1467 1806 1558 1847 τῶν

201 1927 258 1962 15.
283 1929 346 1961 καὶ
371 1927 458 1974 ἐμοὶ
483 1927 556 1969 FC,
582 1931 644 1962 καὶ
669 1940 743 1963 οιιι.
772 1927 813 1962 Ρ.
936 1923 1166 1962 ἐκδοι·λεῠειν
1188 1927 1387 1964 ἐθέλοντας
1411 1924 1449 1968 C,
1474 1925 1559 1959 ἐθέ-

197 1976 328 2014 λοντας
352 1987 425 2011 om.
454 1975 494 2011 P.
641 1978 695 2011 17.
721 1976 894 2012 lacunam
919 1975 1078 2022 signavi.

63 2087 177 2132 fideli,
200 2090 298 2130 θεῖος
325 2088 383 2123 sin
409 2089 549 2133 minus‚·
570 2089 664 2125 nihil
689 2092 886 2126 cunctatus
909 2101 991 2124 cam
1016 2089 1099 2125 viro
1115 2100 1138 2123 a
1153 2088 1348 2123 maiestate
1360 2090 1484 2123 vestra
1497 2086 1559 2122 de-

66 2137 215 2182 signato
239 2135 398 2172 tradam.
445 2149 565 2183 neque
592 2138 745 2173 omnino
764 2139 796 2173 si
814 2138 898 2184 quis
917 2141 1058 2173 terram
1076 2137 1240 2183 aliquam
1258 2140 1325 2171 aut
1342 2136 1474 2171 urbem
1492 2137 1559 2170 aut

64 2184 284 2230 oppidulum
303 2197 349 2219 ex
364 2186 423 2230 iis,
437 2198 532 2231 quae
547 2187 617 2222 sub
634 2186 782 2232 imperii
798 2186 986 2232 quondam
1004 2185 1152 2222 dicione
1172 2185 1336 2229 fuerunt,
1360 2184 1453 2218 mihi
1473 2195 1559 2229 pro·

64 2232 153 2268 dere
180 2233 349 2279 mihique
363 2235 574 2270 attribuere
590 2235 692 2276 velit,
717 2236 922 2281 accipiam,
914 2247 922 2254 ·
949 2247 1080 2270 verum
1100 2245 1163 2269 seu
1195 2233 1476 2278 oppugnatione
1493 2244 1557 2267 seu

63 2282 203 2327 absque
229 2283 511 2327 oppugnatione
536 2287 647 2329 capta
668 2287 803 2326 vestra,
822 2283 880 2318 uti
896 2286 1007 2319 antoe
1031 2283 1194 2322 fuerant,
1213 2282 1266 2317 sic
1289 2282 1428 2317 iterum
1446 2284 1559 2315 erunt

66 2341 124 2364 me
147 2329 299 2375 quidem
323 2342 560 2377 nequaquam
600 2332 647 2367 de
671 2332 719 2367 iis
742 2332 928 2387 litigante.
991 2331 1039 2366 ad
1075 2331 1167 2366 haec
1202 2341 1271 2365 nec
1297 2329 1558 2364 iusiurandum

66 2377 214 2424 adigam
234 2390 458 2424 quemquam
474 2380 727 2415 Christianum
744 2392 812 2416 nec
829 2381 908 2426 ipse
933 2379 1065 2426 adigat
1080 2380 1256 2425 cuiquam
1274 2378 1387 2413 alteri
1400 2389 1558 2413 conven-

66 2427 252 2461 tionemve
273 2427 378 2463 inibo
400 2428 529 2472 ullam,
546 2440 642 2474 quae
654 2429 925 2464 detrimentum
940 2432 1005 2463 aut
1018 2428 1123 2463 vobis
1149 2430 1215 2462 aut
1228 2427 1335 2462 vobis
1346 2427 1409 2461 et
1398 2425 1558 2471 imperio

66 2478 190 2510 vestro
223 2475 430 2521 importare
454 2481 579 2523 queat.
641 2489 761 2533 neque
798 2478 952 2512 alterius
988 2477 1101 2512 homo
1126 2475 1212 2510 fiam
1237 2478 1303 2510 aut
1323 2474 1560 2520 principatus

66 2523 222 2558 alterius
240 2523 393 2565 maioris
412 2526 615 2561 minorisve
632 2526 712 2561 sine
731 2526 958 2562 auctoritate
978 2528 1122 2569 vestra3
1146 2535 1276 2559 verum
1294 2535 1370 2558 una
1386 2522 1479 2557 mihi
1494 2522 1560 2557 do·

68 2571 238 2612 minatio,
263 2572 325 2607 cui
358 2585 418 2609 me
447 2575 675 2610 serviturum
709 2575 904 2620 promitto,
938 2576 1005 2608 tua
1034 2576 1090 2608 est
1119 2572 1378 2617 carissimique
1409 2571 1466 2606 tui
1489 2570 1560 2605 filii

67 2620 252 2655 maiestas.
290 2620 366 2656 iam
391 2622 513 2668 siqui
539 2623 586 2658 ad
604 2635 663 2658 me
680 2624 832 2658 venient
856 2622 1009 2667 imperii
1034 2621 1091 2656 tui
1108 2620 1279 2656 homines
1303 2631 1347 2655 eo
1373 2619 1500 2655 animo
1518 2622 1561 2653 ut

0 2693 6 2699 .
68 2679 90 2702 a
107 2671 295 2713 potestate
312 2672 379 2704 tua
394 2670 639 2706 desciscentes
665 2671 759 2706 mihi
777 2671 954 2714 serviant,
973 2681 1035 2705 eos
1061 2681 1130 2715 ego
1152 2668 1369 2704 detestabor
1392 2668 1561 2703 reiciam-

68 2727 151 2762 que‚
176 2716 268 2761 quin
293 2718 408 2753 etiam
431 2731 536 2754 arma
554 2723 687 2755 contra
712 2731 775 2755 eos
800 2730 954 2754 sumam.
992 2718 1085 2753 alios
1101 2727 1190 2752 vero
1206 2716 1389 2752 barbaros
1405 2727 1509 2751 meae
1523 2727 1561 2750 se

68 2764 199 2799 hastae
231 2765 400 2802 subicere
433 2768 626 2814 cupientes
660 2768 840 2813 accipiam
871 2766 1035 2812 quidem,
1068 2765 1132 2800 sed
1161 2777 1235 2800 non
1266 2765 1416 2809 privato
1460 2764 1560 2799 iure:

68 2813 183 2847 immo
201 2823 265 2848 eos
281 2813 323 2848 in
346 2818 455 2850 tuum
480 2827 615 2851 nomen
640 2816 772 2861 tuique
790 2815 859 2850 filii
883 2814 1117 2850 dilectissimi
1142 2813 1385 2848 iureiurando
1410 2812 1560 2858 adigam

70 2872 274 2906 eorumque
304 2865 424 2899 terras
456 2865 539 2899 iure
572 2865 721 2910 imperii
750 2864 865 2899 vest-ri
898 2863 1093 2908 accipiam,
1135 2865 1174 2897 et
1207 2861 1391 2907 quidquid
1415 2861 1462 2896 de
1485 2860 1560 2895 illis

70 2909 373 2956 constitueritis,
370 2911 422 2948 id
446 2917 624 2960 prompto
648 2913 774 2949 animo
799 2923 859 2948 me
876 2923 954 2948 esse
970 2911 1159 2947 facturum
1182 2910 1373 2957 polliceor.
1399 2909 1491 2944 haec
1512 2908 1559 2944 de
