1734 3120
208 198 287 239 198
455 193 458 195 ’
690 208 695 212 ·
715 196 880 232 ANNAE
909 194 1176 230 GOMNENAE

57 334 96 369 P.
123 333 192 367 389
206 321 276 364 καὶ
307 315 606 372 καταλαβόντα
634 312 711 357 τόν
745 312 1022 368 Βαὶ.”,ιιοῦντον
1051 307 1128 352 τόν
1157 326 1203 352 τε
1234 305 1483 362 αὗτόμολον
1507 305 1692 361 ἱποκρι-

205 389 341 444 θῆναι
371 386 442 429 καὶ
470 383 626 436 εἰπεῖν,
659 379 719 433 ὠς
748 376 867 438 αὖτῷ
910 374 1244 437 προσχωρήσειε
1284 373 1473 434 μισήσας
1501 373 1584 432 τήν
1612 377 1691 417 τοῦ

203 454 418 511 βασιλέως
446 448 684 508 διατριβήν,
707 449 858 508 φιλιάν
878 448 926 492 δὲ
948 444 1062 502 πρὸς
1082 443 1162 490 τὸν
1182 442 1392 501 τύραννον
1412 439 1694 501 προσποιού-

150 576 152 578 ,
204 540 336 579 μενον
355 522 427 566 καὶ
447 518 508 573 ὠς
528 517 580 578 δή
600 535 695 563 τινα
718 512 892 562 εὔνοιαν
915 518 1143 559 κατειπεῖν
1171 510 1395 573 α’ριδήλως
1414 515 1504 558 τῶν
1522 509 1694 568 ἀνδρῶν

206 591 393 642 ἐκείνων,
425 588 494 648 ἐφ’
521 582 596 640 οὓς
622 584 677 631 τά
711 582 953 643 γράμματα,
984 581 1047 636 (ὃς
1073 578 1159 640 ἄρα
1191 581 1214 626 ὃ
1247 584 1369 627 δεῖνα
1396 584 1468 627 καὶ
1501 581 1525 625 ὁ
1556 583 1727 634 ὄεῖνα,5

207 654 418 716 ὀνομαστὶ
454 653 642 709 τούτους
686 650 1040 710 καταριθμήσας,
1094 648 1413 708 ἑξομοσάμενοι
1458 648 1538 711 τὴν
1576 648 1694 706 πρὸς

207 728 372 771 ἐκεῖνον
401 727 550 770 πίστιν
574 724 748 780 βασιλεῖ
777 723 901 781 φίλοι
932 721 1004 765 καὶ
1033 712 1151 765 εὖνοι
1170 719 1372 778 γεγόνασι
1400 721 1473 765 καὶ
1501 719 1555 764 τὰ
1585 721 1694 764 ε’κεί-

207 813 282 840 νου
312 797 527 854 φρονοῦσι
555 793 628 836 καὶ
659 790 767 847 ὁρᾶν
796 792 877 842 δεῖ,
914 787 975 848 μή
1007 807 1050 834 τι
1081 790 1172 832 κατ’
1219 786 1354 834 αὐτοῦ
1383 787 1527 834 δεινὸν
1564 791 1695 846 μελε-

206 860 381 920 τήσειαν
410 862 459 917 ἐξ
485 857 680 918 ὑπογύου
710 860 782 903 καὶ
809 856 944 903 πάλαι
974 858 1358 915 προεσκεμμένων·
1395 853 1506 902 ἄλλο)
1537 855 1590 916 δὴ
1621 858 1695 900 καὶ

207 933 338 975 τοῦτο
368 931 810 987 πεπραγματεῦσθαι,
842 928 914 971 ἵνα
942 924 1003 987 μή
1033 945 1075 971 τι
1105 919 1250 971 δεινὸν
1274 930 1371 979 τοῖς
1390 943 1696 983 γραμματοκο-
1712 929 1734 963 l*

166 1001 383 1054 Βμισταῖς
410 994 585 1049 τούτοις
614 994 638 1039 ὁ
673 997 948 1052 Βαϊμοῦντος
980 991 1229 1053 ἐργάσηται.
1299 993 1484 1053 ἐμέλησε
1515 994 1594 1051 γὰρ
1625 995 1698 1037 καὶ

209 1069 340 1110 τοῦτο
372 1068 434 1124 τῷ
461 1065 645 1120 βασιλεῖ,
678 1061 805 1116 ὅπως
832 1061 935 1116 τοὺς
963 1064 1044 1120 μὲν
1073 1064 1295 1116 καθέτους
1323 1060 1509 1116 τούτους
1538 1057 1698 1117 ἄνδρας

210 1131 421 1191 οἷβλαβεῖς
450 1130 736 1191 διατηρήσειε,
768 1129 822 1176 τὰ
852 1132 900 1177 δὲ
931 1130 1040 1176 κατὰ
1061 1130 1139 1176 τὸν
1160 1133 1442 1189 Βαῖμοῦντον
1462 1129 1698 1189 πράγματα

211 1200 500 1259 συνταράξειε.
551 1202 624 1245 καὶ
655 1196 740 1245 οὔκ
770 1196 871 1245 εἶπε
909 1200 990 1257 μὲν
1029 1204 1164 1245 ταῦτα
1204 1201 1277 1245 καὶ
1306 1198 1695 1257 σιμβεβούλευκεν,

211 1266 264 1315 οὗ
293 1272 437 1328 γέγονε
476 1271 548 1323 δέ;
592 1265 700 1313 ἀλλὰ
745 1267 1017 1326 προσελθιιὶν
1060 1270 1132 1314 καὶ
1176 1269 1231 1314 δι’
1275 1266 1409 1326 ὅρκου
1454 1268 1602 1324 λαβών
1645 1266 1730 1311 ‘cdl

210 1335 503 1398 ἀφρόντιστον
529 1342 617 1383 τῶν
647 1340 1101 1396 γραμματοκομιστιῧν
1121 1336 1145 1382 ὁ
1167 1337 1395 1396 εἰρημένος
1422 1333 1530 1398 α’νὴρ
1557 1333 1700 1394 ἄπαγ-

210 1409 349 1465 γέλλει
392 1404 537 1451 πάντα
573 1404 682 1451 κατὰ
732 1404 809 1459 τὰς
847 1403 1199 1464 ὑποθημοσύνας
1239 1409 1319 1450 τοῦ
1358 1401 1699 1462 αὐτοκράτορος.

211 1476 454 1533 ἐρωτηθεὶς
482 1477 530 1519 δὲ
561 1473 651 1533 ὅπη
688 1476 873 1528 τούτους
905 1476 1162 1531 στοχάζεται
1204 1474 1464 1533 ἐφθακέναι,
1502 1471 1580 1533 τὴν
1612 1474 1700 1517 Πέ-

209 1545 396 1600 τρουλαν
438 1538 616 1596 αὐτοὺς·
641 1542 760 1600 ἔλεγε
806 1544 1017 1588 διελθεῖν.
1092 1545 1165 1588 καὶ
1207 1538 1479 1595 ἀποστείλας
1517 1542 1697 1596 κατέσχε

210 1610 314 1665 τούς
342 1609 782 1670 γραμματοκομιστάς
815 1612 887 1655 καὶ
919 1609 974 1655 τὰ
993 1609 1226 1670 γράμματα
1254 1607 1504 1667 ἀναπτύξας
1534 1609 1734 1668 ἶλίγγου2

211 1698 258 1725 τε
302 1678 471 1740 πλήρης
513 1680 699 1738 γεγονώς
741 1682 899 1737 μικροῦ
945 1681 1191 1725 κατέπιπτε
1239 1678 1379 1725 πιστὰ
1414 1677 1700 1737 λογισάμενος

174 1759 200 1794 C
213 1745 337 1793 εἶναι.
387 1749 578 1802 ἐκείνοις
596 1749 676 1806 μὲν
697 1741 774 1793 οὖν
795 1747 1226 1809 παραφυλάττεσθαι
1247 1744 1542 1808 ιῇκονόμησεν,
1566 1742 1700 1800 αι’·τὸς

214 1818 261 1862 δὲ
286 1812 532 1874 ἀπρόσιτος
559 1821 656 1870 ταῖς
683 1822 861 1876 σκηναῖς
892 1818 938 1863 ἐν
967 1816 1019 1874 ἓξ
1047 1816 1226 1878 ἡμέραις
1254 1809 1305 1877 ἦν
1334 1818 1622 1874 γνωσιμαχῶν
1646 1814 1698 1860 τι)

348 1950 401 1985 18.
426 1946 501 1993 ὅπη
529 1949 572 1995 F,
597 1946 693 1985 ‹‘›'710v
717 1950 756 1986 Ρ.
918 1950 976 1986 23.
1001 1946 1206 1997 ἀπρόσιτος
1231 1949 1382 1997 scripsi:
1408 1944 1585 1996 ἀπρόῖτος
1609 1948 1650 1984 P.

213 2094 306 2126 rere,
342 2086 386 2118 ut
411 2083 668 2119 Boemundum
706 2084 829 2121 adiret
854 2085 1032 2121 simulans
1071 2096 1107 2120 se
1145 2083 1382 2129 transfugam
1407 2094 1485 2119 esse
1520 2081 1567 2118 ad
1606 2081 1699 2117 eius-

213 2143 284 2177 que
320 2134 444 2177 partes
482 2132 636 2168 deficere
680 2132 919 2179 imperatoris
967 2133 1219 2170 cunctationis
1265 2135 1477 2179 pertaesum
1525 2134 1564 2166 et
1609 2131 1700 2166 ami-

214 2180 324 2215 citiae
355 2180 476 2226 specie
504 2192 546 2216 ac
581 2181 859 2217 benevolentiae
896 2186 1095 2228 tyrannum
1122 2181 1313 2227 decipiens
1339 2180 1461 2227 palam
1488 2179 1588 2215 viros
1617 2179 1700 2215 illos

214 2229 411 2270 incusaret,
437 2229 572 2274 quibus
597 2230 779 2275 epistulae
805 2235 928 2266 essent
956 2231 1176 2276 inscriptae:
1202 2230 1307 2266 illum
1334 2233 1447 2276 atque
1470 2228 1588 2264 illum.
1607 2240 1701 2274 quos

215 2277 434 2312 nominatim
467 2277 681 2323 appellaret,
706 2277 816 2314 fidem
843 2279 916 2324 ipsi
941 2279 1105 2315 ciuratos
1138 2278 1359 2325 imperatori
1394 2277 1532 2314 amicos
1570 2289 1613 2312 ac
1639 2276 1698 2312 be-

215 2324 363 2360 nevolos
401 2337 477 2360 esse
502 2326 652 2371 eiusque
683 2327 795 2362 rebus
823 2326 958 2363 favere.
1018 2339 1133 2374 quare
1169 2327 1374 2363 cavendum
1400 2337 1487 2369 esse,
1526 2337 1572 2361 ne
1609 2324 1701 2371 quid

215 2372 379 2414 infausti,
405 2373 504 2418 quod
530 2374 744 2410 iamdudum
771 2379 974 2421 parassent,
1001 2376 1039 2411 in
1067 2377 1188 2422 ipsum
1214 2388 1259 2411 ex
1285 2375 1489 2422 improviso
1515 2373 1700 2410 machina-

216 2424 355 2456 rentur.
413 2421 572 2468 denique
611 2424 822 2469 prospicere
856 2436 939 2460 eum
975 2425 1094 2469 iussit,
1134 2437 1179 2460 ne
1214 2436 1287 2471 quo
1331 2423 1429 2459 malo
1463 2422 1701 2459 Boemundus

216 2469 428 2505 tabellarios
442 2470 532 2506 istos
551 2470 727 2507 afficeret.
761 2472 800 2508 id
826 2473 924 2508 enim
949 2485 1060 2509 curae
1085 2476 1166 2509 erat
1183 2473 1417 2519 imperatori,
1431 2474 1476 2507 ut
1491 2471 1621 2506 missos
1635 2471 1701 2506 hos

217 2518 316 2571 viros
341 2517 543 2554 incolumes
567 2523 731 2556 servaret
757 2522 1071 2567 perturbaretque
1097 2534 1156 2557 res
1183 2520 1403 2557 Boemundi.
1455 2532 1578 2556 nonne
1602 2519 1701 2555 dixit

217 2568 405 2611 suasitque
446 2567 545 2611 haec,
583 2579 706 2604 nonne
731 2568 821 2605 haec
845 2570 897 2606 sic
925 2570 1104 2606 evenere?
1154 2570 1331 2606 accedens
1357 2569 1455 2605 enim
1483 2569 1542 2605 vir
1566 2568 1628 2604 ille
1653 2567 1702 2603 ad

218 2614 472 2650 Boemundum
510 2616 750 2653 iureiurando
791 2617 955 2654 firmavit
998 2618 1281 2654 tabellariorum
1315 2618 1471 2654 salutem
1503 2616 1702 2663 omniaque

216 2673 261 2697 ex
288 2663 524 2708 imperatoris
558 2664 711 2700 consilio
738 2665 772 2701 ei
805 2667 993 2711 patefecit.
1050 2667 1186 2703 deinde
1226 2668 1493 2713 interrogatus,
1535 2665 1601 2701 ubi
1639 2676 1702 2701 eos

216 2722 315 2765 nunc
353 2722 429 2765 esse
459 2712 721 2758 suspicaretur,
760 2718 1010 2761 transgressos
1048 2727 1124 2751 esse
1155 2727 1218 2751 eos
1245 2715 1434 2752 Petrulam
1459 2714 1567 2750 dixit‘
1620 2716 1701 2749 tum

217 2761 319 2814 lnisit
355 2758 418 2794 ille
455 2761 519 2805 qui
545 2760 760 2798 tabellarios
798 2764 1169 2809 comprehenderent,
1204 2775 1362 2810 cumque
1393 2762 1528 2809 cupide
1552 2762 1702 2808 legisset

216 2805 374 2852 litteras,
386 2819 477 2852 quas
490 2820 594 2845 veras
607 2810 775 2855 putabat,
784 2812 972 2857 vertigine
986 2816 1181 2858 correptus
1194 2825 1311 2859 paene
1324 2811 1502 2848 concidit.
1524 2811 1598 2846 iam
1613 2821 1702 2846 vero

216 2853 301 2891 illos
319 2855 413 2892 clam
428 2856 535 2892 iussit
550 2858 753 2895 observari:
779 2859 858 2905 ipse
876 2872 938 2896 sex
952 2859 1031 2896 dies
1048 2861 1087 2897 in
1107 2862 1239 2898 castris
1254 2861 1348 2898 nulli
1362 2861 1506 2897 aditum
1520 2859 1702 2906 praebens
1728 2878 1734 2882 „
