1768 3152
530 274 795 311 Ammms
822 242 917 311 ΠΒ.
947 275 993 312 x.
1024 273 1063 312 6.
1491 272 1544 314 33

50 393 199 449 πεζῶν
221 391 304 449 μὲν
327 388 537 448 χιλιάδων
570 386 855 450 ὀγδοήκοντα,
885 389 1066 436 ἱππέων
1085 393 1134 437 δὲ
1152 390 1361 449 χιλιάδων
1380 390 1547 452 ἀνδρῶν
1557 403 1595 439 Ρ.
1624 402 1695 439 286

48 459 205 506 ἑκατόν
241 462 315 505 καὶ
357 458 432 505 διὰ
473 463 565 504 τῶν
588 464 739 517 μερῶν
767 463 845 520 τῆς
877 456 1092 518 Οὖγγρίας
1119 460 1199 521 τὴν
1225 461 1546 518 βασιλεύουσαν

48 530 298 586 κατέλαβεν.
330 526 426 574 ἔστι
466 529 547 585 μὲν
568 526 656 587 ,γὰρ
687 526 740 573 τὸ
770 532 862 572 τῶν
891 530 1078 574 Κελτῶν
1102 530 1239 588 γένος,
1272 529 1334 585 ὦς
1373 529 1545 578 εἰκάσαι

47 596 161 653 τινά,
205 598 279 642 καὶ
325 591 476 651 ἄλλως
518 598 618 641 λίαν
652 594 939 654 θερμότατον
979 598 1053 642 καὶ
1101 593 1197 654 ὀξύ,
1246 598 1359 644 ἐπὰν
1398 602 1446 645 δὲ
1474 602 1547 646 καὶ

11 664 255 728 δᾶφορμῆς
279 664 502 724 δράξοιτο,
531 661 796 711 ἀκάθεκτον.

162 740 202 780 6.
267 737 361 779 Τοῦ
392 734 441 780 δὲ
477 734 696 791 βασιλέως
750 732 869 791 ἅπερ
914 732 939 779 ὁ
978 736 1155 792 Πέτρος
1197 735 1545 792 προεπεπόνθει

47 802 171 861 παρὰ
198 807 289 848 τῶν
328 801 540 860 Τούρκων
583 801 877 862 γινώσκοντος
905 803 978 848 καὶ
1014 803 1397 861 συμβουλεύοντος
1425 801 1546 865 αὐτῷ

45 874 118 918 καὶ
148 873 227 934 τὴν
253 875 344 917 τῶν
369 873 543 917 λοιπῶν
574 870 783 931 κομήτων
813 875 1081 931 καρτερῆσαι
1104 871 1292 930 ἔλευσιν,
1312 869 1393 919 οὔκ
1422 874 1546 919 ἐπεί-

46 946 160 987 θετο
193 944 380 998 θαρρῶν
403 939 468 995 εἷς
498 938 551 986 τὸ
582 942 765 999 πλῆθος
813 943 903 985 τῶν
947 941 1263 998 συνεπομένων
1302 938 1429 1002 αὐτῷ
1472 944 1546 987 καὶ

0 1014 34 1052 [0
45 1007 319 1068 διαπεράσας
345 1007 540 1070 ἐπήξατο
582 1007 661 1054 τὸν
703 1006 872 1066 χάρακα
911 1006 977 1062 εἷς
1005 1026 1047 1054 τι
1078 1010 1310 1065 πολίχνιον
1341 1008 1545 1056 Ἕλενού-

46 1079 180 1123 πολιν
209 1072 549 1134 ὀνομαζόμενον.
607 1078 709 1122 ἐπεὶ
743 1078 791 1122 δὲ
832 1079 906 1122 καὶ
942 1076 1172 1135 Νορμάνοι
1210 1076 1354 1138 τούτῳ
1399 1080 1546 1124 συνεί-

45 1165 188 1192 ποντο
234 1144 300 1200 εἷς
348 1147 454 1191 δέκα
501 1144 700 1202 χιλιάδας
747 1144 1038 1206 ποσούμενοι,
1084 1147 1410 1204 ἀποκριθέντες
1464 1152 1544 1194 τοῦ

44 1217 207 1261 λοιποῦ
232 1214 562 1274 στρατεύματος
591 1216 645 1260 τὰ
674 1214 785 1261 κατὰ
817 1214 897 1276 τὴν
927 1217 1114 1260 Νίκαιαν
1141 1217 1365 1275 ἐληΐζοντο
1406 1220 1587 1262 πᾶσινΒ

45 1281 289 1343 ὦμοτάτως
317 1283 594 1344 χρησάμενοι.
644 1289 736 1330 τῶν
764 1302 811 1329 τε
843 1283 923 1343 γὰρ
948 1288 1133 1344 βρεφῶν
1151 1283 1208 1330 τὰ
1226 1288 1308 1343 μὲν
1330 1285 1542 1343 ἐμέλιζον,

0 1353 98 1404 εὸτὰ
127 1355 176 1400 δὲ
206 1353 354 1410 ξύλοις
380 1354 723 1411 περιπείροντες
751 1347 951 1410 ῶπτιζον
980 1354 1026 1399 ἕν
1053 1354 1328 1412 πι·ρι’,.πρὸς
1356 1356 1405 1400 δὲ
1435 1352 1545 1408 τούς

42 1426 106 1483 τῷ
135 1421 283 1482 χρόνῳ
311 1420 596 1481 προήκοντας
633 1425 724 1466 πᾶν
760 1418 883 1476 εἶδος
917 1425 1078 1482 ποινῆς
1118 1423 1441 1469 ἐπεδείκνυντο.
1501 1419 1544 1467 οἱ

43 1493 92 1537 δὲ
119 1491 245 1546 ἐντὸς
276 1495 367 1536 τῶν
392 1492 634 1550 γινομένων
663 1491 710 1536 ἐν
736 1489 949 1551 αἰσθήσει
975 1489 1215 1550 γεγονότες,
1244 1488 1547 1537 ἀναπετάσαν-

43 1578 117 1614 τες
144 1559 223 1614 τὰς
251 1558 396 1614 πέλας
424 1562 517 1605 κατ’
551 1555 703 1604 αὐτῶν
733 1558 927 1622 ἐξῄεσαν.
989 1564 1205 1618 καρτεροῦ
1234 1562 1283 1606 δὲ
1311 1564 1545 1620 τηνικαῦτα

43 1630 332 1687 συρραγέντος
358 1629 561 1686 πολέμου
592 1629 854 1684 παλίνορσοι
880 1626 989 1674 εἴσω
1009 1632 1089 1673 τοῦ
1110 1627 1302 1686 κάστρου
1318 1628 1545 1688 γεγόνασιν

0 1696 255 1755 ροὲκθῦμως
282 1701 374 1742 τῶν
404 1695 654 1754 Νορμάνων
683 1692 1036 1755 οἷγωνισαμένων.
1099 1698 1172 1742 καὶ
1211 1694 1274 1751 ὣς
1313 1697 1392 1757 τὴν
1422 1698 1543 1743 λείαν

35 1764 225 1811 ’ἅπασαν
266 1760 589 1823 ἀναλαβόμενοι
637 1768 880 1822 κατέλαβον
923 1758 1060 1820 αὖθις
1100 1767 1183 1825 τήν
1216 1764 1541 1812 Ἕλενοὺπολιν.

41 1832 175 1893 λόγου
205 1834 255 1879 δὲ
275 1829 526 1891 ἅναμεταξύ
562 1830 709 1879 αι’-τῶν
737 1852 786 1879 τε
812 1836 886 1879 καὶ
915 1838 1006 1879 τῶν
1031 1834 1091 1895 μὴ
1122 1834 1208 1881 σῦν
1227 1830 1381 1888 αὐτοῖς
1407 1830 1542 1880 ἄπελ-

179 1950 210 1986 1.
235 1951 310 1994 μὲν
332 1950 407 1996 FC,
448 1963 520 1987 om.
546 1951 584 1986 P.
751 1953 784 1987 3.
813 1954 923 2009 γένος
948 1963 1019 1987 οιιι.
1046 1951 1090 1988 G.
1165 1950 1254 1988 ὡσεὶ
1279 1949 1371 1986 κατὰ
1395 1949 1477 1987 τινὰ
1502 1951 1541 1996 C,

177 1998 228 2038 ὥς
251 1998 459 2035 εῖκατατινὰ
474 1999 519 2036 G.
618 2001 651 2036 4.
677 2002 740 2035 καὶ
764 1998 806 2035 τὸ
832 1997 1066 2048 ἀφορμῆς-6.
1153 2002 1188 2036 6.
1211 2000 1277 2035 τοῦ
1289 2000 1397 2045 FCG,
1414 2001 1488 2036 τῶν
1502 1999 1544 2037 P.

177 2050 210 2084 7.
238 2045 421 2105 Τοὺργων
443 2049 487 2084 F.
658 2050 692 2084 8.
707 2053 908 2104 καρτερεῖν
932 2048 1223 2085 CG.10.
1250 2045 1470 2084 ἑλενόπολιν
1493 2049 1540 2085 A.

178 2098 235 2133 1ι.
259 2095 434 2141 αἰσθήσει
468 2096 574 2142 FCG,
599 2093 794 2142 αῖσθήστει
821 2097 863 2134 P.

40 2202 208 2238 millibus
230 2206 270 2238 et
292 2207 446 2240 centum
470 2203 637 2239 millibus
662 2205 835 2261 equitum
862 2203 1144 2251 Longibardiae
1158 2204 1298 2240 fretum
1326 2204 1475 2240 traiecit
1501 2207 1540 2240 et

38 2263 108 2298 per
133 2251 300 2298 Ungriae
324 2251 417 2288 fines
444 2257 560 2299 caput
584 2254 736 2299 imperii
768 2253 893 2299 petiit.
944 2265 1031 2288 nam
1056 2253 1246 2290 Celtarum
1269 2265 1373 2300 gens,
1408 2257 1452 2289 ut
1487 2253 1540 2288 fa-

38 2299 110 2336 cile
134 2301 224 2336 hinc
247 2301 499 2344 concluditur,
531 2314 618 2338 cum
644 2313 791 2348 semper
819 2301 1035 2348 persei-vida
1070 2302 1324 2349 acen-imaque
1350 2305 1418 2348 est,
1457 2305 1539 2337 tum

41 2352 201 2385 maxime
225 2350 267 2385 in
292 2349 464 2386 facienda
488 2350 726 2397 expeditione
751 2350 944 2387 effrenata.

137 2401 172 2434 6.
222 2398 448 2445 Imperatori
471 2403 611 2444 autem,
634 2411 720 2435 cum
745 2411 841 2446 quae
866 2411 889 2435 a
913 2398 1046 2435 Turcis
1075 2399 1209 2436 Petrus
1236 2411 1433 2445 perpessus
1458 2403 1540 2435 erat

0 2464 6 2483 ;
37 2451 236 2493 cognosset
260 2449 369 2494 eique
394 2449 582 2493 suasisset,
607 2451 651 2483 ut
675 2452 887 2484 ceterorum
912 2449 1094 2484 comitum
1128 2448 1331 2484 adventum
1367 2452 1538 2494 expecta-

0 2515 11 2539 ..
41 2500 112 2540 ret,
150 2495 213 2532 ille.
252 2496 373 2532 fretus
397 2497 677 2543 insequentium
702 2496 947 2533 multitudine
983 2509 1060 2533 non
1083 2496 1277 2532 oboedivit
1303 2498 1537 2542 traiectoque

38 2543 137 2580 freto
175 2544 223 2580 ad
261 2544 510 2591 Helenopolin
546 2545 729 2592 oppidum
766 2549 890 2582 castra
927 2546 1065 2592 posuit.
1126 2546 1199 2580 iam
1227 2545 1275 2580 ad
1299 2545 1427 2581 decem
1455 2545 1538 2580 mil-

7 2638 11 2641 Ἴ
37 2591 89 2629 lia
113 2592 432 2638 Normannorum,
468 2594 535 2640 qui
562 2593 663 2630 hun'c
699 2595 965 2650 sequebantur,
993 2606 1014 2629 a
1039 2594 1186 2640 reliquo
1214 2594 1382 2629 exercitu
1415 2604 1537 2640 segre-

37 2643 119 2688 gati
156 2642 482 2678 circumiacentem
507 2642 667 2678 Nicaeae
698 2644 893 2689 regionem
930 2646 1038 2678 tanta
1061 2642 1286 2679 crudelitate
1325 2643 1536 2686 vastabant,

4 2730 6 2732 v
37 2694 83 2726 ut
107 2691 284 2735 puerulos
321 2691 462 2737 partim
492 2691 751 2738 discerperent
784 2692 1037 2736 membratim,
1077 2692 1218 2737 partim
1257 2690 1372 2736 lignis
1413 2694 1536 2726 trans-

0 2750 19 2783 ζ·
37 2736 132 2776 fixos
154 2740 242 2786 igne
267 2743 446 2785 assat-ent,
485 2739 634 2776 adultos
658 2752 747 2776 vero
783 2741 905 2776 omnis
939 2740 1087 2787 generis
1112 2739 1306 2785 suppliciis
1332 2738 1536 2775 afficerent

0 2798 114 2836 4zquo
137 2789 290 2834 cognito
312 2788 456 2824 incolae
480 2789 587 2824 urbis
612 2790 754 2834 apertis
779 2789 900 2835 portis
923 2789 964 2824 in
984 2800 1046 2824 eos
1072 2791 1288 2833 erumpunt,
1317 2787 1381 2823 sed
1416 2787 1536 2823 atroci

0 2837 184 2884 proelio
210 2840 384 2873 conserto
422 2848 445 2872 a
483 2836 711 2873 Normanuis
750 2837 905 2873 fortiter
929 2836 1230 2883 repugnantibus
1262 2836 1406 2871 urbem
1432 2847 1536 2881 repe·

0 2883 119 2940 ώετῇε
154 2888 353 2932 coguntur.
402 2885 459 2921 illi
495 2897 580 2922 cum
617 2886 721 2921 omni
758 2885 899 2932 praeda
930 2884 1177 2931 Helenopolin
1214 2884 1422 2920 redierunt.
1483 2885 1539 2919 ibi

0 2922 123 2996 {cum
147 2933 303 2978 invidia,
329 2936 373 2968 ut
396 2932 453 2980 fit,
484 2934 717 2981 reliquorum
744 2935 810 2980 qui
843 2939 1101 2970 remanserant
1127 2933 1271 2969 animos
1296 2933 1536 2977 accendisset,

111 3005 227 3041 Anna
251 3004 446 3042 Gomnena.
498 3006 554 3043 H.
940 3048 943 3050 ,
1252 3005 1276 3041 3
