1734 3120
184 178 269 220 414
439 187 586 221 PETRI
613 186 808 221 POSSINI
837 186 1150 221 GLOSSARIUM
1178 185 1418 221 ANNAEUM

184 302 404 346 curvatam
433 301 658 367 incipiente
690 314 840 354 mense,
873 300 1047 353 Gallice,
1079 300 1117 343 Ze
1139 299 1370 354 Groz’ssant,
1407 301 1519 357 quod
1552 302 1672 357 quasi

184 359 419 416 symbolum
448 360 490 402 et
532 359 696 424 insigne
728 358 1000 402 Saracenicae
1040 358 1179 412 gentis
1218 370 1361 400 omnes
1404 358 1543 401 sciunt
1572 372 1671 402 esse.

184 417 337 460 Petrus
367 417 550 472 Bergero
582 417 647 459 vir
676 416 822 459 doctus
863 416 904 458 et
936 416 1158 457 accuratus
1191 414 1235 456 in
1266 427 1398 470 nuper
1427 415 1539 458 edito
1570 414 1674 459 Gal-

183 474 264 517 lice
309 473 551 528 compendio
597 486 738 516 rerum
785 472 1130 516 Saracenicarum
1160 483 1256 527 pag.
1282 472 1347 514 12.
1380 471 1481 515 dum
1511 472 1672 516 Lunam

186 531 286 574 olim
321 530 540 573 adeiatam
570 543 595 573 a
627 529 844 573 Saracenis
877 541 971 572 vere
994 528 1204 581 admonet,
1235 541 1327 572 eam
1350 528 1566 582 Oubarem,
1589 530 1675 573 sive

185 587 401 641 Cabarem‚
435 587 490 630 ab
518 586 666 630 iisdem
696 586 928 630 vocitatam
957 585 1090 638 docet,
1131 585 1251 640 quasi
1292 585 1489 640 dicerent,
1522 587 1673 643 inquit,

184 657 402 700 magnam.
460 644 562 686 Eius
591 656 691 698 pace
720 643 909 695 dixerim,
945 655 1027 686 non
1069 641 1232 686 accedo.
1306 642 1419 686 Nam
1464 644 1543 687 etsi
1584 655 1671 687 ππ

184 702 397 746 notionem
427 701 553 744 habet
572 700 685 743 haud
705 700 875 743 dubiam
896 698 1226 764 magnitudinis:
1257 712 1340 742 non
1369 700 1507 743 minus
1528 701 1671 744 tamen

184 759 443 823 frequentem
473 758 514 800 et
543 757 680 813 magis
701 756 910 822 propriam
930 755 1284 812 significationem
1304 757 1672 812 multiplicationis

185 816 358 868 obtinet,
390 815 477 858 sive
506 814 738 870 augmenti.
798 814 950 868 Itaque
986 825 1107 855 ‘maz
1150 813 1248 856 inde
1281 813 1456 857 ductum
1486 815 1670 858 Arabica

185 873 369 923 flexione,
415 872 719 914 incrementum
766 872 913 914 sonat:
962 870 1004 912 et
1049 861 1301 925 appellative
1346 873 1572 927 usurpatur
1617 872 1670 915 ad

184 929 505 985 significandam
533 928 713 983 primam
740 924 880 984 φάσιν
910 927 1193 970 corniculatae
1213 928 1254 970 et
1275 929 1496 971 crescentis
1516 929 1670 982 Lunae,

185 999 292 1042 quae
322 999 418 1029 cum
448 985 522 1028 illo
567 986 682 1028 statu
729 986 819 1040 (pro
851 997 933 1040 quo
979 984 1200 1027 dumtaxat
1230 985 1368 1040 gentis
1402 985 1672 1029 Saracenicae

184 1045 260 1087 aut
289 1043 492 1086 Turcicae
521 1040 740 1098 ἐπίσημον
771 1042 852 1096 est)
884 1044 1085 1096 appareat
1125 1041 1315 1108 minima,
1362 1042 1472 1085 male
1516 1055 1673 1098 magna

184 1100 419 1144 vocaretur.
467 1099 616 1142 Verius
637 1111 736 1155 ergo
758 1100 799 1142 et
819 1098 1118 1154 congruentius
1137 1094 1276 1153 χόβαρ
1295 1098 1382 1143 sive
1403 1109 1521 1154 5⁸3:
1550 1101 1672 1143 sonat

184 1158 348 1201 Lunam
388 1157 639 1200 crescentem
690 1169 815 1212 quam
845 1156 1009 1199 Lunam
1053 1168 1268 1211 magnam.
1338 1156 1401 1199 De
1443 1147 1522 1199 his
1549 1156 1671 1211 plura

182 1215 345 1258 dabunt
370 1214 508 1257 Notae
537 1214 717 1256 nostrae.

318 1271 826 1314 ΧΟΙΡΟΣΦΑΚΊῊΣ.
882 1270 973 1313 Lib
1002 1280 1072 1313 ΙΙΙ.
1109 1270 1305 1314 extremo.
1359 1270 1470 1314 Puto
1503 1271 1669 1326 quidem

184 1341 336 1372 nomen
365 1340 451 1371 esse
480 1328 561 1371 viri
590 1327 818 1382 proprium,
849 1327 994 1382 itaque
1032 1327 1152 1370 verti.
1231 1327 1390 1371 Tamen
1428 1328 1528 1383 quia
1567 1329 1671 1371 satis

183 1385 436 1429 inusitatum
465 1384 509 1427 id
539 1384 720 1427 nominis
748 1397 903 1440 genus:
939 1385 981 1428 et
1012 1384 1111 1438 quia
1141 1385 1295 1440 species
1324 1385 1527 1428 nonnulla
1555 1386 1670 1429 extat

183 1455 231 1486 ex
260 1443 351 1485 toto
383 1442 606 1496 conspectu
634 1441 716 1484 loci
737 1441 857 1496 quasi
885 1441 1187 1496 appellativum
1210 1441 1343 1485 videri
1370 1442 1514 1497 possit,
1536 1443 1672 1498 suspi-

184 1500 309 1543 cabar
337 1512 384 1542 ex
413 1511 460 1542 eo
491 1498 602 1553 quod
632 1511 752 1542 caesa
782 1511 906 1554 porca
935 1499 1091 1542 sanciri
1111 1498 1212 1541 olim
1242 1499 1407 1543 foedera
1430 1500 1668 1554 legitimum

183 1557 303 1610 esset,
333 1556 522 1611 legatum
553 1556 646 1611 paci
677 1555 985 1611 componendae
1014 1556 1189 1599 missum
1220 1556 1280 1599 810
1309 1556 1580 1622 appellatum.

321 1612 529 1655 ΧΩΜΛ.
580 1613 670 1655 Lib.
698 1623 768 1656 111.
827 1614 960 1656 Locus
982 1614 1071 1656 aut
1100 1626 1174 1656 arx
1210 1613 1413 1668 quaedam
1448 1614 1565 1657 cuius
1595 1629 1670 1656 το-

183 1666 747 1778 ⁷1³2²2332⁰V53⁷5513aed03m
769 1670 1671 1772 33mv¹353¹¹¹14fi33d2¹¹s¹501¹31¹3223tamt}

183 1785 338 1828 milites
368 1796 546 1840 quorum
577 1796 659 1827 non
689 1797 784 1827 raro
809 1784 936 1827 Anna
963 1785 1157 1827 meminit
1186 1784 1466 1840 disquiremus
1497 1799 1669 1828 accula-

182 1842 267 1885 tius
298 1842 341 1885 in
372 1841 508 1884 Notis.
