1734 3120
485 248 750 292 Anamis
779 251 875 292 Lm.
904 250 1008 293 ΧΙῘΙ.
1039 247 1078 293 7.
1442 245 1526 295 209

41 372 225 431 Γαβρᾶν,
253 366 391 429 ι’ἱνδρα
418 369 661 431 ἀρηΐφιλον
697 372 770 416 καὶ
799 373 891 427 πῖρ
921 370 1032 416 κατὰ
1060 374 1152 416 τῶν
1190 373 1396 417 ἐναντίων
1425 375 1531 418 πνέ-

39 461 155 497 οντα,
183 438 596 500 μεταπεμψάμενος
618 438 683 493 εἷς
711 438 790 501 τὴν
817 438 936 485 οὕτω
973 441 1244 500 καλουμένην
1273 442 1530 499 Πέτρουλαν
1542 451 1587 489 V.
1613 453 1684 487 313

37 506 271 555 ἇπέστειλε
301 505 704 566 κατασκεψόμενον,
751 505 867 552 ὅθεν
909 505 951 552 οἳ
997 510 1163 554 Κελτοὶ
1206 509 1271 563 εἷς
1299 509 1357 555 τὰ
1384 512 1531 570 τὲμπη

38 576 312 636 ἐμπεσόντες
338 576 418 622 τὸν
446 579 662 621 τοσοῦτον
690 573 831 636 φόνον
857 574 1114 634 εἰργάσαντο
1145 580 1217 623 καὶ
1243 574 1533 638 άποταφρεῦ-

4 654 112 698 ὗσαι
141 649 222 690 τοῦ
250 647 415 691 λοιποῦ
444 643 621 699 τούτοις
648 646 729 704 τήν
756 645 921 691 δίοδον.
987 647 1351 703 δυσχεραίνοντος
1376 647 1425 691 δὲ
1452 650 1533 691 τοῦ

39 716 189 772 Ιαβρᾶ
216 715 293 759 καὶ
319 712 437 769 πρὸς
464 711 544 772 τὴν
572 713 845 772 ἐπιχείρησιν
872 707 974 757 οἷον
1004 708 1326 767 άποκναίοντος
1356 713 1534 773 (οἶημα-

38 783 135 836 τίας
163 780 243 841 γὰρ
273 779 299 827 ὅ
330 777 439 841 ἀνὴρ
459 782 532 826 καὶ
558 780 764 839 μεγάλοις
791 781 1003 839 ἐγχειρεῖν
1027 783 1259 842 ἐφιέμενος
1287 781 1533 840 πράγμασι)

41 850 275 907 Μαριανόν
303 848 383 895 τὸν
401 848 825 906 Μαυροκατακαλιῦν
853 852 1137 909 παραχρῆμα,
1168 850 1247 895 τὸν
1269 851 1342 896 ἐπ’
1362 846 1534 912 ἀδελφῇ

0 916 235 977 γαμβρὸν
263 913 433 975 τουμοῦ
448 918 689 975 Καίσαρος,
722 912 859 975 ἄνδρα
878 914 1136 976 αρειμάνιον
1169 920 1241 964 καὶ
1261 920 1334 964 διὰ
1351 921 1534 964 πολλῶν

0 982 450 1046 βάνδραγαθημάτων
477 989 611 1031 τοῦτο
644 984 1044 1045 παραστησάμενον
1068 985 1338 1048 φιλούμενόν
1359 1006 1407 1033 τε
1437 989 1573 1033 λίανΟ

41 1051 164 1112 παρὰ
187 1057 274 1099 τοῦ
304 1050 636 1111 αὐτοκράτορος
672 1053 785 1111 μετὰ
820 1057 973 1111 χιλίων
1010 1055 1329 1115 γενναιοτάτων
1362 1051 1534 1113 ἀνδρῶν

41 1123 272 1180 ἐκπέμπει.
331 1117 403 1176 οἷς
431 1124 504 1167 καὶ
531 1122 727 1176 πολλοὺς
755 1127 845 1167 τῶν
872 1129 970 1178 τοῖς
1001 1123 1433 1186 Πορφιρογεννὴτου
1461 1127 1533 1170 καὶ

39 1186 176 1249 τῳμῷ
209 1191 401 1248 Καίσαρι
433 1191 851 1249 ἐξυπηρετουμένων
896 1191 1202 1252 σφαδάζοντας
1238 1195 1355 1251 πρὸς
1393 1191 1534 1252 μάχην

41 1261 359 1317 συγκαταλέξας
397 1259 663 1316 ἐξέπεμψεν.
733 1260 889 1305 ἐδεδίει
932 1262 1083 1318 μέντοι
1125 1260 1243 1319 πρὸς
1284 1265 1418 1307 τοῦτο
1462 1262 1534 1306 καὶ

0 1337 31 1374 ιῦ
41 1345 183 1381 ουτος,
221 1329 314 1373 ἀλλ’
358 1326 482 1385 ὅμως
524 1345 767 1387 σκοπησων
810 1327 875 1382 εἷς
903 1328 983 1388 τὴν
1025 1329 1141 1375 ιδιάν
1182 1326 1316 1392 ἀπῄει
1362 1327 1533 1389 σκηνήν.

41 1398 147 1454 περὶ
172 1397 310 1454 μέσας
338 1396 387 1441 δὲ
409 1394 607 1456 φυλακὰς
634 1400 713 1455 τῆς
743 1395 899 1450 νυκτὸς
928 1396 1161 1455 γράμματα
1189 1403 1270 1444 τοῦ
1303 1396 1534 1443 Λαπούλ-

41 1482 131 1524 φου
158 1465 370 1521 κατέλαβε
396 1462 602 1520 ξυνόντος
627 1468 692 1524 τῷ
721 1463 822 1510 τότε
862 1466 976 1522 μετὰ
1002 1463 1219 1512 Ἰσαακίου
1249 1471 1330 1512 τοῦ
1365 1472 1535 1512 Κοντο-

41 1532 263 1594 στεφάνου
292 1530 721 1591 θαλασσοκράτορος
738 1532 1026 1592 τυγχάνοντος
1049 1537 1370 1594 κατατρέχοντα
1388 1531 1535 1579 ‹xC-uby

41 1619 89 1646 τε
118 1603 210 1646 τῶν
227 1598 609 1661 Κοντοστεφάνων
636 1605 715 1646 τοῦ
744 1619 792 1646 τε
809 1598 1023 1647 Ἰσααιλου
1053 1605 1126 1648 καὶ
1156 1608 1235 1649 τοῦ
1255 1600 1533 1663 αἰταδέλφου

0 1665 176 1718 Ιὶαῦτοῦ
205 1667 436 1730 Στεφάνου
466 1670 539 1714 καὶ
567 1672 646 1714 τοῦ
678 1666 970 1730 Εἰφορβηνοῦ
992 1670 1054 1725 ὠς
1072 1671 1535 1730 καταρραθυμοίντων

40 1741 120 1783 τοῦ
164 1740 381 1797 πορθμοῦ
427 1739 757 1797 Λογγιβαρδίας
791 1740 864 1783 καὶ
906 1740 1203 1822 εξερχομένων
1242 1742 1382 1785 ἐνίοτε
1418 1754 1580 1797 προςΙ)

40 1804 120 1867 τὴν
164 1800 351 1867 η’πειρον
394 1804 519 1863 χάριν
563 1805 802 1866 ῥᾳστώνης,
852 1809 1148 1864 προκειμένοι
1204 1814 1301 1862 τοῖς
1337 1806 1537 1866 γράμμα-

179 1891 211 1925 1.
238 1889 431 1936 ἐναντίων]
454 1888 648 1937 ΙῬωμαιων
672 1890 708 1925 C.
886 1893 919 1925 3.
944 1889 989 1925 τὰ
1017 1894 1142 1938 τέμπη
1168 1891 1212 1932 F,
1233 1889 1300 1934 τὴν
1323 1893 1471 1937 τέμπην
1495 1890 1535 1926 Ρ.

177 1937 211 1973 9.
235 1938 301 1972 τοῦ
323 1939 400 1985 μοῦ
423 1938 464 1979 Ρ,
489 1939 649 1974 correxi.
803 1940 856 1974 12.
887 1943 963 1977 τοῖς
989 1939 1031 1983 F,
1056 1941 1119 1982 τῆς
1142 1940 1183 1976 P.
1281 1950 1536 1987 πορφυρογεν-

178 1999 285 2030 νητου
302 1987 345 2028 F,
371 1984 709 2033 Πορφυρογενὴτου
726 1986 766 2022 P.
908 1989 960 2023 13.
987 1990 1038 2034 τῷ
1062 1989 1125 2035 μιῇ
1143 1989 1182 2031 Ρ,
1208 1991 1366 2024 correxi.
1480 1989 1536 2022 14.

177 2035 395 2120 ἐξέπὶμψεν
420 2035 464 2074 F,
489 2036 689 2130 {gignendi}
708 2035 748 2070 Ρ.
910 2037 966 2071 16.
992 2034 1160 2083 φυλακὰς
1183 2037 1244 2082 τῆς
1268 2036 1310 2081 F,
1335 2037 1398 2080 τῆς
1422 2037 1534 2083 φυλα-

177 2096 244 2122 κας
453 2085 497 2118 21
537 2086 621 2118 πεοὶ
1144 2095 1149 2099 ·

45 2148 207 2184 Gabram
232 2149 356 2185 virum
381 2149 597 2185 bellicosum
632 2153 671 2184 et
694 2150 801 2195 quasi
827 2149 1059 2195 ignivomum
1085 2150 1124 2184 in
1150 2148 1288 2194 hostes,
1316 2149 1535 2184 arcessitum

19 2242 22 2243 ⁷
44 2197 245 2242 Petrulam,
270 2208 383 2244 quam
407 2202 553 2241 vocant,
578 2197 724 2232 dimisit
747 2198 1044 2244 exploraturum,
1081 2198 1179 2233 unde
1217 2200 1459 2244 penetrantes
1496 2197 1534 2231 in

44 2247 236 2292 augustias
259 2246 358 2282 Galli
382 2247 505 2282 caedis
530 2250 659 2281 tantae
695 2250 866 2281 auctores
905 2246 1073 2290 fuissent,
1111 2247 1230 2292 iisque
1264 2247 1303 2281 in
1344 2250 1535 2292 posterum

44 2294 118 2329 iter
155 2294 447 2341 praeclusurum.
513 2294 638 2330 Gabra
676 2298 800 2329 autem
842 2295 882 2330 id
921 2306 1032 2340 aegre
1058 2295 1210 2338 serente,
1244 2307 1330 2330 cum
1359 2293 1536 2330 mandato

45 2343 151 2388 quasi
178 2347 414 2388 premeretur
437 2343 613 2388 (habebat
632 2345 731 2378 enim
757 2343 869 2378 homo
886 2344 1041 2378 nimiam
1065 2343 1121 2378 sui
1141 2344 1357 2388 opinionem
1387 2354 1536 2388 magna·

45 2402 117 2437 que
145 2391 269 2426 moliri
294 2392 496 2438 cupiebat),
521 2393 648 2427 statim
676 2392 724 2427 ad
750 2391 788 2427 id
819 2392 962 2437 negotii
988 2391 1197 2426 Marianum
1225 2390 1536 2426 Maurocataealo-

45 2450 130 2475 nem
156 2439 324 2476 Caesaris
349 2441 422 2476 mei
446 2441 645 2479 sororium,
683 2440 878 2486 pugnandi
911 2440 1157 2485 cupiditatem
1188 2452 1292 2475 suam
1317 2440 1382 2486 qui
1408 2439 1536 2474 multis

46 2489 207 2535 egregiis
232 2488 341 2524 saetis
366 2489 440 2524 iam
465 2489 703 2534 probaverat,
735 2490 775 2523 in
802 2489 879 2523 eius
911 2489 1033 2524 locum
1067 2489 1275 2523 substituit.
1326 2500 1437 2534 quem
1463 2488 1536 2522 sibi

45 2537 278 2572 carissimum
322 2538 529 2583 imperator
568 2549 653 2572 cum
690 2537 791 2572 mille
833 2537 936 2572 misit
971 2537 1062 2572 viris
1100 2536 1326 2572 fortissimis.
1400 2536 1537 2582 quibus

0 2626 1 2630 Ἰ
45 2585 160 2620 ctiam
199 2586 335 2620 multos
369 2585 518 2621 addidit
552 2586 599 2621 de
638 2585 781 2620 familia
823 2585 1135 2631 porphyrogeniti
1173 2585 1320 2631 meique
1357 2584 1536 2621 Caesaris.

0 2631 2 2654 ³
47 2633 240 2680 pugnandi
252 2635 318 2680 qui
331 2634 565 2680 cupidissimi
578 2638 697 2669 erant.
724 2634 785 2669 scd
802 2645 848 2668 ne
860 2634 921 2668 hic
935 2634 1087 2679 quidem
1100 2633 1146 2668 ad
1161 2633 1325 2668 eundum
1339 2636 1536 2679 promptus

45 2680 143 2727 fnit3
178 2683 271 2728 quin
307 2683 421 2717 etiam
462 2682 811 2717 deliberabundus
802 2695 841 2717 in
867 2694 973 2716 suum
1009 2694 1046 2717 se
1072 2682 1354 2717 tabernaculum
1380 2682 1535 2727 recepit.

45 2730 148 2767 eirea
173 2731 314 2766 medias
338 2742 427 2766 vero
456 2731 577 2766 noctis
616 2731 762 2776 vigilias
788 2730 995 2775 Lautulphi
1032 2730 1192 2773 litterae,
1229 2730 1294 2776 qui
1336 2735 1417 2765 tum
1455 2731 1537 2764 erat

26 2778 148 2826 {pud
174 2779 354 2815 Isaacium
376 2779 717 2824 Contostephanuui
737 2779 863 2813 classis
890 2778 1131 2824 praefectum,
1148 2758 1383 2817 adferuntur
1400 2778 1537 2824 quibus

47 2828 215 2872 graviter
242 2826 535 2873 Contostephaui
560 2827 719 2863 Isaacius
748 2828 901 2872 eiusque
938 2827 1058 2862 frater
1081 2826 1291 2872 Stephanus
1318 2826 1538 2872 Euphorbe-

48 2885 192 2921 nnsque
226 2876 508 2920 incusabantur,
544 2877 686 2921 quippe
726 2877 791 2921 qui
831 2875 999 2921 neglecta
1024 2874 1303 2921 Longibardiae
1342 2875 1431 2910 freti
1456 2886 1536 2909 cus-

35 2922 156 2964 todia
180 2924 297 2959 animi
322 2924 516 2959 relaxandi
532 2935 644 2959 causa
660 2925 699 2959 in
717 2925 972 2959 continentem
995 2927 1135 2958 terram
1161 2924 1352 2959 interdum
1378 2924 1535 2958 exirent.

123 2996 241 3032 Anna
267 2995 460 3032 Comma.
507 2995 566 3032 H.
1299 2996 1346 3030 14
