1806 3132
287 229 371 274 558
802 235 979 272 cARom
1007 234 1246 272 DUOANGII

242 354 276 390 D
424 352 688 408 Βασίλειαν]
736 352 805 395 An
848 351 959 394 idem
998 351 1208 406 oppidum,
1240 349 1351 405 quod
1383 348 1617 393 Βασίλειον
1647 350 1772 394 vocat

290 411 591 456 Constantinus
621 409 772 464 Porph.
803 408 1039 462 statuitque
1080 408 1125 450 in
1169 407 1371 450 Themate
1400 407 1771 460 Buccellariorum,

289 468 543 524 Episcopatu
571 466 736 521 insigne
763 466 839 508 sub
869 465 1094 520 Ancyrana
1123 463 1377 519 Metropoli?
1414 462 1424 472 ⁶

55 547 274 595 Pag.172.A
423 534 730 596 Παργιαρούχ]
774 538 1068 589 Berciaroeus,
1112 550 1183 580 seu
1213 537 1262 580 ut
1297 536 1466 580 effertur
1496 537 1549 580 ab
1578 537 1770 592 Erpenio‚

288 597 648 648 Barchiuruehus,
680 597 788 639 alter
818 594 1072 638 Gelalolduli
1109 607 1182 636 seu
1216 594 1404 648 Toparae
1441 593 1610 638 Sultani
1646 594 1771 647 filius,

289 655 460 709 parente
484 667 509 697 a
541 654 698 696 Tutuse
725 653 890 707 patruo,
923 651 994 706 qui
1024 663 1119 693 eum
1148 650 1347 694 immissis
1380 650 1535 693 chaziis
1555 650 1774 694 interfece-

288 711 369 764 rat,
400 710 565 754 sublato
606 710 648 752 et
685 709 730 751 in
760 708 946 751 ordinem
977 708 1072 750 acto
1101 707 1377 750 Mechamudo
1410 707 1553 760 fratre,
1585 707 1774 751 Sultani-

289 780 382 810 cam
425 766 678 822 dignitatem
722 765 880 808 invasit
922 764 973 807 A.
1019 764 1126 819 Heg.
1159 773 1444 809 CDLXXXVII.
1477 763 1572 808 Chr.
1602 773 1771 809 MXCIV.

288 824 395 867 Vide
424 823 527 867 Not.
558 823 611 866 ad
641 835 737 878 pag.
762 822 855 864 179.

250 903 276 939 G
424 895 563 951 Κίον]
612 895 748 947 Cium,
791 895 937 938 urbem
983 894 1243 938 maritimam
1289 895 1331 937 in
1378 894 1583 950 Bithynia
1621 895 1776 938 habent

289 953 440 998 Strabo
475 953 546 996 lib.
572 953 636 996 12.
671 952 941 1006 Theophanes
971 964 1067 1007 pag.
1087 952 1183 994 200.
1204 951 1301 994 405.
1335 950 1536 1005 Chiaous,
1566 952 1610 994 ni
1635 952 1773 1004 fallor,

287 1010 423 1063 hodie,
455 1011 498 1052 in
529 1010 722 1052 Itinerar.
750 1009 801 1051 D.
828 1008 880 1051 de
910 1007 1080 1060 Breves,
1113 1021 1209 1064 pag.
1230 1009 1269 1051 9.

241 1085 274 1121 D
423 1082 599 1137 Δοῦκα]
648 1082 743 1124 Dux
789 1082 1071 1137 Scriptoribus
1105 1081 1354 1137 Byzantinis
1391 1082 1454 1125 est
1483 1082 1627 1126 classis
1655 1095 1775 1138 prae-

288 1141 443 1184 fectus:
474 1135 595 1192 Λούξ
620 1140 700 1181 τοῦ
730 1134 891 1182 στόλου
922 1138 1033 1193 apud
1054 1138 1251 1181 Nicetam
1279 1138 1324 1180 in
1343 1139 1476 1182 Isaac.
1506 1139 1580 1183 lib.
1603 1141 1643 1182 3.
1663 1139 1716 1182 N.
1732 1139 1773 1183 4.

289 1198 338 1240 In
354 1197 472 1240 Alex.
488 1197 559 1240 lib.
569 1198 608 1239 2.
626 1195 679 1239 N.
692 1196 732 1238 4.
755 1196 923 1238 Annam
944 1195 1064 1238 lib.7.
1086 1196 1124 1238 9.
1143 1196 1220 1238 etc.
1249 1195 1384 1250 Supra
1400 1195 1538 1239 Duces
1551 1197 1642 1239 erat
1656 1193 1777 1250 Δούξ

288 1252 432 1309 μέγας,
465 1253 514 1296 de
545 1265 625 1308 quo
656 1252 798 1296 eadem
831 1252 955 1295 Anna
985 1265 1081 1308 pag.
1103 1253 1200 1295 209.
1231 1252 1273 1295 et
1303 1252 1392 1295 Nos
1425 1253 1479 1296 ad
1501 1252 1707 1296 Villhard.

54 1326 277 1381 Pag.173.D
428 1321 598 1382 Ταύτην
635 1321 714 1383 τὴν
751 1319 957 1382 ἀνάγκην]
1003 1324 1284 1369 Proverbialis
1327 1325 1522 1379 formula,
1569 1340 1651 1382 qua
1693 1339 1775 1370 non

289 1383 414 1427 semel
443 1383 580 1426 utitur
612 1382 736 1426 Anna
763 1383 836 1426 lib.
863 1383 928 1425 13.
958 1395 1052 1438 pag.
1073 1383 1170 1425 399.
1203 1382 1244 1425 et
1264 1383 1360 1425 402.
1392 1383 1546 1426 nostris
1567 1383 1774 1438 frequens,

283 1440 399 1494 faire
428 1440 479 1483 de
506 1439 702 1483 necessite
721 1443 850 1482 verta.
882 1439 1000 1483 Will.
1025 1439 1174 1495 Tyrius
1205 1439 1280 1482 lib.
1305 1439 1370 1483 10.
1405 1452 1493 1495 cap.
1516 1440 1580 1483 17.
1608 1440 1774 1494 faciens

289 1497 339 1540 de
367 1497 608 1540 necessitate
647 1497 852 1539 virtutem.
915 1496 1136 1539 Albericus
1179 1495 1260 1538 An.
1292 1506 1449 1539 MLXII.
1491 1498 1775 1541 necessitatem

286 1557 449 1597 vertens
476 1554 523 1596 in
551 1553 815 1596 voluntatem.
876 1552 1072 1609 Nangius
1110 1552 1155 1595 111
1192 1552 1303 1596 Phil.
1343 1563 1414 1596 m.
1454 1554 1591 1608 initio,
1624 1555 1675 1598 de
1703 1568 1774 1597 ne-

288 1611 475 1654 cessitate
498 1610 600 1664 fecit
628 1610 836 1653 virtutem.

54 1695 274 1742 Pag.174.A
425 1684 728 1746 Οἶκοδομῆσαι
759 1686 1017 1743 πολίχνιον]
1062 1687 1285 1743 Oppidum,
1326 1701 1397 1732 seu
1428 1687 1622 1732 Castrum
1653 1688 1774 1742 forte,

287 1746 398 1801 quod
429 1741 638 1800 Κιβωτόν
668 1745 830 1798 Graeci,
862 1745 996 1788 nostri
1031 1744 1183 1789 Civitot
1213 1746 1490 1800 appellarunt,
1512 1745 1557 1788 in
1576 1745 1773 1789 Nicome-

286 1803 418 1846 diensi
450 1803 545 1845 sinu
575 1802 894 1846 exaedificatum
931 1803 984 1845 ab
1014 1801 1175 1854 Alexio,
1210 1803 1256 1844 ut
1295 1803 1418 1846 autor
1460 1802 1522 1845 est
1553 1802 1774 1846 Ordericus

286 1859 441 1902 Vitalis
472 1859 545 1902 lib.
566 1860 605 1902 4.
635 1859 708 1914 qui
736 1859 780 1901 id
804 1858 1016 1914 Varangis
1045 1859 1371 1902 inhabitandum
1418 1859 1459 1902 et
1487 1859 1690 1902 tuendum
1721 1860 1774 1902 ab

286 1915 428 1959 eodem
458 1915 654 1971 Augusto
692 1928 932 1959 concessum
962 1916 1124 1958 narrat.
1196 1916 1304 1959 Vide
1333 1916 1468 1959 Notas
1512 1916 1678 1959 nostras
1718 1916 1772 1959 ad

285 1972 492 2072 ἵὲ11113111.
523 1972 576 2015 N.
589 1973 664 2071 589.
697 1973 739 2015 et
769 1973 864 2016 240.
913 1971 1052 2015 Ciboti
1090 1972 1283 2016 meminit
1325 1973 1452 2016 etiam
1493 1972 1772 2029 Pachymeres

302 2029 316 2071 i
348 2030 416 2072 .6.
446 2041 535 2084 cap.
560 2030 585 2071 2
619 2062 628 2072 .
760 2026 767 2034 ⁴

246 2117 274 2155 c
423 2105 647 2164 Θέατρον]
682 2107 912 2150 Theatrum
933 2108 1031 2151 ante
1047 2107 1188 2151 Severi
1204 2107 1394 2163 tempora
1409 2107 1773 2164 Constantinopoli

286 2164 470 2208 extitisse
500 2164 683 2219 produnt
723 2164 879 2219 passim
912 2164 1158 2219 Scriptores.
1214 2165 1414 2208 Eversum
1444 2165 1633 2208 restituit
1662 2165 1773 2208 idem

286 2221 461 2265 Severus
491 2221 738 2276 Byzantinis
782 2221 1089 2274 reconciliatus,
1136 2221 1183 2263 ut
1228 2222 1352 2265 autor
1397 2222 1459 2264 est
1499 2221 1718 2275 Cedrenus,
1750 2235 1771 2265 e

285 2278 452 2333 regione
470 2278 632 2332 Templi
654 2277 838 2331 Veneris,
867 2278 915 2320 ut
941 2278 1003 2321 est
1030 2278 1075 2320 in
1097 2277 1302 2322 Chronico
1323 2278 1630 2322 Alexandrino:
1661 2279 1772 2334 quod

286 2334 452 2389 quidem
470 2334 701 2377 Theatrum
725 2334 831 2377 illud
848 2347 933 2377 esse
950 2334 1108 2389 opinor,
1132 2335 1242 2390 quod
1258 2335 1377 2378 vetus
1395 2335 1520 2379 Urbis
1537 2335 1771 2390 Descriptio

286 2391 437 2434 statuit
466 2390 510 2433 111
540 2392 580 2433 2.
612 2390 810 2446 Regione‚
842 2404 947 2446 quae
984 2391 1098 2434 intra
1125 2391 1278 2434 veteris
1309 2392 1506 2447 Byzantii
1544 2391 1646 2435 fines
1675 2393 1771 2435 fuit.

287 2447 515 2490 Theatrum
546 2446 653 2490 illud
682 2447 835 2490 Minus
876 2449 1143 2503 nuncupatur
1187 2448 1241 2491 ad
1270 2448 1358 2492 eius
1400 2448 1506 2492 forte
1534 2449 1770 2502 discrimen,

287 2503 397 2558 quod
428 2503 568 2546 extitit
599 2504 643 2546 in
676 2504 741 2546 14.
776 2504 973 2560 Regione.
1043 2505 1253 2547 Neutrum
1296 2506 1439 2548 tamen
1485 2506 1563 2549 hoc
1596 2506 1688 2549 loco
1719 2507 1772 2549 ab

288 2561 412 2602 Anna
442 2560 718 2616 intelligitur:
750 2573 848 2603 nam
866 2561 1215 2616 Hippodromum,
1247 2574 1318 2605 seu
1341 2561 1505 2605 Circum
1537 2563 1599 2605 ita
1628 2562 1773 2618 appel-

286 2616 394 2659 lasse
423 2617 599 2672 constat,
631 2617 742 2671 quod
769 2618 810 2660 et
839 2618 1026 2671 Nicetae‚
1058 2618 1258 2661 Marcello
1293 2618 1448 2661 Oomiti
1490 2619 1532 2662 et
1561 2619 1656 2662 aliis
1687 2632 1771 2662 non

287 2672 412 2715 semel
442 2674 591 2726 evenit,
638 2686 761 2728 quem
798 2687 823 2717 a
853 2674 1017 2718 Severo
1047 2674 1305 2728 inchoatum,
1349 2688 1374 2718 a
1405 2674 1680 2719 Constantino
1711 2676 1768 2718 M.

287 2728 570 2771 instauratum
599 2731 642 2772 et
671 2730 907 2773 confectum
946 2731 1120 2774 tradunt
1150 2731 1338 2774 Zosimus
1368 2731 1439 2775 lib.
1468 2733 1507 2776 2.
1545 2732 1702 2788 Glycas
1732 2734 1773 2775 et

289 2784 471 2827 Codinus
503 2786 546 2828 in
577 2786 649 2829 Ori
681 2787 737 2829 in.
763 2786 843 2830 GP.
869 2786 1064 2843 Θέατρον
1091 2790 1172 2831 τοῦ
1200 2785 1503 2844 Ἱπποδρόμου
1534 2789 1640 2832 dixit
1667 2789 1771 2833 Gre-

289 2841 431 2899 gorius
457 2842 500 2884 in
532 2842 621 2885 vita
649 2799 690 2886 ἕ.
723 2843 874 2887 Basilii
904 2845 1086 2888 Iunioris
1117 2845 1172 2888 N.
1198 2846 1262 2889 11.
