1794 3132
243 233 328 276 446
763 241 941 276 OAROLI
969 241 1209 276 DUCANGII

243 358 511 422 Paehymeris
541 357 767 410 adstruere,
798 370 904 424 quae
923 357 1125 401 eiusmodi
1154 357 1275 400 sunt:
1301 352 1347 400 Ὁ
1376 356 1425 400 δὲ
1454 358 1551 407 τοῖς
1581 351 1731 410 ὅρκοις

242 410 473 484 θαρρήσας
500 411 564 465 εἰς
579 413 797 482 Ίέρνοβον
819 411 907 471 ἡκε,
930 413 1002 456 καὶ
1022 407 1103 470 ἤδη
1117 409 1405 470 παρηβηκότα
1421 410 1731 457 υιοποιεῖσθαι

244 471 380 540 ἠξίου.
441 470 515 513 καὶ
544 467 598 530 δὴ
628 470 697 514 ἐπ’
730 465 1009 538 Ἐκκλησιάς
1015 472 1277 540 περιφανῶς
1303 487 1330 513 τ
1379 471 1535 528 Μαρία
1569 469 1735 520 ἐκεῖνος

243 527 553 597 υὶοπεποίητο.
582 523 694 582 μετὰ
715 524 793 584 γὰρ
824 525 903 578 τὰς
931 527 1010 569 τοῦ
1040 523 1192 595 ιερέως
1217 486 1440 593 ἕντευὲεις,
1472 527 1545 569 καὶ
1574 525 1630 569 τὰ
1659 525 1728 569 ἐπ’

244 580 403 636 αὐταῖς
445 586 586 650 φῶτα,
619 584 857 651 διασχοῦσα
887 580 964 626 τὸν
995 581 1245 652 ἐπενδύτην,
1268 600 1414 651 αμφω
1447 580 1627 655 Μιχαὴλ
1660 583 1733 625 καὶ

244 638 611 708 Σφεντισθλὰβον
640 643 746 696 παρ’
771 638 955 708 ἑκατερα
984 642 1074 682 τῶν
1076 635 1224 717 αὐτῆς
1252 635 1452 709 αγκαλιῦν
1481 640 1636 692 ἐτίθει,
1659 639 1731 682 καὶ

246 700 497 743 συνθεσιιῦν
525 698 781 766 γενομένων,
816 692 1035 740 απελύετο
1069 697 1139 740 ἐπ’
1173 694 1297 740 οίκου
1339 694 1435 750 υιὸς
1472 696 1734 764 κεκλημένος

245 758 323 816 τῆς
347 757 436 798 τῶν
465 752 736 811 Βουλγάρων
755 754 1005 820 Δεσποίνης
1033 770 1147 810 μετα
1172 750 1352 813 Μιχαηλ
1382 751 1406 798 ὃ
1427 749 1735 813 Σφεντισθλά-

245 816 338 868 βος.
397 812 517 856 Adde
546 813 769 855 Novellam
800 812 948 855 Leonis
977 813 1045 855 24.

30 879 232 926 Pag.45.13
380 866 466 912 Δια
495 865 547 911 τὸ
583 866 733 928 γῆρας]
783 869 887 912 Erat
932 869 1042 911 enim
1087 868 1348 923 Nicephorus
1385 867 1534 911 effoeta
1580 867 1731 920 aetate,

245 940 338 969 eum
369 926 539 981 Imperii
560 899 844 981 gubernacula
872 925 1108 980 capessivit,
1127 925 1392 980 Mariamque
1412 937 1581 967 uxorem
1599 925 1732 967 duxit.

244 984 420 1027 Ioannes
448 982 676 1026 Cinnamus
707 982 779 1025 lib.
805 984 841 1050 1.
872 982 986 1024 Hist.
1028 982 1078 1025 de
1109 981 1357 1036 Nicephoro,
1405 975 1530 1047 ἀνδρὶ
1574 977 1732 1035 πόρρω

243 1042 320 1099 τῆς
354 1036 520 1105 ἡλικίας
539 1035 710 1106 η’κοντι,
743 1038 816 1080 καὶ
847 1037 923 1081 ἐπὶ
953 1038 1141 1105 δυσμαῖς
1170 1037 1270 1092 βίου
1302 1034 1511 1106 γεγονότι.
1558 1038 1733 1092 Niceph

244 1090 646 1166 Β1γ611Π1η3,ανῂρ
662 1092 842 1146 συνετὸς
869 1094 967 1162 μὲν
977 1092 1033 1138 τὰ
1063 1097 1232 1149 πρῶτα,
1275 1095 1348 1138 καὶ
1379 1110 1646 1145 ικανωτατος
1681 1095 1734 1153 τῆ

245 1153 369 1207 χειρὶ,
401 1149 511 1211 γήρα
539 1151 587 1195 δὲ
617 1145 761 1203 αλλως
788 1151 860 1195 καὶ
889 1147 1034 1221 χρόνῳ
1065 1150 1440 1208 κατειργασμένος.
1477 1153 1518 1195 et
1554 1152 1655 1195 alibi
1685 1152 1735 1193 de

245 1211 401 1262 eodem,
432 1208 726 1290 προσεγγίσέκς
754 1211 835 1252 τοῦ
861 1206 1035 1268 γήραος
1064 1209 1205 1253 Const.
1237 1210 1466 1262 ManasseS,

404 1273 450 1321 ‘O
475 1277 626 1334 γέρων,
660 1273 684 1320 ὁ
716 1269 980 1344 παλαιγενης
1010 1266 1140 1328 οὗτος
1168 1272 1191 1319 ὃ
1225 1272 1494 1344 Νικηφόρος,

413 1336 476 1393 Tr}
490 1335 667 1403 γαμετῇ
696 1335 777 1377 τοῦ
809 1330 989 1393 ΝΙιχαηλ
1021 1329 1242 1390 ζεύγνυται
1271 1330 1393 1390 νόμῳ
1417 1329 1575 1402 γάμου,

409 1390 501 1434 Καὶ
529 1393 665 1434 ταῦτα
691 1390 830 1448 γέρων
858 1392 1056 1449 τρυφερᾷ
1086 1390 1318 1446 πέμπελος
1349 1375 1573 1448 νιεαζούσῃ.

200 1467 234 1502 D
380 1456 619 1503 Συσκιάσαι
657 1454 934 1528 απόρρητον]
986 1459 1321 1515 Theophylaetus
1341 1459 1493 1528 Bulg.
1536 1458 1729 1525 Archiep.

247 1518 380 1583 Epist.
403 1518 472 1560 41.
504 1517 554 1560 de
573 1516 733 1583 Alexio,
763 1514 842 1559 τὸν
869 1515 918 1559 δέ
946 1532 992 1582 γε
1023 1515 1228 1567 Βασιλέα,
1276 1514 1421 1558 καίτοι
1465 1510 1736 1585 στεγαντώτα-

246 1590 324 1617 τον
352 1567 576 1641 &emmona
600 1567 717 1643 ὄντα,
750 1573 820 1616 καὶ
851 1590 901 1616 ου
922 1570 1073 1630 ράδιον
1093 1569 1261 1616 διδόναι
1285 1568 1630 1628 ψευδολογίας,τ
1615 1587 1736 1626 ομως

246 1627 616 1698 κατεμοίλθοιζενζ
593 1646 616 1673 ο
635 1627 945 1701 παμπόνηρος
966 1630 1168 1674 Nicetas
1157 1644 1202 1672 1n
1217 1630 1374 1673 Ioanne
1392 1629 1507 1673 Com.
1524 1629 1575 1672 de
1595 1629 1738 1671 eodem

245 1688 406 1740 Alexio,
431 1704 487 1757 ην
512 1684 594 1758 γὰρ
625 1703 666 1730 ει
695 1687 768 1730 καί
793 1703 860 1739 τις
889 1681 1022 1738 αλλος
1050 1683 1074 1729 ὁ
1107 1681 1212 1743 ἆνήρ
1243 1677 1373 1737 οὗτος
1393 1685 1636 1754 κρυψίνους
1662 1684 1735 1727 καὶ

246 1741 392 1812 σοφὸν
419 1741 667 1814 ἡγουμενος
685 1738 755 1788 ἀεὶ
786 1742 839 1787 τὸ
870 1743 1105 1812 περίεργον
1134 1741 1244 1800 μηδὲ
1273 1759 1328 1785 τα
1361 1741 1507 1786 πολλὰ
1542 1741 1737 1798 εξαγγελ-

246 1798 368 1852 τικδς
397 1803 476 1844 τοῦ
507 1799 720 1867 ποιητέου
747 1799 1038 1857 δεικνύμενος.
1110 1801 1223 1844 Hinc
1266 1800 1475 1844 obiectum
1518 1800 1571 1843 ab
1612 1812 1738 1842 uxole

246 1859 392 1902 Alexio
421 1859 466 1901 in
497 1858 692 1903 extremis
723 1859 867 1929 agenti
909 1858 1020 1925 apud
1051 1858 1253 1910 eumdem,
1300 1848 1335 1899 ὦ
1383 1849 1498 1913 ἔένερ,
1545 1855 1618 1898 καὶ
1655 1855 1738 1910 ζῶν

246 1915 506 1970 μεθοδείαις
523 1914 755 1966 παντοίαις
771 1914 964 1966 ἕκὲκασο,
982 1909 1282 1985 ανξίφθογγον
1296 1930 1374 1981 την
1387 1914 1583 1984 γλῶτταν
1600 1912 1715 1954 πλοι
1710 1930 1738 1943 -

246 1974 335 2015 τῶν
364 1974 461 2024 τοῖς
475 1984 701 2040 νοημασι
737 1972 810 2015 καὶ
842 1974 916 2015 νῦν
955 1970 1003 2014 δὲ
1041 1966 1242 2022 ὃσαυτως
1272 1986 1351 2014 του
1382 1970 1483 2026 βίου
1513 1965 1735 2012 απαλλατ-

246 2025 432 2084 τόμενος
460 2023 793 2085 ἀμεταπτώτως
820 2026 934 2083 ἔχεις
963 2021 1034 2079 οἷς
1063 2043 1135 2070 και
1165 2024 1318 2084 πρώην
1348 2027 1627 2083 προσέκεισο.

34 2102 191 2149 Pag.47
204 2104 235 2139 Β
382 2083 598 2156 Κυζίκου]
632 2086 840 2142 Cyzicum,
871 2087 1016 2129 urbem
1049 2086 1102 2129 ad
1127 2085 1439 2140 Propontidem,
1470 2085 1514 2128 in
1536 2083 1737 2127 Themate

247 2144 327 2186 τοῦ
355 2138 567 2198 Ὀψικιόυ,
606 2143 947 2199 expugnaverant
985 2143 1109 2186 antea
1146 2142 1351 2198 Agareni,
1387 2141 1620 2197 imperante
1658 2139 1737 2183 Co-

247 2213 461 2266 pronymo,
491 2202 540 2244 ut
568 2201 692 2243 autor
725 2202 788 2243 est
819 2200 1040 2243 Cedrenus.

35 2274 123 2321 Pag.
134 2276 191 2311 49
203 2276 234 2311 D
371 2250 496 2300 ’Ἐστι
525 2253 605 2327 γὰρ
634 2253 734 2313 μὲν]
765 2256 1018 2324 Theophilus
1044 2255 1295 2298 Antecessor
1322 2254 1394 2298 lib.
1415 2255 1451 2297 1.
1482 2254 1550 2296 tit.
1573 2252 1612 2297 8.
1644 2253 1682 2307 ξ.
1698 2254 1737 2295 2.

248 2309 381 2371 φύσει
410 2329 490 2370 γαρ
525 2310 548 2356 ὁ
578 2313 738 2364 δοῦλος
764 2330 843 2356 του
872 2308 1095 2355 δεσπότου
1125 2311 1354 2366 πολέμιος.
1414 2311 1582 2353 Tritum
1618 2310 1738 2361 illud,

247 2370 382 2414 Nulla
426 2372 564 2425 pestis
608 2371 833 2425 efficacior,
876 2383 1003 2425 quam
1049 2369 1289 2423 familiaris
1342 2368 1552 2411 inimicus.
1617 2367 1736 2411 Will.

248 2427 367 2470 Brito
399 2427 470 2471 lib.
494 2429 533 2471 8.
563 2428 745 2482 Philipp.

450 2484 580 2528 Peior
609 2485 719 2527 enim
747 2484 896 2539 quavis
923 2486 983 2526 est
1002 2485 1123 2537 peste
1154 2481 1403 2525 domesticus
1435 2480 1579 2533 hostie,

450 2541 685 2596 Praecipue
714 2542 786 2596 qui
816 2540 925 2584 colla
945 2540 1108 2594 premit
1128 2539 1239 2594 pede
1271 2538 1406 2581 libera
1432 2551 1562 2581 servo.

251 2609 551 2652 Constantinus
580 2610 807 2662 Manasses,

371 2668 498 2740 ζἈλΓ
532 2669 620 2732 ἄρα
650 2671 1014 2743 δυσποτμότερον
1048 2671 1175 2719 ουδέν
1200 2674 1317 2718 ἐστιν
1344 2668 1593 2741 ἀνθρώπου

372 2724 503 2785 onr
507 2749 580 2783 τος
608 2748 718 2784 τους
741 2732 1055 2788 ἕχθραίνοντας
1085 2730 1276 2783 οἰκείους
1305 2724 1632 2786 ταῦτοστέγους.

249 2800 471 2854 Theganus
501 2801 551 2843 de
572 2800 686 2844 Gest.
712 2801 814 2844 Lud.
840 2801 908 2844 Pii
940 2814 1028 2856 cap.
1042 2802 1078 2844 1.
1107 2800 1378 2854 Summopere
1405 2798 1634 2843 cavendum
1662 2799 1735 2848 est,

247 2871 300 2900 ne
331 2857 515 2911 amplius
540 2857 630 2911 fiat,
661 2861 707 2901 ut
735 2859 845 2902 servi
865 2858 954 2901 sint
982 2858 1234 2913 consiliarii,
1262 2858 1363 2912 quia
1387 2857 1426 2899 si
1452 2858 1641 2911 possunt,
1662 2854 1738 2897 hoc
