1806 3132
511 244 567 278 m
593 243 881 278 ALEXIADEM
909 244 1071 279 NOTAE
1444 238 1527 280 703

157 371 225 402 me
253 357 401 402 contra
444 357 608 414 generis
638 355 891 412 dignitatem
926 357 1113 400 habitam
1152 359 1195 401 et
1223 358 1432 412 offensam,
1462 373 1529 404 so-

68 416 142 459 uto
171 414 455 464 matrimonio,
483 414 528 457 in
559 413 858 457 Monasterium
890 414 1135 457 concessisse
1165 415 1320 458 scribit.

184 481 361 538 Μαρία]
393 481 510 536 Quae
540 481 744 536 Gregorio
774 480 939 524 Gabrae
981 484 1104 536 pacta
1131 483 1172 524 et
1196 482 1407 538 desponsa,
1439 484 1568 527 eiu-B

50 541 146 584 rata
221 539 434 583 stmodum
470 538 692 590 affinitate,
723 537 1005 593 Nicephorum
1049 537 1310 582 Constantini
1340 540 1528 595 Euphor—

50 596 147 640 beni
197 596 431 640 atacalonis
460 595 609 646 filium,
630 594 1010 638 Sebastocratorem
1041 607 1066 637 a
1097 607 1236 638 socero
1262 596 1528 651 appellatum,

51 653 184 706 duxit,
214 654 264 696 ut
292 654 417 696 autor
446 653 509 695 ost
544 651 741 695 Zonaras.
801 651 861 693 Ex
892 651 957 693 his
987 651 1146 705 nuptiis
1175 652 1263 694 nati
1292 652 1461 695 Alexius
1489 655 1530 695 et

53 709 331 762 Andronicus,
364 708 437 765 qni
465 708 545 751 filii
580 709 659 764 τῆς
696 703 1122 766 Πορφυρογεννήτου
1154 706 1341 761 Μαρίας,
1387 710 1531 751 Annae

51 761 338 843 αὗταόέλφης,
372 765 572 808 dicuntur
594 765 639 807 in
670 764 876 807 sententia
910 764 1179 818 depositionis
1218 763 1388 808 Cosmae
1415 765 1530 808 Patr.

53 823 135 867 ΟΡ.
156 824 209 867 Α.
231 823 306 867 ch.
324 832 524 866 MCXLIV.
556 821 668 876 apud
696 820 906 864 Allatium
931 821 982 863 de
1012 821 1122 863 Eccl.
1141 820 1280 863 Occid.
1313 821 1355 864 et
1375 821 1530 864 Orient.

53 893 165 936 perp.
196 892 381 924 consens.
409 879 483 923 lib.
503 879 544 920 2.
579 891 668 932 cap.
694 878 758 920 12.

183 945 231 993 ‘O
257 949 336 1007 τῆς
364 945 600 997 Βασιλείας
628 941 850 1000 διάδοχος]
882 945 987 988 Vide
1008 945 1213 988 Zonaram
1242 945 1284 987 in
1314 945 1460 988 Alexio
1490 946 1532 988 et
1543 951 1763 998 Pag.5os.A

53 1006 250 1050 Nicetam
274 1005 319 1048 in
348 1006 516 1049 Ioanne.

184 1069 397 1130 Ἶμάτιον]
428 1071 612 1116 Codinus
637 1071 687 1114 de
717 1070 797 1114 Off.
827 1070 962 1113 Aulae
993 1069 1072 1113 GP.
1104 1082 1192 1124 cap.
1217 1070 1281 1112 17.
1310 1070 1363 1112 N.
1385 1071 1451 1112 26.
1482 1069 1531 1112 de
1542 1076 1757 1124 Pag.5o5.c

55 1131 344 1188 Imperatrice:
389 1126 444 1173 El
473 1127 523 1171 δὲ
549 1124 672 1182 τύχοι
699 1118 810 1170 οὖσα
841 1123 963 1185 χήρα,
1009 1125 1060 1168 τὸ
1089 1125 1168 1180 μὲν
1194 1124 1322 1180 βαΐον
1351 1125 1531 1180 κατέχει,

55 1190 127 1232 καὶ
157 1185 363 1244 ἱσταμένη
406 1185 480 1229 καὶ
508 1183 756 1242 καθημένη·
807 1186 942 1241 φορεῖ
970 1182 1018 1226 δὲ
1049 1180 1211 1236 ἔνδυμα
1237 1181 1381 1237 μέλαν,
1410 1178 1532 1237 λεγό-

53 1262 187 1301 μενον
215 1241 390 1300 ἱμάτιον
419 1242 492 1286 καὶ
516 1238 707 1297 μανδύαν
736 1234 850 1294 (ἷξόν.
894 1241 968 1282 Est
998 1240 1130 1295 igitur
1162 1235 1335 1293 ἱμάτιον
1365 1238 1531 1294 propria

58 1303 350 1360 Augustarum
381 1300 603 1344 viduarum
634 1299 775 1341 vestis.
1189 1339 1194 1345 ,

196 1366 286 1429 Τὴν
311 1364 433 1424 ἱερὰν
462 1363 629 1424 ψυχήν]
661 1366 847 1408 Excessit
875 1378 897 1408 e
926 1364 1033 1407 vivis
1052 1364 1224 1407 Alexius
1251 1364 1328 1407 sub
1358 1363 1575 1414 noctem,D

60 1428 125 1470 18.
146 1427 245 1493 Kal.
277 1426 391 1492 Sept.
435 1437 518 1480 quo
547 1423 614 1467 die
643 1422 893 1487 celebratur·
914 1422 967 1464 ab
996 1421 1181 1464 Ecclesia
1219 1420 1422 1474 Deiparae
1452 1419 1534 1467 As<

58 1479 790 1601 ‘iitsspsssskffiffii'i'ffl‘ssffifflfi
809 1476 1536 1587 fflffisssssssstffifflgssz

59 1610 219 1640 menses
243 1598 284 1640 4.
329 1595 417 1639 dies
448 1595 514 1638 15.
587 1593 709 1636 Ilhus
763 1604 909 1646 corpus
951 1591 1172 1633 humatum
1206 1589 1250 1631 in
1285 1587 1537 1632 Monasterio

59 1653 171 1709 quod
214 1652 511 1697 aedificaverat
555 1651 597 1693 et
627 1649 793 1692 Christo
841 1647 904 1704 τῷ
938 1641 1252 1700 Φιλανθρώπῳ
1290 1644 1537 1688 sacraverat.

59 1711 176 1753 Haec
205 1710 330 1753 Anna
360 1709 462 1761 filia,
496 1708 691 1760 Zonaras
733 1703 897 1760 Glycas‚
927 1703 1098 1746 Nicetas
1141 1702 1185 1744 in
1215 1702 1381 1752 Ioanne,
1416 1699 1538 1743 Codi-

59 1780 138 1809 nus
163 1766 214 1810 de
242 1766 359 1822 Orig.
387 1765 470 1809 ΟΡ.
501 1776 596 1819 pag.
619 1763 686 1804 79.
732 1761 842 1803 Edit.
875 1761 976 1813 Reg.
1008 1759 1146 1801 Ducas
1190 1770 1278 1812 cap.
1309 1758 1343 1800 1.
1388 1757 1538 1799 Petrus

60 1823 179 1866 Diac.
208 1823 281 1866 lib.
297 1823 338 1865 4.
370 1821 521 1865 Chron.
552 1819 644 1863 CaS.
674 1817 791 1860 Will.
825 1817 974 1872 Tyrius
1005 1815 1077 1858 lib.
1102 1816 1165 1857 12.
1197 1827 1286 1868 cap.
1306 1814 1345 1855 4.
1377 1813 1537 1855 Hister.

61 1880 223 1923 Hieros.
242 1881 268 1922 2
288 1880 398 1934 part.
427 1878 479 1920 A.
501 1885 688 1920 MCXVII.
710 1873 860 1917 Chron.
881 1872 1070 1915 Malleac.
1093 1872 1144 1914 A.
1162 1879 1364 1913 mcxvm.
1388 1867 1536 1923 Aegid.

59 1936 111 1979 de
139 1937 259 1992 Roya
288 1936 341 1978 A.
361 1944 551 1978 MCXVII.
610 1931 747 1974 Alexii
775 1930 1037 1984 sepulchrum
1067 1927 1296 1970 etiamnum
1327 1926 1464 1968 extare
1493 1924 1536 1965 in

63 1993 235 2048 Templo
280 1994 359 2049 τῆς
387 1987 787 2044 Παμμακαρίστου,
832 1985 941 2041 quod
971 1983 1092 2027 hodie
1119 1981 1435 2026 Patriarchium
1466 1992 1538 2022 vo·

62 2050 173 2103 cant,
205 2050 330 2092 autor
358 2049 422 2092 est
449 2047 576 2090 Mart.
606 2044 775 2088 Crusius
803 2043 848 2085 in
878 2042 1077 2095 Turcogr.
1108 2052 1203 2094 pag.
1227 2039 1324 2081 189.
