1794 3132
497 229 551 264 m
574 226 863 262 namnam
892 226 1055 262 NOTAE
1436 218 1519 265 497

35 345 99 389 De
106 342 346 400 Epidamni,
363 354 435 386 seu
443 340 669 397 Dyrrachii
684 340 865 393 nomine,
882 339 1045 395 origine
1059 341 1101 383 et
1114 340 1199 383 situ
1214 341 1393 385 adeundi
1408 356 1524 398 prae-

35 403 150 445 terea
161 398 425 456 Thucydides
438 397 512 441 lib.
531 398 569 440 1.
591 397 773 453 Appian.
790 397 864 440 lib.
881 399 920 440 2.
943 397 994 440 de
1010 397 1129 439 Bello
1146 397 1273 450 civili,
1285 398 1525 454 Xiphilinus

34 459 79 501 in
100 456 315 512 Pompeio,
343 455 457 499 Mela
486 467 576 510 cap.
598 455 637 498 3.
669 453 891 497 Constant.
920 453 972 496 de
991 453 1182 496 Themat.
1211 454 1285 497 lib.
1304 456 1344 498 2.
1376 468 1465 511 cap.
1484 458 1524 501 9.

36 515 156 559 will.
177 514 277 570 Tyr.
301 512 375 556 lib.
397 512 437 555 2.
469 523 559 566 cap.
580 511 620 554 4.
649 511 727 554 ete.
768 510 877 554 Vide
905 509 1019 553 infra
1048 522 1144 566 pag.
1166 511 1263 553 370.
1296 512 1392 555 384.

258 682 324 727 IN
363 680 588 726 LIBRUM
622 680 697 724 IV.
764 678 1078 723 ALEXIADIS
1108 678 1315 724 NOTAE.

172 802 439 852 ’IOYNIOY
462 800 625 862 μηνός]
676 804 899 848 Ordericus
932 804 1004 848 lib.
1022 804 1061 847 7.
1112 803 1279 848 Dei-nde
1309 808 1529 860 prosperis
1540 815 1766 861 Pag.102.A

35 866 171 910 ventis
201 863 495 919 aspirantibus
527 877 613 917 per
642 875 761 905 mare
779 860 974 916 Dyraoio
1000 861 1210 915 applicuit
1242 865 1281 904 et
1300 863 1529 916 oppidanis

36 923 221 967 viriliter
251 920 515 965 obstantibus
542 921 591 962 in
617 919 705 973 fine
726 919 884 961 mmsis
902 917 1022 960 Iunii
1039 918 1183 961 urbem
1202 918 1374 962 obsedit.
1412 919 1530 963 Ano—

39 993 190 1036 nymus
221 977 421 1022 Barensis
450 977 533 1019 An.
563 985 770 1019 MLXXXI.
810 974 865 1017 In
894 988 1033 1017 mense
1060 974 1180 1017 Iunii
1202 977 1393 1029 pervenit
1418 975 1530 1031 (Dux

39 1034 266 1091 Robertus)
301 1048 388 1089 per
429 1047 550 1077 mare
591 1037 630 1076 et
659 1037 778 1076 terra
812 1045 939 1085 super
965 1030 1186 1074 Duraehio
1230 1036 1269 1075 et
1298 1034 1531 1088 eonyiravit

39 1108 132 1137 eam
157 1107 237 1147 per
262 1105 382 1135 mare
411 1094 450 1134 et
491 1104 574 1144 per
611 1093 773 1133 terram
820 1089 1112 1144 puyvmvitque
1157 1102 1207 1132 ea
1252 1103 1346 1132 eum
1387 1089 1532 1132 multis

41 1149 265 1195 machinis,
322 1147 481 1191 Incidit
510 1159 608 1190 vero
636 1145 820 1190 Indictio
850 1145 890 1188 4.
920 1145 964 1187 in
994 1146 1076 1188 An.
1109 1144 1181 1189 Ch.
1213 1156 1418 1189 MLXXXI.

173 1216 261 1259 Διά
289 1210 585 1271 γραμμάτων]
617 1213 855 1257 Gaufredus
875 1212 1106 1255 Malaterra
1132 1211 1205 1255 lib.
1224 1213 1263 1256 3.
1295 1225 1383 1266 cap.
1404 1213 1472 1254 25.
1542 1216 1772 1263 Pag.103.B

244 1271 659 1326 Constantinopolim
690 1269 868 1313 Cartala
899 1270 1093 1321 mittitur,

241 1330 399 1374 Hostes
424 1329 474 1372 in
493 1327 662 1383 praelio
692 1326 844 1380 adfore
870 1326 1040 1369 dieitur.

242 1385 452 1441 Ereptum
479 1385 653 1428 veniant
680 1397 776 1427 cum
796 1383 941 1438 pretio
971 1383 1204 1438 quaeritur,

242 1443 311 1487 Ne
333 1442 574 1486 subdantur
599 1440 797 1485 hostibus.

171 1508 482 1567 εΥπερμεεγεέθη
510 1505 708 1566 μόσυνα]
752 1508 882 1552 Guill.
913 1507 1178 1563 Apuliensis:
1545 1514 1571 1548 C

249 1568 510 1624 Omna-qnare
527 1567 666 1611 modis
684 1565 791 1610 Dux
809 1565 965 1608 nititur
982 1564 1175 1607 omnibus
1192 1563 1347 1615 urbem,

246 1625 387 1680 Atque
416 1625 557 1679 operis
586 1624 689 1666 miri
711 1622 955 1677 fabricatur
983 1621 1126 1676 lignea
1152 1621 1311 1673 turris;

244 1682 373 1726 Hanc
391 1695 521 1736 super
541 1684 602 1724 est
619 1681 771 1736 inyens
790 1682 928 1722 erecta
951 1678 1161 1733 petraria,
1181 1690 1360 1732 maqnos

242 1738 482 1782 Proiieiens
509 1738 660 1789 iaetus,
690 1740 737 1779 ut
766 1736 932 1779 moenia
961 1735 1108 1778 diruat
1134 1734 1265 1777 urbis.

174 1803 223 1851 ‘0
250 1805 300 1849 δέ
328 1806 491 1864 φησιν]
522 1806 639 1848 Idem
671 1804 832 1847 Poeta:
1545 1805 1777 1851 Pag.104.A

246 1863 430 1919 Legatos
458 1863 645 1914 mittunt,
674 1875 751 1904 cur
780 1859 940 1903 venerit
966 1860 1067 1913 ipse,
1096 1858 1330 1912 requimnt.

247 1920 354 1964 Dua:
380 1920 541 1964 venisse
569 1919 700 1973 refert
727 1931 782 1970 se,
813 1917 939 1972 reyni
965 1916 1061 1958 sede
1084 1914 1278 1969 repulsus

248 1977 465 2021 Immerito
492 1975 685 2019 Michael
716 1978 764 2017 ut
790 1974 1041 2016 restituatur
1071 1972 1233 2014 honori.

249 2034 329 2078 Illi
348 2034 609 2089 promittunt
640 2032 760 2075 urbis
788 2044 891 2085 quos
919 2030 1009 2083 ipse
1027 2029 1197 2082 petebat

249 2091 490 2146 Inyressus,
519 2103 737 2144 nunquam
762 2089 851 2130 viso
879 2085 1093 2129 Michaele
1122 2084 1350 2139 neyandos.

251 2146 525 2192 Cornicinum
541 2148 683 2190 sonitu
703 2143 989 2197 circumdatus
1010 2146 1132 2197 atque
1151 2141 1346 2184 tubarum

249 2204 311 2248 Et
334 2205 525 2259 plectris,
554 2204 626 2259 qui
652 2217 698 2246 se
726 2200 981 2244 Michaelem
1004 2199 1190 2252 finxerat
1221 2211 1317 2247 esse,

250 2261 378 2305 More
409 2265 635 2305 coronatus
663 2259 885 2303 deducitur
910 2255 1136 2310 Imperiali

253 2318 607 2362 Gireumvallatus
635 2314 905 2360 cantantibus
932 2313 1117 2366 undique
1150 2311 1296 2353 turbis.

258 2375 463 2421 Unanimi
490 2375 610 2426 cives,
640 2374 751 2416 hune
778 2375 825 2414 ut
852 2370 1004 2422 videre,
1037 2368 1239 2412 caehinno

258 2433 405 2476 Visum
433 2432 638 2483 derident,
670 2430 864 2479 dicentes,
894 2427 986 2480 ipse
1010 2425 1167 2468 solebat

255 2489 458 2534 Crateras
484 2489 641 2532 mensis
664 2486 814 2541 plenos
843 2484 1004 2537 deterre
1034 2481 1166 2537 lyaeo,

251 2547 312 2590 Et
340 2547 392 2590 de
419 2545 647 2589 Pinoewnis
678 2546 769 2586 erat
797 2538 1070 2594 inferioribus
1098 2550 1218 2580 unus.

183 2610 529 2670 Συμπένθερον]
589 2610 771 2655 Michael
820 2609 956 2650 Ducas
998 2607 1104 2660 Imp.
1146 2604 1302 2647 dicitur
1344 2612 1575 2647 consoeerc

49 2673 226 2716 Roberti
267 2671 437 2727 propter
466 2669 636 2724 nuptias
666 2667 794 2709 initas
824 2665 935 2707 inter
974 2663 1193 2716 utriusque
1227 2660 1392 2710 liberoS,
1430 2671 1536 2713 quae

50 2730 116 2773 vis
144 2730 209 2772 est
237 2728 352 2771 vocis
381 2726 708 2781 συμπένθερος.
765 2721 871 2765 Vide
899 2732 1025 2774 supra
1054 2731 1150 2773 pag.
1171 2718 1239 2759 28.
1261 2717 1329 2759 52.
1390 2714 1536 2758 Caete-

51 2799 144 2829 rum
177 2784 516 2840 quandoquidem
545 2782 665 2826 erant
710 2792 793 2822 non
835 2776 958 2832 pauci
1002 2776 1073 2830 qui
1120 2787 1200 2816 non
1246 2773 1422 2824 larvam,
1467 2770 1535 2813 sed

51 2842 281 2899 genuinum
310 2840 558 2884 michaelem
588 2850 677 2882 esse
709 2833 1006 2879 existimabant
1049 2832 1091 2873 et
1129 2829 1411 2881 affirmabant,
1450 2828 1539 2869 iure

125 2926 244 2963 Anna
265 2925 463 2963 Comma.
512 2924 569 2961 H.
1222 2916 1269 2950 32
