1734 3120
217 172 293 212 168
717 174 882 209 ANNAE
912 173 1178 209 COMNENAE

173 292 399 350 Οτοξότας
430 291 635 351 ἐφίστησι
664 288 773 335 κατὰ
793 293 882 334 τῶν
902 292 1185 346 Χριστιανῶν
1215 287 1358 334 ὅπλον
1381 293 1610 345 κινοῦντας
1627 293 1702 337 καὶ

211 360 344 418 τόξον
377 362 654 413 ἐντείνοντας.
727 360 798 403 καὶ
839 358 908 418 ἐφ’
954 355 1139 403 ἑκάστου
1180 355 1313 416 λόγου
1352 356 1560 405 τοιούτου
1589 358 1700 405 ὑπε-

60 440 102 477 V.
129 442 195 476 291
212 432 354 476 δείκνυ
385 427 488 482 τοὺς
503 426 681 482 Σκύθας
707 428 897 480 ἐκείνους
915 428 979 485 τῷ
1010 423 1144 486 πάπᾳ
1164 430 1392 481 σκυθικῶς
1411 428 1701 486 ἐσταλμένους

210 499 282 543 καὶ
302 496 411 542 κατὰ
439 495 490 542 τό
521 494 688 549 εἰωθός
713 493 829 552 πρὸς
860 492 911 539 τὸ
942 492 1330 552 βαρβαρικώτερον
1360 496 1700 552 ἀποβλέποντας

210 567 281 611 καὶ
310 563 494 619 τούτους
523 563 632 609 κατὰ
659 564 710 608 τὸ
745 563 858 617 ἔθος
887 566 978 607 τῶν
1005 563 1217 607 Λατίνων
1247 561 1476 622 παγάνους
1503 559 1594 609 ἶίνω
1625 567 1698 611 καὶ
1713 576 1734 610 5

210 633 329 679 κάτω
350 631 651 692 προσηγόρευε
672 629 1054 689 καταμωκώμενος
1069 633 1141 677 καὶ
1157 626 1354 690 τοῖ’)’νομα
1376 634 1449 678 καὶ
1464 631 1516 678 τὸ
1541 638 1698 693 σχῆμα.

209 700 470 760 πανούργως
499 703 558 756 δέ,
589 698 649 755 ῶς
680 700 810 754 ἔοικε,
842 698 894 746 τὸ
923 703 1103 758 πρᾶγμα
1122 702 1446 758 μετεχειρίζετο
1473 705 1559 747 τοῦ
1587 701 1700 748 κατὰ

211 775 490 828 Χριστιανῶν
518 772 727 827 πολέμου,
762 771 833 814 ἵνα
863 771 915 831 δὴ
948 772 1022 815 καὶ
1050 765 1357 832 ἀρχιερατικὴν
1385 771 1561 832 γνώμην
1588 791 1699 832 συμ-

209 841 415 894 πείσειεν,
448 837 509 892 ῶς
539 834 730 896 εὗλόγως
758 833 843 896 ὄῖρα
882 837 992 884 κατὰ
1019 842 1097 898 τῆς
1135 842 1224 883 τῶν
1261 837 1490 897 Ῥωμαίων
1530 840 1700 899 ἔχθρας

208 907 418 965 κεκίνητο,
453 907 497 951 ἐν
525 902 670 966 ταῦτῷ
699 905 1050 966 μνηστευόμενος
1075 909 1147 952 καὶ
1188 909 1372 952 πολλῶν
1408 904 1581 966 ἀνδρῶν
1620 906 1730 955 oni-1

206 972 399 1031 τόματον
426 972 640 1033 συλλογὴν
666 970 987 1033 α’γροικοτέρων
1023 976 1097 1019 καὶ
1134 971 1348 1036 ἀνοήτων.
1417 977 1485 1030 τίς
1524 975 1604 1035 γὰρ
1645 975 1698 1022 ἂν

164 1039 305 1098 Βοῦχὶ
336 1045 425 1087 τῶν
454 1038 589 1101 α’γχοῦ
620 1044 690 1087 καὶ
716 1041 883 1101 ’πόρρω
923 1041 1163 1102 βαρβάρων
1201 1040 1452 1102 αὖτόμολος
1490 1037 1593 1106 ἧκεν
1633 1046 1698 1101 εἷς

208 1112 285 1157 τὸν
310 1114 414 1156 καθ’
442 1109 565 1170 ἡμῶν
592 1109 792 1169 πόλεμον
835 1107 1143 1171 ἀρχιερατικῆς
1170 1110 1344 1172 γνώμης
1369 1113 1699 1175 ἐπιτρεπούσης

207 1182 280 1225 καὶ
321 1182 400 1224 τοῦ
444 1180 709 1239 φαινομένου
741 1176 927 1239 εὐλόγου
967 1184 1115 1227 πᾶσαν
1142 1183 1290 1226 ἵππον
1328 1183 1402 1228 καὶ
1447 1177 1586 1241 ἄνδρα
1625 1186 1697 1229 καὶ

207 1252 331 1305 χεῖρα
360 1246 678 1306 στρατιωτικήν
708 1250 1036 1306 ἐξοπλίζοντος;
1081 1254 1178 1304 τοῖς
1217 1248 1379 1296 τούτου
1425 1246 1573 1310 λόγοις
1619 1245 1730 1298 οῧνι

58 1322 97 1359 Ρ.
124 1325 194 1359 368
207 1318 467 1370 συνελαθεὶς
493 1314 517 1362 ὁ
550 1315 709 1371 πάπας
738 1319 810 1362 καὶ
841 1316 1211 1380 ὁμογνωμονήσας
1239 1315 1361 1380 αὐτῷ
1389 1318 1472 1380 τήν
1506 1319 1624 1378 πρὸς
1643 1321 1695 1367 τό

205 1383 439 1442 Ἰλλυρικὸν
469 1385 690 1443 ἐπέτρεψε
709 1387 1037 1445 ὁιαπεραίωσιν.
1089 1388 1321 1433 ἐπανιτέον
1348 1390 1397 1434 δὲ
1423 1381 1560 1443 αὖθις
1579 1389 1697 1447 πρὸς

203 1453 254 1498 τὸ
288 1454 592 1511 προκείμενον.
651 1452 953 1512 ἐκθυμότερον
978 1457 1058 1514 μὲν
1086 1449 1164 1502 οὖν
1195 1456 1236 1502 οὶ
1277 1454 1525 1519 ἤπειρῶται
1564 1476 1697 1517 στρα-

203 1524 357 1566 τιῶται
386 1524 464 1581 τῆς
492 1519 635 1580 μάχης
674 1518 948 1579 ἀπείχοντο·
989 1523 1100 1578 τούς
1141 1526 1191 1570 δέ
1231 1543 1278 1584 γε
1305 1525 1494 1581 λοιπούς
1534 1525 1587 1572 τό
1619 1532 1697 1588 τῆς

205 1587 427 1648 θαλάττης
455 1587 616 1648 ῥόθιον
644 1587 900 1647 ὑπεδέξατο.
959 1589 1203 1639 κάντεῦθεν
1229 1592 1441 1652 λαμπρὰν
1470 1593 1511 1640 οἳ
1530 1597 1697 1642 Κελτοὶ
1708 1609 1734 1643 21

204 1653 323 1713 εἶχον
352 1657 414 1711 εἰς
442 1662 590 1715 χεῖρας
624 1659 766 1718 νίκην·
810 1659 851 1704 οἱ
882 1662 930 1706 δέ
956 1679 1002 1719 γε
1033 1660 1329 1721 γενναιότεροι
1358 1667 1448 1708 τῶν
1477 1681 1695 1721 στρατιω-

203 1729 293 1770 τῶν
321 1727 393 1771 καὶ
420 1728 586 1783 μᾶλλον
613 1724 653 1772 οἳ
675 1731 753 1789 τῆς
771 1730 974 1786 μείζονος
1001 1729 1144 1790 τύχης,
1176 1723 1238 1776 ῶν
1259 1733 1463 1793 φέριστοι
1496 1732 1693 1794 [μᾶλλον]

336 1871 373 1906 4.
401 1867 649 1917 βαρβαρικώτε
674 1885 717 1909 ον
740 1872 783 1918 F,
810 1872 1039 1920 βαρβαρικὸν
1063 1874 1104 1911 Ρ.
1137 1881 1139 1883 ’
1206 1877 1262 1911 17.
1292 1870 1401 1917 αὖθις
1423 1875 1490 1913 τὸν
1514 1873 1628 1923 λόγον
1652 1877 1694 1913 F.

336 1917 622 2003 Ξεξέᾙῗετίιεδέχετο
649 1886 687 1957 ὅ.
836 1923 892 1959 21.
920 1923 1022 1971 εἶχον
1046 1923 1119 1971 FC,
1146 1925 1259 1972 εῗχων
1283 1925 1324 1962 Ρ.
1471 1926 1527 1962 22.
1552 1927 1696 1974 μᾶλλον

202 2110 372 2146 barbaris
400 2114 511 2157 atque
535 2112 761 2150 immanibus
787 2117 997 2162 sagittariis
1022 2119 1080 2155 uti
1103 2119 1352 2165 equestribus,
1379 2119 1446 2166 qui
1473 2119 1514 2155 in
1539 2119 1693 2156 Christi-

203 2171 291 2195 anos
317 2171 420 2195 arma
452 2165 642 2197 moverent
669 2175 867 2210 arcumque
902 2166 1152 2203 intenderent.
1203 2168 1257 2203 sic
1291 2168 1330 2203 in
1358 2168 1531 2204 omnibus
1557 2181 1692 2205 sermo-

202 2208 310 2242 nibus
335 2206 488 2255 Scythas
514 2209 596 2245 illos
619 2223 737 2257 papae
765 2213 936 2249 exhibuit
966 2216 1129 2261 scythice
1162 2219 1328 2252 armatos
1352 2219 1402 2260 et,
1429 2220 1473 2252 ut
1497 2229 1692 2254 consueve-

204 2259 304 2297 runt,
329 2256 567 2293 barbaricum
585 2259 691 2295 valde
708 2263 854 2297 tuentes
877 2274 1011 2309 eosque
1029 2263 1254 2300 Latinorum
1275 2277 1381 2301 more
1401 2278 1566 2313 paganos
1594 2267 1691 2302 voci-

204 2304 308 2339 tabat
322 2317 456 2341 nomen
474 2306 719 2353 habitumque
736 2310 909 2347 irridens.
933 2311 1075 2348 nefarie
1093 2325 1180 2349 vero
1194 2313 1257 2349 ille
1265 2314 1425 2360 parabat
1437 2317 1539 2350 certe
1552 2315 1691 2350 bellum

205 2352 377 2388 adversus
393 2353 634 2400 Christianos,
652 2360 694 2392 ut
710 2358 880 2403 pontifici
899 2372 1046 2406 quoque
1065 2362 1309 2408 persuaderet
1327 2374 1472 2398 summo
1489 2363 1571 2399 iure
1584 2364 1689 2399 seira
1719 2393 1722 2395 .

205 2400 378 2436 adversus
397 2402 650 2439 Romanorum
668 2405 885 2442 inimicitias
903 2409 1063 2455 incendi,
1076 2422 1119 2446 eo
1133 2411 1301 2456 consilio,
1314 2414 1358 2446 ut
1372 2412 1427 2447 ita
1440 2411 1550 2447 multi
1565 2412 1691 2448 rudio-

197 2460 254 2483 res
272 2449 411 2485 scilicet
428 2451 606 2498 stultique
622 2457 753 2499 sponte
770 2461 1047 2493 concurrerent.
1087 2459 1170 2505 quis
1186 2460 1285 2495 enim
1301 2463 1382 2495 tum
1400 2471 1519 2506 prope
1532 2460 1688 2507 longeve

198 2497 418 2533 distantium
443 2499 689 2537 barbarorum
715 2503 815 2539 ultro
842 2505 889 2540 ad
915 2505 1051 2541 bellum
1076 2507 1186 2543 nobis
1212 2508 1451 2544 inferendum
1475 2520 1551 2544 non
1577 2509 1688 2545 advo·

196 2545 306 2580 lasset
344 2546 516 2591 pontifice
547 2549 630 2594 ipso
677 2551 859 2588 incitante
893 2557 930 2588 et
965 2555 1074 2599 iusta,
1112 2560 1155 2591 ut
1180 2557 1392 2603 videbatur,
1431 2569 1542 2593 causa
1575 2569 1688 2604 equos

196 2593 366 2639 virosque
385 2598 422 2630 et
438 2608 567 2632 manus
585 2600 780 2635 armante?
811 2601 939 2648 itaque
965 2615 1063 2649 papa
1089 2605 1167 2640 eius
1193 2605 1390 2642 fraudibus
1407 2605 1585 2652 deeeptus
1602 2618 1687 2642 cum

194 2653 310 2687 eoque
343 2645 575 2681 consentiens
607 2646 645 2681 in
678 2647 864 2694 Illyricum
899 2652 1175 2696 expeditionem
1209 2654 1494 2690 commendavit.
1555 2654 1619 2690 sed
1643 2658 1687 2690 ut

194 2689 339 2725 redeam
374 2691 420 2726 ad
453 2693 696 2740 propositum,
716 2697 870 2733 'fortius
903 2700 1052 2745 quidem
1088 2705 1286 2739 terrestres
1319 2703 1456 2738 milites
1488 2704 1528 2738 in
1559 2715 1687 2750 pugna

194 2738 424 2784 restiterunt,
462 2745 601 2778 ceteros
634 2748 756 2780 autem
793 2746 977 2793 fugientes
1011 2750 1123 2785 maris
1158 2750 1295 2787 fluctus
1328 2754 1563 2798 receperunt.
1610 2752 1684 2788 iam

192 2785 434 2823 clarissimam
454 2790 583 2836 utique
602 2792 640 2826 in
660 2794 830 2830 manibus
848 2795 944 2831 Galli
962 2797 1157 2834 victoriam
1177 2799 1377 2845 habebant,
1398 2800 1471 2836 nisi
1489 2799 1685 2836 fortissimi

196 2837 410 2872 nostrorum
427 2837 598 2884 militum,
619 2844 839 2888 praesertim
856 2845 920 2891 qui
940 2845 1142 2883 nobiliores
1165 2848 1265 2885 inter
1282 2849 1366 2885 illos
1383 2852 1504 2896 erant,
1524 2860 1684 2896 quorum
1710 2870 1734 2894 2:
