1806 3132
536 228 592 263 m
618 226 907 263 ALmAnrm
932 230 1095 266 NOTAE
1467 226 1551 270 583

76 338 786 444 hmfflssffguffssdfflm
792 344 1552 450 νξιξῖιὲῖῐηοῖαᾞῗέξὲςωῆᾚοέθὲἓὲεξὲ,
1563 355 1650 404 Pag.
1657 358 1741 393 232.
1751 358 1780 394 c

75 457 146 508 rit,
192 456 242 499 ut
280 456 343 499 aet
387 455 499 511 apud
532 455 756 511 Vegetium
801 456 873 500 lib.
902 459 943 500 3.
981 471 1069 514 cap.
1100 461 1163 502 18.
1195 461 1343 515 quibus
1374 474 1552 513 consona

76 511 283 568 quaedam
317 513 445 556 habet
480 512 561 556 Leo
595 512 641 555 in
678 512 795 556 Tact.
833 526 922 568 cap.
950 515 1019 557 20.
1059 515 1097 570 ς.
1122 517 1214 559 114.
1279 518 1382 560 Erat
1411 519 1550 561 autem

75 569 236 613 clamor
261 569 343 612 iste
377 569 611 623 permistus
656 569 953 623 exhortatione,
988 572 1336 626 quemadmodum
1369 574 1430 617 ait
1458 573 1552 617 Sal-

74 625 228 668 lustius
257 625 308 668 de
336 625 456 668 Bello
486 625 652 682 Iugurt.
712 626 833 669 Unde
868 626 1231 682 παρακελευσμὸς
1262 629 1417 672 dicitur
1445 629 1552 673 Con-

75 682 263 725 stantino
280 681 499 726 Manassae
515 695 612 738 pag.
630 683 725 726 231.
746 682 858 725 Edit.
874 683 998 739 Leyd.
1040 685 1257 728 Interdum
1287 679 1548 741 ἀλαλαγμός,

75 739 117 782 et
146 736 307 797 λαλαγὴ
333 732 510 794 ἆρεϊκής
536 734 733 790 ἐνυάλιος
771 737 953 791 κέλαδος
981 741 1206 785 Heliodoro
1237 742 1308 784 lib.
1333 743 1369 784 1.
1400 743 1551 785 Bardi·

74 796 168 838 tum
197 795 406 839 vocabant
437 794 552 839 Galli
584 795 750 850 antiqui
778 797 998 848 nostrates,
1038 798 1087 840 ut
1115 799 1238 841 autor
1271 799 1333 841 est
1366 799 1549 841 Tacitus.

75 851 230 895 Verum
257 864 305 895 ex
333 864 416 907 quo
444 851 503 894 inv
519 852 662 895 orbem
690 852 856 895 invecta
885 853 948 896 est
977 853 1213 897 Christiana
1236 855 1412 909 Religio,
1442 855 1551 898 desi·
1563 859 1806 906 Annap.247l

73 908 197 951 erunt
225 907 422 952 confusae
451 908 552 952 illae
579 909 622 952 et
645 908 830 952 incertae
856 922 882 952 a
912 910 1118 953 militibus
1137 911 1190 954 ad
1218 911 1394 954 fiduciae
1422 911 1553 966 speci-

73 977 180 1017 men,
210 965 278 1008 vel
304 965 464 1018 notam,
493 965 671 1020 proferri
713 965 863 1009 solitae
890 979 1024 1019 voces,
1068 967 1279 1022 subiitque
1319 968 1365 1009 in
1408 980 1550 1010 earum

72 1021 213 1064 locum
241 1033 325 1064 uno
354 1022 543 1065 omnium
573 1034 642 1065 ore
669 1021 715 1063 in
742 1022 903 1065 caelum
929 1023 1056 1066 missa
1085 1023 1219 1066 divini
1244 1024 1390 1066 auxilii
1409 1023 1553 1078 depre-

73 1078 197 1121 catio.
246 1077 374 1121 Cuius
403 1078 532 1122 moris
561 1078 751 1121 autorem
775 1079 917 1122 innuit
938 1078 1260 1123 Constantinum
1274 1080 1332 1122 M.
1349 1080 1551 1123 Eusebius

72 1134 145 1177 lib.
166 1135 207 1177 4.
237 1134 289 1178 de
316 1135 407 1178 vita
446 1135 630 1178 eiusdem
660 1133 878 1191 Constant.
909 1148 999 1191 cap.
1023 1137 1087 1179 19.
1118 1137 1160 1179 et
1190 1138 1258 1179 20.
1288 1137 1330 1179 et
1361 1136 1405 1178 in
1434 1136 1549 1179 Orat.

71 1190 124 1234 de
150 1191 282 1246 ipsius
308 1191 465 1235 laudib.
488 1191 590 1234 dum
617 1191 765 1234 scribit
794 1192 881 1235 suis
909 1193 1163 1247 praecepisse
1191 1193 1409 1244 militibus,
1439 1193 1551 1235 utin

71 1260 238 1313 pugnae
275 1248 494 1303 procinctu
525 1248 654 1291 hacce
683 1248 871 1291 oratione
901 1249 1036 1292 Deum
1064 1249 1145 1291 sibi
1181 1249 1226 1291 in
1260 1249 1428 1304 praeliis
1455 1261 1551 1303 pro-

71 1304 224 1359 pitium
252 1304 546 1348 conciliarent:
589 1303 640 1347 σὲ
686 1299 824 1372 μόνον
869 1300 1050 1359 οἴδαμεν
1098 1302 1223 1356 Θεὸν,
1272 1304 1322 1348 σὲ
1360 1303 1550 1347 Βασιλέα

70 1359 350 1415 γνωρίζομεν,
381 1359 442 1405 σέ
458 1357 634 1416 βοηθὸν
672 1357 1026 1415 ανακαλούμεθα,
1067 1358 1189 1416 παρὰ
1214 1362 1295 1404 σοῦ
1325 1358 1403 1412 τὰς
1431 1359 1550 1412 νίκας

70 1411 280 1476 ἠράμεθα
322 1418 401 1461 etc.
462 1418 622 1462 Exhinc
649 1418 762 1473 apud
793 1417 1051 1461 Christianos
1080 1418 1274 1471 invaluit,
1316 1419 1365 1460 ut
1394 1417 1550 1472 praelia

71 1474 213 1540 omnia
252 1487 279 1518 a
317 1474 397 1518 Dei
429 1475 699 1518 invocatione
736 1475 1065 1530 auspicarentur.
1133 1473 1373 1518 Guntherus
1410 1475 1481 1517 lib.
1511 1475 1550 1516 7.

273 1585 345 1631 Sic
367 1587 552 1642 pulchro
572 1587 681 1641 felioe
707 1589 819 1632 acies
848 1588 1057 1631 instructa
1085 1591 1237 1643 tenore,

275 1643 474 1688 Carmine
491 1644 700 1701 belliqero,
724 1644 924 1700 lonyeque
939 1644 1188 1688 sonantibus
1205 1644 1383 1699 hymnis,

271 1699 480 1744 Divinam
507 1701 591 1745 sibi
610 1702 754 1756 poscit
781 1715 909 1756 opem.
1475 1755 1484 1763 ·
1516 1755 1525 1763 ι

70 1757 231 1811 Quibus
259 1757 403 1801 autem
427 1758 565 1801 verbis
586 1759 786 1813 concepta
811 1758 941 1801 fuerit
956 1757 1159 1801 eiusmodi
1178 1755 1423 1812 deprecatio,
1444 1755 1551 1798 dm-

69 1827 164 1857 mus
190 1814 235 1857 in
263 1813 439 1858 Dissert.
462 1815 527 1857 11.
554 1814 609 1857 ad
638 1814 890 1858 Ioinvillam.

202 1866 399 1923 Λύχνων
425 1865 567 1936 ἁφάς]
599 1870 669 1914 Sic
684 1872 848 1926 tempus
863 1870 1143 1926 vespertinum
1163 1869 1369 1912 vocabant
1385 1866 1547 1932 Graeci,
1561 1872 1783 1920 Pag.234.B

70 1926 183 1982 quod
209 1927 353 1971 Latini
382 1940 476 1971 aevl
507 1927 748 1982 posterioris
788 1927 1086 1980 lucernarium,
1115 1938 1197 1980 quo
1225 1925 1383 1968 scilicet
1413 1937 1548 1978 pnma

69 1997 166 2039 pars
196 1983 422 2039 vespertini
450 1983 580 2027 officii
610 1984 718 2028 obiri
752 1984 924 2036 solebat,
970 1995 1116 2026 occaso
1149 1981 1255 2034 Sole,
1302 1982 1343 2024 et
1382 1979 1547 2034 quando

68 2040 262 2084 lucernas
289 2040 462 2084 accendi
489 2053 579 2085 mos
608 2041 691 2090 est;
732 2040 843 2096 quod
874 2042 915 2083 et
940 2040 1036 2082 inde
1065 2034 1264 2092 λυχνικὸν
1291 2036 1546 2102 appellatum

70 2097 260 2152 pluribus
306 2097 573 2141 observatum
617 2110 643 2141 a
685 2097 881 2140 Meursio.
946 2096 1112 2139 Horam
1154 2096 1313 2137 incensa
1345 2093 1468 2135 vocat
1495 2092 1548 2134 D.

70 2153 319 2196 Ambrosius
358 2153 433 2197 lib.
463 2155 504 2197 3.
547 2153 599 2197 de
633 2154 899 2209 Virginibus;
944 2152 1251 2196 Luem—nariam
1293 2150 1549 2214 devotionem

70 2210 255 2253 Uranius
283 2210 506 2266 Presbyter
539 2210 589 2253 de
625 2210 743 2253 obitu
773 2209 814 2253 S.
846 2209 1015 2252 Paulini
1048 2208 1182 2263 Episc.
1212 2207 1406 2250 Nolen81s
1434 2205 1488 2247 N.
1508 2205 1547 2247 4.

70 2266 114 2309 et
141 2266 281 2310 Autor
308 2267 424 2310 vitae
452 2266 495 2311 S.
525 2267 667 2310 Severi
696 2266 832 2321 Episc.
862 2265 1018 2309 Nolani
1047 2264 1157 2319 apud
1178 2262 1416 2327 Ughellum.
1454 2261 1548 2325 Fie-

69 2323 146 2366 bat
174 2323 315 2366 autem
343 2323 467 2366 istius
494 2323 623 2367 officii
642 2322 867 2378 vespertini
894 2321 1093 2364 introitus
1122 2332 1216 2363 curn
1244 2319 1379 2361 tubus
1393 2329 1546 2382 cereis,

69 2379 120 2422 ut
148 2379 212 2422 oet
228 2379 274 2422 in
292 2379 532 2435 Menologio
548 2379 694 2423 Graec.
717 2379 1052 2432 canebanturque
1069 2389 1207 2432 precoe
1226 2374 1547 2425 Euchansticae,

70 2434 222 2490 quibus
252 2436 452 2479 nimirum
483 2437 571 2479 Deo
651 2436 764 2479 atiae
792 2435 1037 2489 agebantur,
1078 2433 1143 2475 uti
1170 2432 1351 2475 testatur
1380 2429 1432 2472 D.
1462 2429 1548 2471 Ba-

70 2491 190 2535 silius
218 2491 291 2536 lib.
322 2492 374 2536 de
403 2492 566 2547 Spiritu
617 2526 626 2535 .
655 2492 709 2535 ad
729 2490 991 2546 Amphiloch.
1023 2502 1110 2544 cap.
1132 2490 1199 2531 29.
1247 2487 1336 2551 Has
1356 2485 1548 2529 exhibent

70 2547 378 2605 Euchologium
406 2548 479 2592 Gr.
509 2549 720 2592 Arcudius
748 2548 794 2590 in
821 2545 1093 2600 Anthologio,
1125 2546 1166 2588 et
1186 2544 1377 2587 Ussenus
1393 2543 1547 2606 Arma—

70 2604 227 2648 chanus
254 2605 300 2648 in
327 2605 503 2662 Syntag.
530 2605 581 2649 de
612 2604 808 2661 Symbolo
834 2603 981 2658 Apost.
1011 2602 1174 2644 Harum
1203 2600 1330 2643 etiam
1356 2597 1547 2640 memmlt

69 2660 327 2716 Epiphanius
375 2663 523 2706 contra
550 2662 732 2705 Haerae..
746 2660 819 2703 lib.
840 2660 879 2702 3.
935 2657 1039 2702 Cum
1081 2669 1177 2700 vero
1217 2654 1548 2719 accendebantur

9 2771 13 2772 ⁷
68 2717 276 2771 lucernae,
318 2718 467 2762 statim
513 2718 740 2762 canebatur
776 2715 975 2771 Hymnus
1014 2714 1093 2757 iste
1134 2715 1406 2776 vespeg‘tmus,
1449 2724 1547 2774 (pagg

68 2766 241 2829 ἀγαθὸν
283 2775 361 2818 etc.
391 2775 466 2830 qui
493 2774 650 2831 pariter
678 2772 928 2816 describitur
966 2771 1013 2813 in
1041 2769 1227 2812 Antholo
1275 2780 1311 2820 o,
1347 2767 1388 2810 et
1413 2779 1439 2808 3
1467 2765 1546 2808 Νι-

0 2873 4 2879 ,
33 2863 36 2866 Δ
70 2830 247 2886 cephoro
265 2830 371 2876 Call.
391 2831 464 2876 lib.
481 2833 548 2875 18.
567 2844 656 2886 cap.
675 2831 743 2873 51.
773 2829 859 2872 iam
888 2827 983 2871 inde
1003 2828 1056 2871 ab
1076 2826 1234 2882 Aposto
1255 2825 1289 2867 ‘s
1308 2836 1380 2879 per
1399 2834 1546 2867 manus
