1806 3132
518 216 574 251 m
599 216 888 252 Amnum
918 218 1082 253 NOTAE
1458 213 1543 258 539

57 332 207 376 mania
249 344 390 375 mense
430 329 611 376 Octobri.
683 332 739 376 In
779 348 920 378 mense
956 334 1159 381 Ianuarii
1199 338 1402 382 commisit
1457 337 1542 381 bel-

59 390 148 433 lum
177 390 225 433 in
252 402 372 433 marc
399 401 493 432 cum
520 390 606 444 ipsi
633 389 837 443 Benefici,
869 395 907 435 d
933 393 1045 436 vicit.

194 467 447 520 Βενετικοί]
478 469 543 512 De
570 470 697 514 tertio
726 471 806 514 hoc
837 472 1007 527 praelio,
1028 473 1094 516 vel
1115 473 1266 517 saltem
1286 474 1541 519 Venetorum
1555 476 1583 512 C

57 528 141 571 ista
185 526 364 570 victoria
420 525 547 569 silent
589 540 758 582 prorsus
801 528 1047 584 Scriptores.
1116 530 1346 574 Sabellicus
1385 532 1471 575 dec.
1505 534 1541 576 1.

56 584 131 628 lib.
152 584 191 627 5.
219 583 285 626 ter
310 582 492 626 Venetos
531 596 626 626 cum
666 585 850 628 Roberto
890 586 999 629 mari
1041 586 1262 631 dimicasse
1302 588 1447 640 tradit,
1493 602 1544 632 ac

57 641 192 697 primo
221 639 391 695 quidem
418 640 575 694 praelio
595 641 771 684 Roberti
792 642 966 685 classem
987 643 1227 695 debellasse,
1258 644 1354 687 aliis
1382 645 1541 688 cladem

57 699 213 753 passos.
292 696 383 739 Nec
410 696 473 740 ita
501 698 633 741 multo
666 702 769 752 post
797 699 845 742 in
890 699 1038 742 Alea-ii
1079 701 1268 754 qratiam
1304 701 1451 745 Veneti
1496 703 1544 745 in

56 755 332 798 Normannos
356 758 584 807 moverunt,
617 755 758 799 eodem
781 756 914 810 ferme
941 756 1029 800 loco
1056 757 1130 799 ubi
1149 759 1291 812 prius,
1319 759 1395 802 sed
1422 759 1545 814 lonye

56 812 144 867 alio
173 814 318 854 eventu
339 824 492 866 puyna
522 813 743 856 commissa
768 818 840 856 est.
892 813 1005 856 Victi
1024 814 1191 868 quidem
1213 815 1318 858 adeo
1336 816 1544 870 insiynem

57 868 219 912 cladem
240 867 386 911 Veneti
414 881 629 922 accepere,
649 873 696 912 ut
725 884 776 913 ex
803 884 1028 914 numerosa
1057 871 1199 921 classe,
1231 885 1357 927 quam
1385 886 1430 915 eo
1458 871 1543 916 Sic-

55 926 151 968 vius
179 925 371 976 duxerat,
403 923 527 979 (qu-ia
555 926 634 969 alii
660 927 812 970 mediis
840 928 965 980 aquis
991 928 1114 977 caesi,
1146 928 1224 971 alii
1244 929 1361 982 capti
1390 928 1544 980 essent)

50 982 305 1037 paucissimi
345 983 526 1025 evasisse
569 984 780 1027 dicantur.
859 985 916 1027 Et
962 998 1058 1028 mox
1099 985 1152 1028 de
1195 986 1323 1028 tertio
1364 986 1544 1039 praelio:

59 1038 185 1084 Circa
207 1037 496 1094 Dyrrachium
515 1054 599 1094 per
626 1040 728 1084 haec
754 1054 915 1096 quoque
942 1046 1130 1096 tempora
1159 1057 1187 1085 a
1215 1041 1395 1086 Graecis
1417 1042 1543 1086 Vene-

57 1096 191 1151 tisque
217 1095 414 1139 Phalerii
443 1095 592 1151 (Ducis
617 1096 785 1154 Venet.)
830 1099 958 1142 ductu
1001 1099 1205 1142 adversus
1244 1098 1542 1151 Guiscardum‚

55 1167 131 1197 nec
144 1153 316 1197 meliore
333 1157 481 1196 eventu
499 1168 629 1209 quam
661 1158 788 1199 antea
808 1154 942 1199 savio
962 1155 1082 1199 Duce
1100 1159 1345 1211 puynatwm
1365 1157 1542 1210 reperio.

192 1227 366 1270 Λοῦκαν
413 1227 644 1284 Βενετίας]
702 1228 766 1272 Ob
808 1230 1010 1283 praestita
1054 1229 1134 1273 sibi
1176 1230 1243 1272 his
1286 1230 1331 1272 in
1369 1229 1490 1273 bellis
1519 1228 1588 1273 aD

56 1284 229 1328 Venetis
268 1283 427 1327 auxilia
445 1284 703 1328 Venetorum
732 1286 906 1341 Ducem,
934 1299 1020 1341 qua
1049 1287 1143 1329 tum
1162 1286 1374 1342 dignitate
1394 1286 1545 1342 funge-

56 1342 182 1386 batur
217 1340 374 1383 Vitalis
418 1341 652 1394 Phalerius,
693 1355 766 1386 seu
807 1343 1011 1394 Falierus,
1045 1343 1118 1399 qui
1157 1343 1277 1386 illam
1306 1343 1461 1386 inierat
1490 1342 1543 1386 A.

57 1407 327 1442 MCLXXXIV.
358 1397 705 1442 Protosebastum
734 1399 842 1442 dixit
874 1400 1049 1443 Alexius
1078 1400 1343 1455 caeterosque
1365 1400 1544 1443 Venetos

57 1455 204 1511 multis
233 1455 476 1498 muneribus
518 1456 768 1511 magnisque
796 1457 1023 1500 honoribus
1054 1458 1117 1500 est
1148 1457 1403 1512 prosecutus.
1453 1456 1544 1510 Quo

58 1511 227 1568 quidem
251 1510 380 1554 titulo
410 1513 607 1556 ornatum
627 1513 815 1556 Vitalem
842 1513 983 1568 prodit
1015 1513 1144 1556 etiam
1175 1513 1324 1556 Franc.
1346 1513 1545 1557 Sansovi-

58 1582 137 1611 nus
162 1569 207 1611 in
221 1567 401 1611 Venetia
418 1568 493 1612 lib.
514 1569 580 1612 11.
610 1583 705 1625 pag.
730 1570 824 1612 187.
854 1570 980 1624 prior.
1011 1570 1124 1612 Edit.
1152 1570 1224 1612 ubi
1245 1570 1409 1625 aliquot
1438 1569 1544 1612 alios

57 1625 315 1668 Venetorum
336 1624 473 1669 Duces
503 1626 710 1669 similibus
729 1626 870 1669 titulis
890 1627 1119 1670 identidem
1145 1627 1199 1670 ab
1216 1626 1543 1681 Imperatoribus

57 1681 304 1737 Byzantinis
325 1681 618 1726 cohonestatus
637 1683 833 1734 testatur,
862 1684 1015 1738 quibus
1034 1684 1065 1725 ii
1086 1683 1140 1726 ad
1160 1683 1294 1726 vitam
1314 1682 1544 1725 uterentur.

57 1739 151 1781 Hoc
180 1738 319 1782 autem
351 1739 574 1782 verborum
594 1740 717 1783 initio
734 1740 891 1783 Vitalis
911 1740 1155 1794 Diplomata
1177 1740 1376 1793 concepta
1394 1739 1544 1794 legun-

57 1796 148 1839 tur:
193 1795 286 1838 Nos
315 1793 471 1839 Vitalis
497 1795 672 1840 Faletro
704 1796 812 1839 Dua
850 1810 900 1840 ac
937 1796 1183 1850 Imperialis
1212 1795 1542 1839 Protosevastus.

58 1851 244 1895 Additur
262 1851 309 1893 in
328 1851 525 1895 Editione
543 1853 859 1906 Hoescheliana,
888 1849 1155 1907 ςῩπέρτιμον
1184 1850 1233 1894 δὲ
1260 1851 1333 1894 καὶ
1352 1848 1431 1893 τὸν
1447 1854 1544 1893 Πα-

56 1906 263 1965 τριὰρχην
291 1910 420 1962 σφῶν
438 1905 601 1968 η’ξίωσε
626 1906 738 1963 μετὰ
766 1911 845 1965 τῆς
864 1903 1025 1964 ἀλόγου
1046 1909 1287 1965 (legendum
1308 1901 1542 1963 ἀναλόγου)
1598 1921 1603 1924 ·

58 1963 200 2021 ῥόγας.
262 1964 611 2037 Hypertimorum
641 1967 829 2019 dignitas
861 1966 1281 2021 Metropolitanorum
1308 1966 1410 2017 erat,
1440 1977 1545 2020 quo-

58 2036 153 2066 rum
197 2022 274 2066 alii
319 2016 511 2077 Έξαρχοι
557 2022 629 2064 καὶ
670 2019 943 2077 (Ῡπέρτιμοι,
980 2023 1055 2066 alii
1090 2023 1257 2066 tantum
1285 2017 1544 2075 ίΥπέρτιμοι

58 2079 319 2132 dicebantur,
346 2080 398 2122 ut
417 2080 481 2123 est
510 2080 555 2122 in
583 2080 752 2123 Notitia
781 2080 1025 2123 Andronici.
1075 2080 1179 2122 Erat
1207 2091 1331 2133 porro
1359 2091 1407 2122 ea
1435 2079 1545 2121 tem-

58 2137 219 2190 pestate
238 2135 494 2180 Venetorum
520 2137 770 2181 Patriarcha
801 2137 1047 2180 Dominicus
1078 2135 1348 2186 Contarenus‚
1380 2134 1431 2178 de
1459 2147 1544 2190 quo

59 2192 287 2248 Gregorius
307 2193 405 2236 VII.
435 2193 554 2248 Papa
583 2193 657 2236 lib.
681 2195 717 2237 1.
748 2194 881 2248 Epist.
906 2194 971 2236 18.
999 2193 1073 2236 lib.
1096 2193 1135 2234 2.
1166 2192 1299 2246 Epist.
1323 2191 1388 2234 14.

197 2261 313 2317 Τούς
342 2264 390 2308 ἐκ
419 2265 637 2322 Μέλφης]
684 2266 947 2321 Melphitani,
986 2278 1058 2308 seu
1085 2263 1391 2318 Amalphitani,
1422 2263 1587 2306 navi-D

58 2322 223 2377 gationi
253 2323 296 2366 et
322 2323 585 2366 mercaturae
615 2336 782 2377 operam
803 2335 888 2365 non
908 2322 1031 2365 modo
1060 2321 1365 2375 impenderunt,
1395 2319 1466 2363 sed
1495 2331 1542 2362 eo

58 2379 325 2444 potissimum
359 2380 528 2423 nomine
576 2380 840 2444 celebrantur
869 2392 893 2421 a
924 2378 1219 2432 Scriptoribus‚
1240 2433 1249 2441 ⁸
1263 2376 1373 2431 quod
1416 2375 1542 2441 primi

58 2436 711 2548 3335¹p¹¹²12335t133¹3⁸f33¹55¹31
727 2433 1543 2554 1ῗὲῑέιέᾎοῩῗζῗέὴῗθέξῖἳὸἱὲἐῖῗοῖἓῗῖ

59 2548 267 2603 plerisque
296 2549 522 2592 maritimis
550 2549 712 2603 oppidis
742 2547 955 2590 domicilia
986 2548 1028 2589 et
1057 2546 1258 2598 officinas,
1289 2546 1362 2588 ubl
1381 2557 1541 2588 moram

58 2605 197 2648 facere
225 2606 394 2660 possent
434 2606 477 2648 et
504 2605 753 2649 commercia
783 2617 858 2647 sua
888 2616 1084 2654 exercere,
1126 2603 1232 2645 nutu
1272 2601 1423 2656 quibus
1465 2601 1542 2644 illa

58 2661 263 2716 parebant
290 2661 549 2716 Principum,
582 2661 860 2716 possiderent:
901 2659 1011 2714 quod
1058 2659 1222 2712 praeter
1250 2658 1419 2701 Annam
1464 2657 1542 2700 hoc

58 2718 151 2761 loco
195 2718 238 2761 et
263 2731 360 2774 pag.
380 2719 475 2761 125.
504 2719 547 2763 et
578 2719 672 2761 163.
702 2717 914 2760 testantur
934 2715 1174 2759 Willelmus
1206 2715 1357 2770 Tyrius
1383 2714 1456 2758 lib.
1476 2714 1541 2756 18.

59 2775 212 2875 cAaffiess
250 2774 487 2874 tAlelx)ander
501 2773 832 2875 IrgbleCellelisffi
859 2773 1127 2872 libA3ulpaffb
1142 2772 1240 2871 3336.
1279 2771 1321 2814 et
1357 2770 1543 2814 Leander

212 2845 296 2874 ,ω
367 2844 470 2875 eser.
544 2845 600 2875 a.
671 2843 772 2873 uie
835 2842 883 2872 us
954 2842 1200 2884 p...
