1734 3120
523 241 787 277 ALEXIAms
817 243 910 276 Lm.
941 243 1020 278 xv.
1051 238 1088 276 5.
1466 232 1545 275 331

67 355 145 403 τὸν
173 354 480 414 αὐτοκράτορα
507 350 706 411 Ἀλέξων
735 350 994 411 ἐστοχάζετο
1035 357 1107 400 καὶ
1147 352 1226 411 οὐχ
1263 356 1414 413 ἕτερον
1453 355 1548 416 ἡγε-

65 423 180 483 μόνα
208 427 297 469 τιῦν
316 421 547 483 ταγμάτων
577 419 689 468 εἶναι
708 423 779 468 καὶ
799 425 878 484 τῆς
897 425 1045 482 καινῆς
1066 424 1229 481 ἐκείνης
1250 422 1547 480 παρατάξεως.
1561 429 1589 466 C

67 495 139 539 καὶ
165 488 302 554 ἤθελε
329 493 410 550 μὲν
438 493 722 548 προσβαλεῖν,
757 487 836 536 οὐκ
869 487 958 547 εἶχε
979 492 1046 536 δέ·
1077 487 1168 537 ἀλλ’
1200 489 1322 548 ὅμως
1350 491 1401 537 τὸ
1425 490 1546 537 ἐνυά-

67 564 162 607 λιον
190 557 400 618 ἀλαλάξαι
429 561 640 606 ἐκέλευσε.
686 561 855 603 πολλοῦ
887 560 935 604 δὲ
955 558 1282 616 στρατεύματος
1309 562 1551 620 φαντασίαν

31 634 163 683 ὅτοῖς
214 627 446 687 Ῥωμαίοις
491 631 735 685 παρασχεῖν
777 626 1089 686 μηχανώμενος
1140 627 1200 688 μὴ
1253 630 1545 685 συνασπίζειν,

65 695 175 742 ἀλλὰ
205 699 475 758 διῃρημένοις
501 698 574 741 καὶ
602 693 814 750 οἶτάκτως,
850 694 1059 753 καθάπερ
1092 691 1271 742 ἄνωθεν
1299 696 1377 756 τὴν
1408 694 1550 753 παρά-

67 769 189 823 ταξιν
218 763 363 812 αὐτῶν
393 764 705 825 διεγράψαμεν,
730 767 855 812 θέειν
887 766 1149 823 ἐπέτρεψεν,
1179 769 1234 811 ἵν’
1262 769 1469 812 ἐντεῦθεν
1489 771 1552 826 τῷ

68 832 393 895 ἀπροσδοκήτῳ
423 839 501 894 τῆς
530 836 643 888 θέας
674 836 747 880 καὶ
776 840 872 889 τοῖς
899 838 990 880 τῶν
1018 838 1177 880 ἵππων
1206 834 1390 893 δρόμοις
1419 834 1553 885 κατά-

69 921 229 961 κροτον
257 899 411 957 αι’-τοῖς
446 901 747 962 πεποιηκότες
790 902 869 965 τὴν
913 900 1047 965 ἀκοὴν
1089 902 1169 958 τὰς
1211 907 1302 948 τῶν
1327 904 1553 961 Ῥωμαίων

10 983 56 1018 10
71 969 276 1029 δυνάμεις
317 969 652 1033 καταπλήξαιεν.
725 969 749 1017 ὁ
796 973 845 1017 δέ
887 990 934 1030 γε
979 969 1268 1030 αὐτοκράτωρ
1304 973 1554 1029 καθαπερεὶ

69 1037 236 1099 πύργος
265 1035 475 1098 προῦχων
501 1042 582 1100 τῆς
609 1038 899 1097 παρατάξεως
939 1039 1112 1098 προϊών
1149 1038 1176 1099 ἢ
1212 1039 1375 1094 στύλος
1412 1038 1555 1097 πυρός

69 1105 96 1169 ἢ
116 1109 224 1153 θεία
257 1126 325 1162 τις
343 1110 416 1153 καὶ
437 1104 616 1166 οὗρανία
639 1103 748 1167 ὄψις
774 1107 852 1162 τὰς
871 1106 1094 1168 φάλαγγας
1115 1105 1261 1153 αὐτῶν
1284 1104 1552 1165 ἄνερρώννυε

71 1177 143 1221 καὶ
173 1177 249 1221 ἐπὶ
277 1172 439 1221 ταύτοῦ
468 1178 661 1234 βαδίζειν
691 1175 913 1236 σχήματος
938 1178 1106 1222 ἐκέλευε
1139 1179 1210 1222 καὶ
1231 1181 1420 1234 θαρρεῖν
1438 1182 1599 1233 παρ-Ι)

69 1242 295 1290 εκελεύετο
325 1246 398 1290 καὶ
436 1246 717 1303 προσετίθει,
759 1244 819 1304 μὴ
862 1243 980 1303 πρὸς
1014 1243 1092 1305 τὴν
1131 1245 1293 1291 ἑαυτοῦ
1335 1245 1553 1304 σωτηρίαν

12 1325 54 1359 15
67 1309 340 1368 ἀποβλέπων
354 1312 432 1359 τόν
447 1316 664 1359 τοσοῦτον
692 1309 988 1370 ἀναδέξασθαι
1015 1312 1203 1371 μόχθον,
1232 1309 1342 1358 ἀλλά
1366 1315 1445 1374 τῆς
1467 1316 1556 1357 τῶν

63 1378 290 1438 Ῥωμαίων
318 1376 519 1436 εὐκλείας
557 1381 683 1427 ἕνεκα
708 1384 779 1427 καὶ
819 1380 949 1442 δόξης
990 1384 1062 1427 καὶ
1093 1381 1208 1439 πρὸς
1235 1379 1409 1434 τούτοις
1442 1380 1555 1425 ἑτοι-

66 1447 262 1505 μότατον
291 1446 404 1495 εἶναι
433 1448 544 1507 ὑπὲρ
575 1448 784 1495 ἁπάντων
821 1446 1084 1497 ἀποθανεῖν.
1147 1449 1338 1503 ἅπαντες
1369 1443 1446 1494 οὖν
1484 1466 1556 1494 τε·

66 1515 346 1577 θαρρηκότες
376 1517 560 1572 ἕκαστος
603 1517 680 1563 τὸν
716 1518 831 1564 ἴδιον
873 1517 1086 1580 ἐφύλαττε
1131 1517 1274 1564 τόπον
1318 1517 1433 1563 πάνυ
1477 1516 1555 1577 τὴν

43 1587 256 1642 ,πορείαν
294 1584 531 1643 ἀνειμένως
573 1585 855 1644 ποιούμενοι,
901 1591 1116 1632 τοσοῦτον
1162 1585 1222 1641 (ὃς
1265 1588 1375 1645 μηδὲ
1419 1587 1606 1630 κινεῖνΡ·
1633 1587 1702 1622 475

7 1663 55 1698 20
69 1656 305 1700 δοκεῖσθαι
333 1660 431 1709 τοῖς
458 1654 711 1712 βαρβάροις.
771 1657 826 1701 δι’
858 1656 962 1716 ὅλης
992 1649 1069 1701 οὖν
1099 1660 1180 1715 τῆς
1221 1655 1382 1716 ἡμέρας
1412 1671 1554 1712 προσ-

66 1719 303 1778 βάλλοντες
346 1725 409 1783 τῷ
437 1723 663 1784 Ῥωμαϊκῷ
709 1722 1006 1782 στρατεύματι
1053 1726 1125 1769 καὶ
1169 1725 1303 1781 μηδὲν
1349 1720 1556 1784 ἠνυκότες

66 1791 177 1848 μηθ’
207 1789 324 1847 ὅλως
365 1789 475 1853 μήτε
519 1792 566 1837 ἐκ
609 1793 773 1850 μέρους
816 1791 1059 1839 διασπάσαι
1104 1792 1155 1837 τὸ
1182 1790 1424 1849 Ῥωμαϊκόν
1456 1789 1555 1837 σύν-

205 1937 235 1971 1.
259 1933 326 1971 τὸν
348 1935 468 1982 γοῦνῖ
577 1939 610 1973 2.
635 1938 776 1982 ἐκείνης
800 1935 973 1985 εὑρετὴνῖ
1070 1939 1104 1974 3.
1133 1936 1374 1984 προσβαλεῖν]
1393 1940 1448 1971 εῖν
1464 1948 1512 1971 m.
1533 1937 1555 1971 2

201 1996 248 2020 ex
268 1996 365 2021 corr.
387 1983 425 2022 C.
526 1983 567 2021 τὸ
596 1982 763 2022 ἐνυάλιον
789 1986 828 2029 C,
854 1984 895 2022 τὸ
926 1998 997 2023 om.
1020 1986 1061 2023 P.
1202 1987 1257 2022 16.
1284 1984 1391 2021 ἕνεκα
1415 1983 1553 2020 addidi.

69 2123 254 2159 exereitus
280 2123 413 2160 ducem
437 2128 643 2171 quaereret,
670 2126 845 2162 Alexium
871 2126 1136 2173 imperatorem
1162 2124 1422 2171 suspicabatur
1450 2135 1552 2158 exer-

69 2171 163 2207 citui
187 2183 357 2218 praeesse
381 2173 612 2221 eundemque
646 2175 764 2211 aciem
792 2175 894 2210 illam
932 2176 1127 2219 invenisse,
1164 2185 1239 2209 non
1276 2172 1391 2208 alium
1428 2183 1555 2217 quem-

70 2231 181 2266 quam
206 2220 362 2267 ducum3
386 2233 464 2267 nec,
490 2223 659 2269 quamvis
684 2223 807 2269 vellet,
831 2223 987 2270 aggredi
1004 2223 1140 2269 potuit.
1180 2221 1244 2258 sed
1262 2223 1386 2257 tamen
1403 2220 1551 2266 signum

70 2268 264 2314 pugnandi
289 2269 372 2305 dari
401 2270 519 2314 iubet,
556 2274 594 2307 et
631 2283 705 2317 quo
743 2273 897 2307 maioris
934 2272 1120 2307 exercitus
1158 2270 1317 2316 speciem
1356 2268 1554 2314 praeberet

71 2317 261 2363 Romanis,
286 2319 477 2364 praecepit
502 2320 588 2364 suis,
618 2324 661 2356 ut
686 2320 763 2357 acie
789 2332 863 2356 non
888 2322 1071 2356 instructa
1097 2319 1234 2364 passim
1252 2330 1294 2353 ac
1312 2317 1390 2352 sine
1409 2316 1553 2356 ordine,

72 2377 115 2400 eo
157 2377 265 2411 quem
309 2378 422 2412 supra
452 2367 717 2414 descripsimus
756 2368 866 2404 modo
906 2370 1194 2414 procurrerent:
1246 2366 1326 2401 fore
1365 2365 1474 2407 enim,
1511 2367 1554 2399 ut

70 2414 292 2460 necopinata
316 2415 437 2460 specie
463 2419 575 2462 atque
599 2428 780 2462 equorum
807 2418 951 2462 impetu
991 2415 1199 2451 terribilem
1236 2414 1441 2450 excitantes
1465 2415 1555 2447 stre-

71 2462 194 2508 pitum
230 2461 484 2499 Romanorum
521 2465 646 2511 copias
685 2465 953 2501 disturbarent.
1023 2475 1151 2500 verum
1189 2463 1392 2508 imperator
1448 2461 1554 2506 quasi

71 2510 147 2546 alta
170 2510 288 2546 turris
313 2511 369 2547 vel
396 2512 494 2558 ignis
519 2513 691 2549 columna
716 2514 808 2549 aciei
837 2524 1079 2559 praecurrens
1104 2524 1147 2547 ac
1169 2511 1270 2546 velut
1294 2510 1421 2545 divina
1446 2520 1556 2554 quae·

71 2559 157 2594 dam
183 2562 221 2594 et
246 2559 413 2596 caelestis
439 2561 578 2607 species
611 2561 762 2597 ordines
795 2561 1065 2597 corroborabat
1098 2563 1136 2595 et
1165 2559 1280 2594 aciem
1306 2557 1459 2593 eandem
1484 2568 1557 2592 ser-

71 2618 160 2643 vare
185 2606 350 2653 fortique
375 2620 452 2644 esse
478 2610 602 2645 animo
626 2610 781 2646 iubebat
806 2609 944 2645 addens
978 2609 1078 2651 haec,
1106 2607 1258 2643 minime
1285 2617 1322 2641 se
1354 2617 1419 2641 sua
1448 2617 1557 2641 causa

71 2658 220 2691 tantum
261 2655 426 2692 laborem
469 2658 681 2703 suscepisse,
731 2657 794 2693 sed
839 2660 993 2703 propter
1042 2656 1199 2702 gloriam
1250 2653 1556 2700 splendoremque

71 2703 326 2751 Romanorum
353 2717 463 2751 seque
487 2707 640 2752 insuper
664 2707 942 2752 paratissimum
979 2715 1056 2740 esse
1087 2715 1155 2749 pro
1190 2703 1361 2738 omnibus
1397 2705 1556 2737 mortem

71 2751 188 2787 obire.
236 2763 351 2797 quare
375 2754 548 2790 omnibus
573 2755 690 2789 animi
714 2758 929 2790 creverunt:
963 2764 1031 2798 pro
1058 2764 1095 2787 se
1119 2752 1274 2797 quisque
1299 2751 1420 2786 locum
1447 2761 1553 2784 suum

72 2800 242 2836 obtinere
267 2804 306 2836 et
329 2801 535 2838 lentissimo
561 2803 679 2848 gradu
709 2803 781 2837 iter
819 2801 952 2845 facere,
984 2805 1027 2835 ut
1059 2811 1105 2835 ne
1130 2800 1271 2835 moveri
1297 2798 1447 2844 quidem
1473 2798 1555 2832 bar-

72 2848 175 2884 baris
199 2847 430 2886 viderentur.
489 2852 616 2897 itaque
654 2853 736 2886 toto
774 2850 835 2885 die
873 2849 1081 2885 Romanum
1122 2848 1325 2883 exercitum
1360 2847 1443 2894 *sine
1479 2845 1556 2880 ullo

73 2907 241 2934 successu
275 2899 452 2946 aggressi,
492 2911 576 2935 cum
613 2911 735 2946 neque
771 2899 811 2934 in
850 2898 1063 2934 universum
1102 2907 1221 2943 neque
1257 2907 1302 2930 ex
1339 2898 1446 2943 parte
1471 2905 1554 2930 eum
