1734 3120
201 216 282 255 270
703 217 868 252 ANNAE
895 215 1161 251 COMNENAE

200 335 399 395 λήμασιν.
457 329 553 378 εἶτα
583 330 698 388 πρὸς
735 329 813 389 τὴν
853 331 1304 386 παρασκευασθεῖσαν
1340 322 1498 380 αὐτοῖς
1527 323 1688 386 σκηνὴν

200 402 418 449 ἀπέλυσεν
449 400 749 458 ἐντειλάμενος
778 400 1002 459 σκοπῆσαι
1032 395 1086 441 τὰ
1114 398 1318 456 ῥηθέντα,
1353 396 1427 440 καὶ
1447 394 1487 440 εἶ
1507 395 1586 451 μὲν
1608 392 1687 454 ὅλῃ

202 475 321 533 ψυχῇ
351 470 466 529 πρὸς
495 473 636 514 ταῦτα
666 464 985 520 κατανεύσαιεν,
1020 467 1064 519 ἐς
1098 466 1239 510 νέωτα
1277 464 1356 525 τὴν
1385 462 1547 522 μεταξὺ
1580 479 1689 519 συμ-

201 541 372 600 φωνίαν
401 540 540 595 πέρας
579 539 741 593 λαβεῖν.
820 535 919 579 ἐπεὶ
965 534 1012 579 δὲ
1056 528 1316 590 προθύμως
1356 530 1411 576 τὰ
1454 528 1577 589 παρὰ
1605 532 1689 574 τοῦ

200 605 522 666 αὐτοκράτορος
551 606 784 665 ἐφαίνοντο
815 600 1058 659 δεχόμενοι,
1100 606 1154 662 τῇ
1183 605 1279 659 μετ’
1321 597 1459 660 αὐτὴν
1496 600 1636 656 πέρας
1665 595 1728 659 ἡ5

201 676 436 736 συμφωνία
475 672 697 731 λαμβάνει.
772 667 823 716 οὗ
869 671 984 727 πρὸς
1020 669 1176 716 ἑαυτὸν
1219 670 1267 715 δὲ
1312 665 1498 714 ἅπένευε
1540 665 1689 725 μόνον,

201 741 311 790 ἀλλὰ
339 742 455 801 πρὸς
485 738 618 802 αὐτὴν
654 740 733 801 τὴν
760 740 988 797 βασιλείαν
1014 737 1256 796 Ῥωμαίων.
1331 735 1573 796 κηδόμενος
1612 735 1691 795 γὰρ

155 817 289 860 Βταῖν
317 815 515 869 κοσμικιῖ
518 830 541 855 ν
571 812 741 868 μᾶλλον
770 806 798 868 ἢ
826 811 916 854 τῶν
947 807 1105 854 ἑαυτοῦ
1131 810 1221 852 πᾶν
1241 806 1292 852 τὸ
1320 805 1693 864 οἶκονομούμενον

200 881 316 939 πρὸς
361 879 417 926 τά
462 883 668 939 σκῆπτρα
711 876 938 934 Ῥωμαίων
984 875 1219 921 ἀπονεύειν
1266 876 1338 920 καὶ
1386 875 1693 935 ἀναφέρεσθαι

49 959 89 995 P.
117 960 187 994 433
201 950 424 1003 παντοίως
454 945 731 1007 διῳκονόμει,
763 947 835 990 ἵνα
855 947 927 990 καὶ
955 947 1049 1003 μετ’
1081 941 1216 990 αὐτὸν
1246 945 1319 988 καὶ
1350 944 1394 998 ἐς
1421 944 1499 988 τόν
1530 944 1691 1003 ἑφεξῆς
1709 960 1734 993 1⁴

200 1016 357 1077 χρόνον
386 1016 442 1062 τὰ
473 1015 861 1074 συμπεφωνημένα
889 1012 1031 1073 διήκῃ,
1066 1011 1147 1057 κᾶν
1175 1008 1446 1070 ἅπετύγχανε
1479 1014 1558 1056 τοῦ
1590 1028 1692 1055 σκο-

200 1090 304 1132 ποῦ.
363 1083 417 1129 τὰ
447 1084 525 1143 γὰρ
554 1085 648 1141 μετ’
671 1078 806 1128 αὐτὸν
825 1077 969 1136 ἄλλως
997 1081 1097 1138 ἔσχε
1128 1082 1200 1126 καὶ
1229 1080 1292 1134 εἷς
1312 1081 1512 1139 σύγχυσιν
1531 1075 1693 1138 ἅφώρα

150 1169 151 1172 ’
199 1154 254 1200 τὰ
275 1152 528 1212 πράγματα.
580 1149 876 1210 κατεστόρητο
897 1151 976 1208 μὲν
995 1148 1074 1208 γὰρ
1109 1152 1171 1209 τῷ
1201 1150 1314 1202 τέως
1345 1147 1400 1193 τὰ
1434 1149 1693 1204 ἐνοχλοῦντα

200 1225 272 1268 καὶ
302 1222 365 1276 εἰς
393 1219 566 1281 εἰρήνην
606 1216 764 1264 ἅπεῖδε
798 1223 992 1276 βαθεῖαν
1033 1220 1105 1263 καὶ
1144 1213 1237 1263 ἇπδ
1270 1238 1297 1261 -it-
1335 1217 1462 1274 μέχρι
1498 1217 1692 1274 πέρατος

201 1290 362 1343 αἰῶνος
390 1287 563 1350 εἰρήνην
603 1283 778 1348 ἤγομεν.
852 1283 961 1332 ἄλλα
1005 1285 1083 1345 γάρ
1130 1286 1366 1345 συγκατέδυ
1411 1289 1475 1344 τῷ
1519 1286 1694 1342 βασιλεῖ
1708 1293 1734 1328 ll

50 1368 93 1405 V.
121 1369 191 1404 343
204 1357 348 1404 πάντα
373 1356 429 1403 τὰ
459 1356 605 1417 λῴονα
632 1358 704 1401 καὶ
735 1354 1039 1409 κενόσπουδος
1069 1351 1187 1415 αὐτῷ
1221 1354 1246 1413 ἦ
1279 1353 1455 1414 σπουδὴ
1483 1352 1596 1411 μετὰ
1616 1352 1694 1412 τὴν

203 1425 336 1474 αὐτοῦ
365 1428 628 1483 παρέλευσιν
663 1426 835 1484 γέγονεν
875 1421 1112 1484 ἄβελτηρίᾳ
1148 1427 1238 1469 τῶν
1281 1423 1603 1479 διαδεξαμένων
1638 1420 1694 1466 τὰ

203 1498 420 1557 σκῆπτρα.
1018 1543 1023 1547 .

162 1574 191 1609 Β
337 1569 376 1609 4.
439 1560 492 1609 Οἱ
537 1564 586 1608 δὲ
629 1566 709 1607 τοῦ
741 1565 987 1620 Φραγγικοῢ
1028 1559 1188 1607 στόλου
1232 1557 1443 1620 ἡγεμόνες
1487 1557 1560 1604 διὰ
1605 1562 1692 1602 τῶν

204 1631 552 1689 περισωθέντων
579 1627 670 1675 ἀπὸ
700 1634 790 1676 τῶν
820 1632 950 1675 πέντε
980 1627 1216 1688 δρομάδων
1242 1631 1359 1687 νηῶν
1387 1626 1444 1674 τοὶ
1475 1629 1583 1685 περὶ
1611 1630 1734 1672 vota

340 1726 395 1760 10.
420 1726 457 1763 ἐς
478 1725 519 1767 F,
550 1727 601 1763 εἰς
626 1725 665 1761 Ρ.
848 1726 901 1761 11.
930 1719 1236 1771 συμφωνούμενα
1261 1722 1299 1759 C.
1479 1722 1533 1756 12.
1557 1718 1600 1755 τὰ
1623 1719 1695 1767 γὰρ

337 1774 418 1820 μετ’
446 1769 698 1830 αὐτὸι’1ἰίλλως
723 1772 827 1829 ἔσχε]
862 1775 924 1807 καὶ
947 1773 1021 1808 τῶν
1055 1770 1164 1807 αὐτοῦ
1193 1767 1452 1825 βουλευμάτων
1475 1766 1625 1828 ἠστάχει
1657 1769 1693 1805 C.

343 1823 398 1857 13.
423 1834 665 1868 κατεστορητο
685 1821 726 1856 G.
749 1821 981 1857 Dindorfius:
1008 1832 1288 1866 κατεστορευετο
1303 1821 1344 1855 Ρ.
1470 1820 1524 1853 14.
1549 1829 1695 1853 απαντα

339 1867 497 1907 austere?
565 1870 735 1906 lacunam
752 1870 919 1917 signavi:
945 1870 1052 1904 τοῦδε
1077 1870 1135 1905 vel
1161 1867 1462 1905 simileverbum
1487 1867 1694 1902 intercidit.

341 1918 503 1955 16—18.‘
525 1917 620 1966 μετὰ
646 1917 712 1963 τὴν
736 1916 847 1954 αὐτοῦ
872 1920 1094 1965 παρέλευσιν
1122 1947 1129 1953 .
1154 1945 1161 1953 .
1185 1946 1193 1953 .
1220 1916 1263 1952 τὰ
1292 1914 1475 1961 σκῆπτρα]
1508 1917 1570 1949 καὶ
1604 1914 1695 1953 ὅλως

338 1965 532 2012 ἀσυντελὴς
555 1966 650 2015 μετὰ
676 1968 787 2003 ταῦτα
822 1970 956 2014 γέγονε
997 1967 1070 2003 τῶν
1110 1962 1343 2013 πραγμάτων
1367 1960 1484 2003 ἄλλως
1514 1977 1594 2003 πως
1619 1964 1696 1999 δια·-

338 2019 592 2061 κυβευθέντων
620 2016 657 2052 G.
806 2017 860 2052 17.
885 2019 1043 2062 γέγονεν
1068 2016 1110 2058 F,
1136 2018 1270 2062 γέγονε
1294 2014 1335 2049 Ρ.

203 2097 371 2134 defendit
411 2099 614 2145 multisque
653 2099 777 2135 verbis
815 2099 862 2135 iis
913 2100 1123 2145 persuasit,
1160 2101 1204 2134 ut
1241 2110 1327 2134 suae
1365 2096 1553 2133 voluntati
1590 2095 1694 2131 obse-

203 2150 417 2192 querentur.
467 2150 552 2193 post
576 2148 667 2183 haec
691 2148 730 2183 in
763 2148 1056 2193 tabernaculum,
1095 2147 1196 2193 quod
1231 2147 1322 2192 ipsis
1358 2147 1521 2192 pararat.
1552 2144 1697 2180 dimisit

203 2206 264 2230 eos
290 2196 471 2241 iussitque
498 2208 540 2231 ea
565 2196 751 2241 meditari,
779 2196 825 2232 de
851 2197 987 2242 quibus
1013 2197 1185 2243 egissent,
1225 2195 1335 2231 simul
1358 2194 1560 2240 pollicitus,
1586 2192 1695 2228 modo

203 2246 283 2278 toto
310 2246 434 2279 animo
459 2256 502 2279 ea
526 2245 715 2290 accepturi
741 2248 872 2289 essent,
899 2249 1049 2291 postero
1074 2244 1135 2280 die
1162 2244 1287 2279 statim
1316 2254 1445 2289 pacem
1473 2242 1611 2277 factum
1634 2241 1696 2276 iri.

204 2303 246 2327 ac
272 2292 455 2337 postridie
481 2305 563 2328 cum
590 2305 716 2329 omnes
739 2294 978 2339 imperatoris
1003 2293 1240 2329 condiciones
1265 2292 1428 2327 libenter
1455 2291 1697 2336 accepissent,

205 2340 329 2385 pactio
354 2341 574 2376 concordiae
598 2341 766 2377 confecta
794 2346 867 2387 est3
893 2354 967 2388 qua
993 2343 1032 2376 in
1059 2353 1101 2377 re
1126 2341 1227 2376 haud
1256 2352 1292 2376 se
1320 2352 1436 2375 unum
1478 2340 1696 2385 imperator,

206 2388 269 2423 sed
293 2388 545 2425 Romanorum
570 2391 770 2436 imperium
796 2390 960 2426 attendit
1002 2392 1141 2436 quippe
1177 2389 1365 2426 communi
1404 2388 1546 2434 magis,
1585 2397 1696 2433 quam

207 2448 291 2472 suae
318 2437 428 2472 saluti
451 2438 645 2474 consulens
669 2442 708 2474 et
745 2439 860 2474 solani
885 2439 1046 2474 Romani
1083 2439 1221 2484 sceptri
1259 2438 1491 2473 maiestatem
1528 2438 1697 2482 spectans

207 2484 253 2519 ad
277 2496 431 2531 eamque
456 2487 581 2521 omnia
605 2486 789 2522 referens:
816 2487 927 2522 talem
953 2487 1050 2522 enim
1076 2487 1288 2533 pactionem
1315 2489 1352 2521 et
1376 2488 1462 2531 post
1487 2496 1524 2520 se
1538 2487 1575 2518 et
1593 2483 1698 2518 dein-

205 2543 290 2578 ceps
315 2545 596 2578 permansuram
622 2535 753 2571 voluit.
806 2539 845 2571 at
870 2547 958 2571 vero
984 2536 1023 2571 id
1047 2547 1132 2570 eum
1158 2535 1306 2570 fefellit:
1346 2543 1389 2570 eo
1415 2533 1514 2568 enim
1546 2535 1696 2567 mortuo

206 2580 455 2617 Romanorum
486 2594 545 2618 res
570 2586 819 2619 commutatae
845 2595 887 2620 ac
914 2585 1153 2629 perturbatae
1179 2586 1276 2626 sunt,
1322 2593 1546 2628 quamquam
1587 2583 1696 2615 antea

206 2640 278 2674 pax
308 2629 569 2666 fundatissima
594 2633 737 2668 cunetis
775 2632 956 2668 molestiis
997 2632 1112 2678 pulsis
1148 2631 1464 2678 tranquillitatem
1501 2640 1618 2675 usque
1650 2627 1698 2663 ad

207 2677 342 2732 saeculi
366 2677 477 2714 finem
501 2680 684 2725 promisit.
736 2681 800 2715 sed
826 2692 909 2716 cum
939 2680 1068 2716 Ale-xio
1093 2682 1214 2716 omnis
1238 2679 1375 2716 occidit
1399 2679 1496 2714 salus
1545 2679 1697 2722 eiusque
1731 2701 1734 2703 -

206 2724 304 2761 facta
328 2726 466 2762 infecta
491 2728 657 2764 reddidit
683 2740 812 2764 eorum
838 2729 1103 2775 imprudentia,
1130 2730 1193 2774 qui
1211 2730 1296 2774 post
1312 2729 1390 2764 eius
1410 2738 1598 2763 excessum
1616 2736 1697 2771 reg·
1726 2763 1731 2767 ,

206 2785 294 2808 num
319 2780 570 2820 susceperunt.
1727 2783 1729 2785 ¹

297 2871 304 2878 .
339 2824 371 2857 4.
420 2823 538 2859 Duces
557 2825 587 2859 F
589 2825 757 2861 rancicae
774 2825 910 2868 elassis,
930 2837 1014 2861 cum
1032 2826 1078 2861 ab
1095 2826 1152 2871 iis,
1170 2826 1235 2872 qui
1258 2837 1302 2860 ex
1321 2824 1486 2871 quinque
1511 2821 1587 2858 illis
1611 2821 1696 2856 dro-

206 2870 378 2906 monibus
401 2872 540 2907 servati
563 2875 680 2918 erant,
707 2877 749 2909 ut
774 2873 949 2920 diximus,
975 2874 1240 2920 imperatorem
1267 2874 1359 2910 bene
1381 2873 1568 2908 instructa
1583 2870 1695 2906 classe
1711 2886 1734 2918 ,ζ
