1780 3138
245 250 323 297 128
741 252 906 293 ANNAE
940 247 1208 290 OOMNENAE

243 377 566 425 ἀποθανόντων
596 372 827 432 σωιιάτων.
875 370 1000 427 τέχνη
1029 369 1109 426 μὲν
1141 359 1223 411 οὖν
1253 367 1332 410 τοῦ
1362 361 1589 422 βαρβάρου
1619 359 1728 422 αότη

246 466 400 507 πρωτη
426 448 496 491 καὶ
527 442 638 524 μόνη
667 439 775 486 κατὰ
812 437 893 498 την
922 437 1026 481 καθ’
1074 433 1187 494 ἡμᾶς
1232 433 1492 491 οἰκουμένην
1532 432 1731 492 πέφηνεν

246 516 309 570 εἷς
352 511 660 573 καταστροφὴν
712 505 1032 564 ἀποβλέπουσα
1080 506 1159 564 τῆς
1198 501 1427 560 Ῥωμαίων
1481 499 1730 560 ἡγεμονίας.

249 585 345 630 οἱὸὲ
374 582 463 641 πρὸ
495 579 665 668 ταύτης
673 576 894 636 βάρβαρος
925 572 949 634 ἢ
969 572 1132 631 ςΕλλην
1162 573 1345 616 τοιαῦτα
1367 568 1476 615 κατὰ
1502 569 1733 627 πολεμίων

250 654 545 713 ἐμηχανήσατο
577 643 665 694 οὔτ’
690 642 753 700 «²222,
789 662 924 702 οιμαι,
958 639 1069 699 μετὰ
1110 642 1247 685 ταῦτα
1279 638 1303 683 ὁ
1335 640 1439 684 καθ’
1478 636 1594 697 ημᾶς
1620 638 1768 682 θεά-5

250 739 374 766 σαιτο
410 720 520 776 βίος.
589 716 690 761 ἐπεὶ
727 715 775 759 δὲ
814 711 894 771 τήν
935 707 1135 769 Κορυφιι)
1177 705 1430 765 καταλάβοι,
1472 704 1627 763 ω’σπερ
1669 704 1733 758 εἰς

248 786 492 847 ακρώρειάν
519 803 613 831 τινα
642 781 872 842 γενόμενος
902 781 973 824 καὶ
1003 795 1204 838 κορυφην
1223 778 1295 821 καί
1323 774 1625 836 κρησφύγετον
1655 772 1734 835 τὴν

101 867 139 902 P.
167 854 449 916 342Κοριφιι)
479 855 655 912 ταυτηνὶ
692 853 762 896 καὶ
800 851 844 895 έν
884 851 947 908 τιῦ
987 844 1204 905 ακινδόνω
1247 842 1469 901 τιγχάνων
1521 839 1599 888 ἆνν
1578 841 1733 904 ήγερτό

247 944 296 971 τε
339 924 428 969 ἀπὸ
469 925 558 968 τῶν
602 923 646 966 ἐν
687 918 792 979 ὀόξη
837 919 1001 974 νεκρῶν
1043 916 1116 960 καὶ
1159 913 1239 976 την
1282 911 1560 973 νεκροφόρον
1589 913 1733 957 ἐκεῖσε

248 993 437 1052 λάρνακα
463 992 731 1047 καταλείψας
760 988 883 1049 ἡλίου
917 1003 964 1030 τε
996 985 1254 1044 ἐνεφορεῖτο
1295 983 1505 1036 πλείονος
1540 983 1613 1026 καὶ
1654 982 1734 1025 τοῦ
1751 993 1780 1027 14

247 1059 377 1119 αέρος
404 1058 581 1106 α’νέπνει
621 1057 937 1114 καθαρωτέρου
967 1055 1039 1098 καὶ
1077 1050 1356 1109 περιενόστει
1385 1049 1469 1110 τήν
1497 1048 1633 1095 πόλιν
1654 1048 1736 1108 τήν

250 1127 470 1189 Κορυφώ·
499 1146 549 1172 ον
579 1124 823 1183 ἑωρακότες
843 1124 887 1168 ἐν
910 1123 1007 1182 ξένῃ
1028 1122 1100 1166 καὶ
1119 1121 1365 1180 βαρβαρικῇ
1389 1120 1525 1180 στολῇ
1547 1136 1736 1163 ανεπυν-

250 1196 442 1243 θάνοντο
473 1193 524 1241 τό
557 1212 604 1239 τε
634 1195 756 1252 γένος
784 1193 855 1236 καὶ
887 1209 965 1250 την
1010 1188 1139 1249 τύχην
1172 1190 1243 1234 καὶ
1272 1189 1339 1241 τίς
1369 1204 1417 1232 τε
1449 1184 1517 1246 είη
1545 1187 1619 1231 καὶ
1649 1184 1736 1230 πό-

250 1271 335 1310 θεν
372 1263 467 1324 ἥκει
510 1265 580 1308 καὶ
620 1262 682 1316 εἰς
723 1279 797 1314 ους
834 1260 1133 1318 παραγίνεται.
1198 1276 1222 1301 ο
1266 1257 1314 1302 δὲ
1351 1258 1442 1300 τῶν
1482 1256 1563 1313 μὲν
1592 1250 1737 1299 ἄλλων

250 1332 494 1414 ὑπερεώρα
512 1330 700 1385 πάντων,
741 1326 935 1390 ανεζήτει
969 1331 1016 1374 δὲ
1048 1327 1126 1373 τὸν
1159 1330 1303 1373 doum
1334 1329 1413 1388 τῆς
1442 1324 1632 1378 πόλεως.
1685 1317 1738 1384 ἦν
1752 1331 1780 1366 1¹

253 1404 301 1448 δὲ
329 1398 412 1457 ἄρα
442 1419 572 1454 οιτος
597 1399 792 1456 Ἀλέξιός
823 1416 890 1452 τις
920 1398 1121 1455 θέματος
1155 1393 1449 1456 Ἀρμενιακοῦ
1489 1392 1736 1454 γενόμενος.

254 1467 305 1516 ὃν
335 1468 611 1526 θεασάμενος
639 1471 750 1526 μετὰ
776 1470 972 1547 σοβαροῦ
1005 1469 1083 1511 τοῦ
1115 1462 1368 1523 βλέμιιατός
1397 1481 1446 1509 τε
1477 1465 1550 1508 καὶ
1571 1460 1739 1524 σχημα-

212 1553 329 1593 Βτος
373 1540 444 1584 καὶ
484 1541 654 1600 σοβαρᾷ
695 1541 747 1599 τη
790 1539 916 1598 φωνῇ
959 1534 1186 1594 χρώμενος
1228 1536 1300 1579 καὶ
1342 1531 1460 1587 ἶίλως
1494 1535 1739 1592 βαρβαρικῇ

254 1605 508 1667 απαγγεῖλαι
541 1608 836 1664 προσέταττεν
865 1603 1050 1665 Ἀλεξίῳ
1076 1607 1139 1664 τῶ
1171 1600 1489 1685 αὐτοκράτορι
1518 1600 1588 1648 ὅτι
1633 1603 1740 1646 “σοι“

102 1686 144 1722 V.
173 1675 336 1734 271ἑγω
384 1677 658 1732 Βαϊμοῦνιος
696 1675 861 1727 ἐκεῖνος
888 1673 911 1718 ὁ
940 1676 1020 1718 τοῦ
1063 1671 1351 1731 Ῥομπέρτου,
1386 1667 1436 1716 ῦν
1467 1690 1491 1715 ο
1523 1666 1780 1719 ανέκαθεν2<

252 1741 408 1800 χρόνος
436 1745 508 1788 καὶ
533 1744 582 1788 σὲ
612 1744 684 1788 καὶ
711 1742 789 1801 τὴν
822 1741 911 1788 ὑπὸ
939 1744 988 1788 σὲ
1008 1744 1234 1799 βασιλείαν
1250 1743 1458 1798 ἐδίδαξεν,
1481 1738 1656 1792 ὁπόσος
1675 1739 1742 1791 τίς

254 1810 343 1868 εἰμι
375 1810 452 1870 τὴν
480 1806 681 1870 ἀνδρείαν
709 1814 779 1856 καὶ
819 1811 897 1873 τὴν
931 1811 1147 1858 ἔνστασιν.
1218 1813 1287 1872 ἐφ’
1323 1803 1448 1871 ᾧπερ
1478 1808 1532 1855 ἂν
1557 1810 1632 1853 καὶ
1659 1806 1742 1867 τήν

254 1878 400 1938 ῥοπήν
441 1878 631 1938 λάβοιμι,
678 1880 737 1933 ὡς
780 1876 865 1925 οὐκ
907 1878 960 1925 ἂν
1004 1876 1287 1940 ἀνασχοίμην,
1333 1877 1446 1925 ἴστω
1480 1876 1607 1932 Θεός,
1650 1880 1739 1921 τῶν

386 1985 419 2019 8.
444 1981 618 2031 ανέγρετο
643 1984 686 2020 A.
835 1986 888 2020 16.
918 1983 1156 2043 ,Ἀρμενιακοῦ
1182 1984 1221 2027 C,
1254 1982 1473 2031 Ἀρμενικοῦ
1497 1983 1538 2020 P.
1682 1981 1742 2016 20.

387 2031 431 2068 ὃν
455 2032 476 2067 ὁ
504 2034 671 2081 scripsi:
680 2030 726 2069 ὃν
750 2033 790 2070 P.
939 2036 996 2070 21.
1026 2033 1098 2069 ὑπὸ
1124 2034 1277 2080 scripsi:
1303 2032 1398 2079 ὑπὲρ
1422 2032 1475 2069 Ρ..

255 2131 364 2175 enim,
378 2132 447 2167 etsi
461 2132 625 2167 nondum
642 2135 811 2168 mortuus
825 2133 888 2169 sed
902 2135 1022 2179 specie
1035 2137 1183 2169 tantum
1198 2137 1371 2169 mortuus
1385 2134 1477 2176 erat,
1491 2142 1538 2167 ne
1553 2129 1744 2166 cadaveris

255 2180 404 2225 quidem
420 2181 632 2216 societatem
647 2182 785 2217 timuit.
818 2182 907 2218 haee
922 2183 1072 2230 quidem
1088 2184 1262 2229 princeps
1276 2186 1389 2228 atque
1410 2181 1521 2217 unica
1535 2178 1712 2216 barbari'
1704 2190 1743 2213 in

256 2231 384 2263 nostra
408 2231 465 2263 ter
469 2241 510 2264 ra.
531 2229 755 2265 machinatio
774 2230 858 2274 fuit,
877 2244 971 2276 quae
989 2231 1188 2267 manifesto
1208 2232 1254 2267 ad
1276 2231 1435 2267 Romani
1452 2229 1604 2276 imperii
1621 2227 1744 2274 perni—

257 2277 350 2312 ciem
367 2278 575 2322 spectabat3
594 2279 653 2315 oui
670 2290 794 2323 parem
812 2291 920 2316 nemo
936 2281 1049 2316 ante
1040 2293 1079 2315 in
1097 2280 1195 2315 bello
1214 2293 1276 2315 seu
1294 2280 1457 2316 Graecus
1475 2290 1539 2314 seu
1562 2277 1699 2313 barba1
1704 2287 1745 2311 us

258 2325 483 2371 excogitavit
508 2338 575 2361 nec
601 2331 727 2372 postea
753 2328 861 2363 medo
890 2341 956 2364 nos
987 2329 1143 2364 similem
1170 2330 1327 2365 visuros.
1367 2332 1536 2364 ceterum
1553 2325 1666 2361 simul
1679 2324 1744 2359 Co-

229 2373 416 2419 ,ryphum
443 2375 576 2419 tenuit,
612 2376 716 2430 quasi
744 2377 947 2413 subductus
979 2378 1018 2413 in
1055 2390 1178 2413 arcem
1214 2377 1402 2423 quandam
1442 2375 1746 2423 praesidiumque

259 2433 301 2456 ac
326 2422 513 2476 refugium
553 2402 591 2457 e⁷t
616 2424 654 2458 iu
680 2427 763 2459 tuto
789 2426 933 2470 positus
972 2438 992 2461 e
1029 2427 1201 2471 mortuis,
1239 2427 1376 2472 quibus
1414 2423 1746 2466 adnumerabatur,

258 2470 420 2505 surrexit
453 2470 631 2516 feralique
672 2483 757 2508 area
783 2474 913 2510 relicta
952 2475 1106 2520 puriore
1132 2487 1217 2510 aere
1242 2475 1394 2520 soleque
1435 2473 1576 2510 affatim
1604 2471 1743 2507 fruitus

258 2517 467 2564 Coryphum
494 2520 623 2555 urbem
661 2521 858 2557 circumiit.
921 2535 1029 2569 quem
1066 2523 1266 2570 indigenae
1300 2522 1508 2570 eonspieati
1544 2520 1745 2574 peregrina

258 2577 300 2601 ae
324 2566 519 2602 barbarica
544 2572 647 2604 veste
672 2569 844 2605 indutum
877 2582 993 2616 genus
1019 2572 1285 2618 fortunamque
1323 2572 1622 2617 interrogarunt,
1662 2568 1746 2614 quis

259 2617 365 2659 esset,
399 2615 495 2651 unde
519 2619 556 2651 et
592 2628 665 2662 quo
697 2618 781 2661 iret,
820 2623 1052 2664 quaerentes
1102 2624 1142 2655 at
1180 2621 1315 2656 ceteris
1355 2621 1418 2656 ille
1455 2619 1631 2655 omnibus
1657 2628 1743 2652 con-

257 2663 408 2708 temptis
446 2664 572 2699 ducem
604 2666 705 2700 uibis
734 2645 926 2712 qiiaesivit.
994 2670 1025 2704 is
1062 2672 1144 2704 tum
1171 2669 1325 2705 Alexius
1367 2668 1519 2714 quidam
1557 2670 1640 2702 erat
1684 2677 1745 2711 ge-

258 2722 344 2746 nere
370 2713 580 2758 Armenius,
605 2726 713 2758 quem
739 2717 898 2760 superbo
926 2717 1031 2752 vultu
1050 2718 1236 2763 modoque
1254 2718 1463 2764 adspiciens
1488 2716 1651 2762 superba
1668 2714 1745 2760 pla-

257 2771 376 2805 neque
404 2761 563 2796 barbara
588 2773 674 2797 voce
678 2763 758 2797 Al«
749 2765 822 2798 xio
843 2765 1062 2810 imperatmi
1081 2768 1256 2802 nuntiare
1281 2767 1373 2802 haee
1395 2766 1522 2801 iussit:
1549 2764 1660 2799 “Tibi
1677 2774 1746 2808 ego

259 2807 497 2844 Boemundus
523 2809 595 2852 ille,
637 2810 791 2846 Roberti
818 2812 928 2858 filius,
980 2815 1044 2859 qui
1085 2815 1176 2859 quid
1202 2815 1430 2850 fortitudine
1455 2818 1494 2849 et
1526 2812 1748 2849 assiduitate

260 2856 413 2901 valeam,
439 2858 632 2902 superiora
657 2863 829 2906 tempora
855 2864 891 2896 et
909 2865 947 2896 te
964 2866 1002 2896 et
1027 2863 1227 2908 impeiium
1253 2867 1360 2899 tuum
1386 2863 1610 2899 docuerunt.
1656 2860 1748 2895 deus

260 2905 341 2950 ipse
367 2906 469 2950 sciat,
495 2917 554 2941 me
577 2918 807 2953 quocumque
832 2910 1012 2945 verterim
1038 2914 1097 2946 tot
1122 2912 1229 2947 malis
1256 2915 1443 2948 minorem
1469 2911 1563 2947 fore.
1589 2920 1677 2945 nam
1702 2919 1750 2944 ex
