1734 3120
223 181 305 222 248
729 188 894 222 ANNAE
922 187 1188 222 COMNENAE

222 303 440 351 ἐπάνοδον
485 301 634 366 ᾐτεῖτο
679 301 952 361 ἀναθέμενος
993 302 1161 358 πάντας
1203 303 1314 359 τούς
1360 307 1433 350 ὑπ’
1480 302 1616 351 αὐτὸν
1657 311 1709 368 τῇ

223 376 399 434 ἐξουσίᾳ
429 376 502 419 καὶ
531 372 680 433 γνώμῃ
715 377 794 418 τοῦ
824 369 1149 431 αὐτοκράτορος
1178 368 1315 430 ἀξιῶν
1359 372 1449 432 ἅμα
1474 373 1603 429 »ἐντὸς
1632 378 1710 436 τῆς

221 446 312 487 τῶν
337 441 563 500 Ῥωμαίων
589 443 870 500 ἐπικρατείας
891 440 1216 498 παραχειμάσαι
1243 440 1428 497 τούτους
1446 446 1536 488 τῶν
1556 462 1710 503 χρειω-

222 514 286 556 διῖ
288 530 311 555 ν
340 513 542 569 δαψιλῶς
579 511 988 569 ἕπιχορηγουμένων
1019 506 1192 564 ἀιῗτοῖς,
1242 509 1356 556 ἐπὰν
1394 513 1442 557 δὲ
1483 514 1507 557 ὁ
1547 511 1710 570 χειμών

223 582 446 636 παρέλθοι
490 581 562 624 καὶ
605 582 697 624 τῶν
739 581 919 624 πολλῶν
963 577 1119 624 κόπων
1163 578 1346 633 ἑαυτοὺς
1381 577 1734 640 ἄνακτήσαιντο,.

177 646 338 693 Βὸπου
368 647 585 707 βουλητὸν
614 644 777 702 αὐτοῖς,
811 644 1530 707 συγχωρηθῆναιἀπελεύσεσθαι.
1574 653 1711 695 ταῦτα

219 715 510 775 αἰτησάμενος
558 719 628 762 καὶ
668 716 747 762 τὸν
795 713 1097 775 αὐτοκράτορα
1134 720 1563 776 συγκατατιθέμενον
1614 723 1712 772 ταῖς

220 783 396 829 τούτων
424 783 648 844 αἰτήσεσιν
678 782 793 841 εἶχεν
822 782 972 839 εὐθύς.
1039 787 1248 845 τιμηθεὶς
1278 779 1361 832 οὖν
1390 791 1624 846 τηνικαῦτα
1648 791 1711 846 τῷ

218 860 309 899 τῶν
338 856 567 910 σεβαστῶν
598 849 812 911 ἀξιώματι
844 856 915 899 καὶ
944 853 1143 915 χρήματα
1180 854 1328 913 λαβών
1355 853 1483 901 ἱκανοὶ
1512 855 1628 914 πρὸς
1659 855 1710 900 τὸ

222 922 387 968 οἰκεῖον
416 923 676 979 ἑπανέτρεχε
698 921 959 981 στράτειμα.
1010 921 1227 984 συναπῄει
1249 926 1298 970 δὲ
1322 922 1467 984 τούτῳ
1488 926 1561 969 καὶ
1582 930 1734 969 Κίον-ἶ

221 995 449 1045 σταντῖνος
479 989 503 1036 ὁ
534 987 824 1051 Εὗφορβηνδς
855 990 878 1036 ὃ
908 993 985 1053 τὴν
1009 994 1310 1051 προσηγορίαν
1331 991 1618 1048 Κατακαλών,
1653 991 1714 1046 ὠς

219 1057 280 1118 μή
311 1077 355 1104 τι
381 1057 491 1103 κατὰ
532 1058 611 1118 τὴν
656 1057 762 1104 ὁδον
803 1058 948 1105 δεινὸν
986 1058 1108 1118 παρά
1138 1079 1272 1105 τινων
1311 1065 1595 1118 στρατιωτῶν
1623 1065 1713 1106 τῶν

220 1126 444 1186 ἡμετέρων
473 1125 705 1185 ταγμάτων
743 1124 862 1188 adv&
893 1130 1097 1188 συμβαίη,
1141 1125 1251 1174 ἀλλὰ
1292 1132 1459 1187 μᾶλλον
1498 1129 1713 1189 πρόνοιαν

219 1200 300 1241 τοῦ
330 1197 634 1253 στρατοπέδου
664 1192 799 1242 αὐτοῦ
835 1195 1073 1258 ποιήσαιτο
1120 1197 1167 1243 ἔν
1199 1216 1247 1243 τε
1277 1196 1553 1257 προσήκοντι
1583 1196 1712 1258 τόπῳ

221 1265 291 1308 καὶ
320 1259 534 1323 α’κινδύνῳ
564 1263 1001 1322 στρατοπεδεύοντος
1038 1268 1112 1312 καὶ
1150 1267 1433 1323 ἐνδεχομένας
1469 1265 1548 1321 τὰς
1591 1265 1734 1327 αἰτή-ἶ

221 1350 313 1386 σεις
341 1333 527 1390 παρέχοι
556 1329 727 1387 αὕτοῖς.
790 1335 1049 1392 καταλαβών
1078 1328 1156 1381 οὖν
1180 1336 1261 1394 τήν
1292 1335 1407 1382 ἰδίαν
1427 1334 1713 1396 παρεμβολὴν

182 1403 293 1446 Οκαὶ
322 1401 549 1459 παραδοὺς
577 1401 629 1447 τδ
660 1401 910 1461 στράτευμα
939 1409 1037 1458 τοῖς
1067 1406 1137 1450 ἐπ’
1169 1400 1289 1465 αὐτῷ
1321 1403 1465 1465 τούτῳ
1492 1402 1712 1450 ἀπεσταλ-

220 1471 369 1527 μένοις
406 1469 530 1528 παρὰ
570 1475 651 1516 τοῦ
689 1467 1016 1531 αὐτοκράτορος
1054 1473 1118 1528 εἷς
1157 1477 1346 1535 μονῆρες
1385 1471 1606 1519 εἰσελθών
1634 1472 1713 1533 τὴν

223 1540 550 1597 Λογγιβαρδίαν
581 1541 829 1597 κατέλαβεν.
891 1539 944 1587 οὗ
973 1543 1115 1588 πλείω
1157 1543 1205 1588 δὲ
1241 1546 1330 1587 τῶν
1360 1540 1412 1599 ἓξ
1436 1546 1586 1602 μηνῶν
1614 1543 1713 1588 ἑπι-

220 1605 346 1662 βιούς
373 1606 425 1654 τὸ
456 1607 604 1654 κοινὸν
639 1605 914 1656 ἆπεδεδώκει
951 1612 1090 1668 χρέος.
1162 1609 1186 1656 ὁ
1225 1612 1273 1657 δὲ
1310 1607 1596 1669 αὐτοκράτωρ
1634 1615 1734 1669 τῆς;

220 1678 310 1719 τῶν
341 1678 523 1721 Κελτῶν
551 1676 618 1723 ἔτι
662 1680 901 1739 φροντίδος
931 1677 1074 1736 εἴχετο
1092 1695 1101 1705 ·
1144 1681 1218 1725 καὶ
1247 1681 1303 1725 τοὶ
1348 1683 1443 1725 κατ’
1473 1677 1635 1733 αὐτοὺς
1664 1673 1713 1725 εὖ

221 1745 485 1801 διαθέμενος
505 1749 582 1806 τῆς
602 1745 719 1803 πρὸς
744 1745 796 1792 τὸ
818 1746 1059 1804 Βυζάντιον
1078 1746 1302 1808 φερούσης
1320 1747 1484 1808 ἥψατο.
1528 1749 1711 1794 ἐπανελ-

355 1823 388 1857 9.
415 1823 478 1858 τοῦ
505 1825 686 1866 σεβαστοῦ
715 1825 759 1861 A.
918 1829 973 1862 11.
1000 1825 1020 1862 ὁ
1047 1830 1134 1863 ante
1160 1824 1408 1874 Εὗφορβηνὸς
1431 1828 1515 1863 add.
1542 1840 1592 1863 m.
1622 1830 1638 1862 1
1667 1828 1712 1863 F.

355 1871 411 1906 13.
437 1872 581 1918 μᾶλλον
597 1873 639 1919 F,
664 1875 818 1921 μᾶλλων
835 1874 873 1911 Ρ.
977 1878 1031 1911 16.
1058 1873 1180 1915 αὐτοῖς
1198 1877 1242 1921 F,
1267 1873 1366 1922 αἷπῷ
1384 1876 1422 1918 C,
1448 1874 1578 1915 αὐτοῦς
1602 1877 1654 1912 sic
1671 1876 1710 1912 P.

354 1919 610 1968 παρεμβολὴν]
636 1935 760 1970 παρεμ
787 1924 827 1958 in
856 1935 928 1959 ras.
956 1923 999 1960 F.
1101 1926 1156 1961 17.
1181 1922 1268 1960 αὐτὸ
1295 1925 1400 1960 τοῦτο
1430 1926 1471 1959 Α.
1587 1926 1633 1960 20
1659 1937 1711 1971 sq.

354 1964 473 2004 οὐκέτι
498 1970 560 2013 τῆς
583 1971 658 2006 τῶν
688 1972 837 2007 Κελτῶν
860 1973 1060 2018 φροντίδος
1085 1977 1204 2018 εἴχετο
1231 1974 1275 2010 A.
1397 1973 1453 2008 21.
1481 1975 1542 2008 καὶ
1568 1985 1639 2009 om.
1667 1974 1712 2009 A.

356 2017 412 2052 22.
440 2020 501 2052 καὶ
527 2015 602 2053 ἀπὸ
630 2016 830 2064 διαβόλεως
855 2018 1019 2060 ἀναστὰς
1045 2022 1136 2066 (ἐκεῖ
1157 2020 1229 2068 γὰρ
1256 2018 1426 2067 ἐσκήνου,
1452 2018 1505 2057 ὅτι
1532 2020 1596 2060 τὰς
1619 2020 1712 2069 μετὰ

353 2065 417 2099 τοῦ
441 2063 673 2113 βαϊμούνδου
700 2072 923 2116 συμφωνίας
947 2070 1142 2116 πεποίητο)
1168 2071 1229 2114 τῆς
1256 2071 1299 2106 A.

219 2124 301 2158 iure
318 2123 476 2160 iurando
500 2125 694 2173 firmasset,
719 2128 758 2163 in
784 2129 947 2174 patriam
972 2130 1097 2165 redire
1122 2130 1242 2176 cupiit
1267 2130 1408 2166 relictis
1431 2130 1472 2165 in
1496 2130 1654 2165 arbitrio
1672 2142 1714 2165 ae

220 2174 406 2218 potestate
430 2172 669 2219 imperatoris
695 2177 813 2222 copiis
841 2178 916 2213 suis
943 2179 1128 2224 omnibus,
1168 2179 1304 2225 quibus
1328 2178 1477 2215 volebat
1513 2178 1552 2214 in
1579 2178 1713 2214 Roma-

220 2232 354 2256 norum
379 2222 491 2257 terris
516 2222 674 2259 hiberna
699 2226 871 2270 praeberi
895 2237 1028 2273 resque
1052 2227 1099 2262 ad
1134 2228 1278 2263 victum
1316 2227 1541 2263 necessarias
1579 2226 1712 2262 libera-

221 2268 308 2304 liter
346 2270 591 2315 suppedstari,
638 2275 717 2309 tum
760 2276 951 2310 transacta
994 2275 1127 2321 hieme,
1165 2277 1232 2312 ubi,
1274 2288 1318 2312 ex
1354 2275 1483 2311 multis
1522 2275 1714 2311 laboribus

221 2328 259 2352 se
297 2319 514 2364 recrearint,
546 2320 703 2356 liberam
728 2321 808 2358 fore
842 2335 916 2369 quo
951 2324 1089 2359 vellent
1123 2324 1285 2360 abeundi
1321 2327 1558 2370 potestatem.
1623 2324 1714 2359 talia

222 2366 366 2421 petenti
400 2368 593 2413 Augustus
631 2369 759 2405 statim
799 2372 924 2407 omnia
960 2374 1142 2409 concessit
1175 2374 1282 2419 eique
1310 2376 1460 2419 praeter
1489 2372 1625 2408 sebasti
1653 2372 1710 2407 di-

222 2416 405 2458 gmtatem
430 2416 607 2461 pecunias
635 2430 782 2463 quoque
822 2420 958 2455 multas
992 2422 1032 2456 iu
1057 2433 1123 2457 sua
1157 2426 1280 2458 castra
1318 2420 1525 2457 revertenti
1562 2420 1710 2456 tribuit.

222 2466 438 2506 prosecutus
477 2468 626 2500 euntem
664 2470 718 2502 est
758 2467 1022 2504 Constantinus
1047 2468 1324 2516 Euphorbenus
1365 2472 1614 2516 cognomento
1648 2469 1712 2504 Ca-

221 2509 352 2564 tacalo,
392 2512 531 2556 partim
578 2526 623 2550 ne
665 2527 739 2560 qua
782 2516 816 2551 ei
862 2517 909 2554 ab
955 2518 1141 2558 exercitus
1181 2520 1302 2555 nostri
1342 2517 1530 2553 militibus
1572 2517 1713 2553 iniuria

221 2569 260 2591 111
286 2570 344 2613 via
369 2560 584 2606 inferretur,
621 2564 760 2609 partim
785 2564 898 2610 idque
938 2567 1174 2612 potissimum
1209 2571 1252 2603 ut
1290 2566 1501 2602 salubribus
1547 2566 1714 2611 tutisque

221 2608 352 2641 castris
377 2607 615 2662 designandis
641 2611 774 2648 Gallici
800 2613 985 2650 exereitus
1009 2627 1138 2651 curam
1174 2618 1323 2662 gereret
1347 2625 1553 2661 eorumque
1585 2615 1714 2660 aequis

222 2654 420 2709 postulatls
445 2657 722 2703 obsequeretur.
773 2661 827 2697 sic
860 2662 1098 2699 Boemundus
1126 2664 1174 2699 ad
1200 2676 1284 2700 suos
1309 2675 1492 2706 reversus,
1519 2662 1585 2698 ubi
1609 2674 1712 2698 exer-

221 2704 338 2737 cltum
363 2715 409 2738 us
434 2706 592 2742 tradidit
628 2719 719 2752 quos
746 2709 953 2755 imperator
986 2711 1033 2747 ad
1071 2712 1111 2748 id
1151 2713 1274 2759 ipsum
1317 2712 1520 2758 delegarat,
1562 2723 1712 2747 monere

222 2760 420 2787 conscensa
444 2752 736 2800 Longibardiam
761 2758 897 2804 petiit3
923 2771 991 2796 nee
1015 2761 1175 2806 amplius
1205 2773 1268 2796 sex
1293 2760 1481 2799 mensibus
1505 2762 1591 2805 post
1614 2771 1712 2795 com-

222 2809 333 2834 mune
358 2798 525 2836 debitum
551 2803 671 2840 solvit.
734 2805 1000 2851 imperatorem
1025 2821 1113 2844 vero
1153 2809 1318 2845 detinuit
1355 2808 1583 2855 aliquamdiu
1620 2820 1710 2844 cura

222 2845 431 2895 Gallorum3
459 2851 608 2886 tandem
634 2853 744 2889 rebus
769 2866 897 2890 eorum
919 2856 1012 2892 bene
1035 2857 1226 2904 dispositis
1250 2859 1322 2894 iter
1338 2856 1561 2904 Byzantium
1583 2868 1712 2892 versus
