1734 3120
475 244 740 289 mmmm
770 246 863 289 ΠΒ.
893 246 993 290 mv:
1025 240 1062 289 2.
1435 239 1516 290 253

31 385 154 417 νουσι
183 372 255 416 καὶ
282 367 627 423 ἐπεισπεσόντες
644 367 821 422 τούτοις
844 365 1113 429 αὗγαζοὺσης
1132 369 1295 430 ἡμέρας
1324 368 1520 431 ἀφειδῶς
1533 379 1570 416 P.
1598 380 1669 416 422

31 440 353 500 κατέσφαττον·
383 439 488 492 τούς
507 439 555 484 δὲ
575 440 680 496 παρ’
703 434 851 482 αὐτῶν
870 441 1188 496 κατεχομένους
1213 439 1520 497 δορυαλιίτους

32 505 275 566 ἐρρύσαντο
316 504 528 559 ἅπαντας.
589 500 779 551 κᾶπειτα
818 504 923 559 τοὺς
961 505 1077 563 πρὸς
1115 506 1194 568 τὴν
1219 506 1419 566 Σμύρνην
1447 510 1521 553 καὶ

31 575 83 620 τὸ
115 574 352 635 Νύμφαιον
369 571 698 632 ἀπερχομένους
719 571 944 630 Τούρκους
964 574 1167 630 ἐδίωξαν·
1185 574 1521 633 διεκδραμόντες

0 646 80 690 ῦδὲ
109 645 182 689 καί
208 661 323 697 τινες
351 639 445 688 ᾰπό
475 659 524 687 τε
553 644 632 686 τοῦ
664 641 928 699 ἔμπροσθεν
954 642 1116 698 μέρους
1145 644 1217 687 καὶ
1238 643 1287 698 ἐξ
1303 642 1520 701 ἑκατέρων

31 711 229 771 κεράτων
275 711 354 758 τὸν
407 712 500 756 κατ’
548 706 695 755 αὐτῶν
738 708 1115 769 συγκροτήσαντες
1161 709 1362 768 πόλεμον
1410 709 1520 755 κατὰ

30 779 191 839 κράτος
217 781 430 839 ἐνίκησαν.
499 780 572 823 καὶ
615 776 817 831 πολλοὺς
860 778 940 834 μὲν
983 779 1215 833 κτείνουσι,
1247 778 1443 832 πολλοὺς
1472 780 1521 823 δὲ

29 851 102 894 καὶ
134 849 319 908 ζωγρίαν
348 842 549 906 ἷίγουσιν·
590 844 630 891 οἱ
659 847 709 891 δέ·
737 863 784 904 γε
815 847 1188 906 καταλειφθέντες
1226 842 1366 905 ὀλίγοι
1403 845 1518 891 πάνυ

30 916 268 978 φεύγοντες
312 920 411 970 ταῖς
454 916 594 968 δίναις
637 918 717 960 τοῦ
741 912 1029 980 ἱ,ΤνΙαιάνδρου
1079 913 1348 972 ἐμπεσόντες
1378 911 1520 969 εὐθὺς

0 982 345 1044 ϋᾶπεπνίγησαν.
403 984 609 1041 ποταμὸς
638 985 686 1028 δὲ
707 981 837 1036 οὗτος
866 985 971 1042 περὶ
990 983 1192 1041 Φρυγίαν,
1223 982 1562 1037 σκολιώτατοςΒ

29 1057 246 1112 ποταμῶν
273 1050 485 1098 ἁπάντων
514 1053 587 1096 καὶ
619 1049 799 1109 καμπὰς
838 1055 1034 1107 συνεχεῖς
1062 1049 1343 1109 ποιούμενος.
1405 1057 1520 1110 θαρ-

30 1120 241 1181 ρήσαντες
272 1122 321 1166 δὲ
350 1116 463 1166 κᾶπὶ
491 1124 546 1182 τῇ
576 1121 761 1180 δευτέρᾳ
790 1120 886 1179 νίκῃ
906 1118 1011 1173 τοὺς
1041 1120 1305 1173 ἐπιλοίπους
1323 1121 1519 1166 ἐδίωκον.

28 1187 126 1236 ἀλλ’
160 1185 287 1236 οὐδὲν
315 1185 468 1243 αὐτοῖς
497 1189 666 1247 ἐγένετο
706 1189 845 1233 πλέον
882 1190 973 1232 τῶν
1008 1186 1217 1246 Τούρκων
1244 1187 1521 1248 φθασάντων

29 1257 308 1317 πορρωτάτω
338 1259 545 1316 γενέσθαι
578 1255 761 1302 τούτων.
821 1252 913 1302 εἶθ’
945 1254 1088 1310 οὕτως
1117 1257 1375 1316 ἐπανῆλθον
1405 1258 1522 1315 πρὸς

0 1329 365 1387 5Φιλαδέλφειαν.
424 1323 450 1371 ὁ
477 1326 526 1370 δέ
555 1343 602 1383 γε
631 1321 868 1382 Εὗμάθιος
907 1323 1094 1379 τούτους
1127 1327 1408 1383 θεασάμενος
1448 1326 1521 1370 καὶ

27 1393 314 1455 μεμαθηκώς,
364 1393 426 1448 ιῦς
470 1393 680 1451 ἒκθὺμως
724 1390 994 1453 ἠγωνίσαντο
1041 1391 1312 1447 σπεύδοντες
1354 1394 1518 1453 μηδένα

27 1468 117 1509 τῶν
144 1465 303 1522 χειρῶν
339 1459 487 1508 αὐτῶν
527 1463 744 1522 ἐκφυγεῖν,
785 1464 989 1520 δαψιλῶς
1026 1457 1192 1515 αὗτούς
1230 1460 1522 1522 φιλοτιμησά-

27 1550 160 1590 μενος
188 1530 379 1591 μεγάλας
408 1533 481 1577 καὶ
511 1532 556 1585 ἐς
583 1530 636 1577 τὸ
668 1531 934 1589 ἔμπροσθεν
951 1529 1208 1587 ὑπισχνεῖτο
1231 1530 1310 1585 τὰς
1329 1529 1521 1589 χάριτας.

165 1605 203 1646 2.
273 1598 407 1645 ΠΙετὰ
450 1601 499 1645 δὲ
546 1599 626 1660 τὴν
678 1605 757 1651 ,τοῦ
797 1600 1077 1658 Βαῖμούντου
1121 1601 1326 1662 τελευτὴν
1364 1599 1519 1660 ἐπειδὴ

0 1666 54 1714 ῦὸ
107 1669 272 1727 Ταγγρὲ
324 1671 405 1728 τῆς
454 1665 726 1725 Ἀντιοχείας
797 1667 1116 1727 περιεδράξατο
1175 1670 1249 1714 καὶ
1310 1667 1373 1722 ὥς
1430 1671 1558 1714 δια-Ο

28 1737 252 1796 φέρουσαν
300 1734 421 1797 αὐτῷ
482 1738 699 1795 ἐλογίζετο
757 1736 1015 1783 παντάπασι
1077 1736 1156 1782 τὸν
1218 1733 1521 1794 αὐτοκράτορα

26 1803 188 1864 ταύτης
244 1800 500 1862 ἅλλοτριῶν,
553 1804 577 1850 δ
625 1805 831 1862 βασιλευς
881 1807 927 1850 ἐν
979 1801 1123 1864 ταῦτῷ
1174 1808 1400 1850 κατανοῶν
1447 1806 1519 1849 καὶ

27 1873 137 1928 τούς
196 1874 274 1919 ἐπὶ
330 1877 384 1935 τῇ
453 1872 585 1919 πόλει
661 1875 1143 1932 παρασπονδουμένους
1209 1871 1368 1930 ὅρκους
1432 1877 1521 1917 τῶν

163 1947 197 1982 3.
224 1942 394 1993 σμύρναν
408 1945 450 1981 Α.
529 1947 563 1982 4.
587 1943 629 1981 τὸ
646 1945 755 1986 FAC,
771 1944 838 1982 τὸν
850 1945 891 1982 Ρ.
966 1947 999 1981 8.
1026 1948 1183 1991 ζωγρίαν
1198 1945 1276 1989 FA,
1293 1943 1517 1990 ζωγρείανΡ.

164 1996 218 2029 11.
245 1990 496 2041 θαρρήσαντες
510 1994 583 2037 ΑΟ,
610 1991 864 2039 θαρσήσαντες
877 1994 918 2029 P.
1046 1996 1099 2028 12.
1125 1990 1217 2028 κάπὶ
1234 1993 1276 2036 F⁷
1302 1995 1363 2027 καὶ
1390 1993 1452 2027 ἐπὶ
1477 1992 1518 2035 Ρ,

163 2040 233 2089 κᾷν
247 2044 292 2078 A.
395 2044 450 2078 13.
474 2044 621 2088 ἐγένετο
639 2043 718 2087 AF,
745 2043 886 2089 ἐγίνετο
903 2042 942 2077 Ρ.
1045 2043 1097 2077 14.
1124 2037 1347 2087 πορρωτάτω
1362 2040 1403 2082 F,
1432 2054 1520 2086 πορ-

162 2094 308 2138 ρωτέρω
321 2091 361 2136 P,
388 2090 437 2130 ὡς
463 2094 683 2138 πορρωτέρω
697 2092 741 2126 A.
856 2092 910 2126 18.
937 2091 974 2128 ἐς
1000 2090 1044 2131 F,
1073 2092 1123 2128 εἰς
1149 2090 1224 2125 AP.
1350 2090 1403 2124 19.
1431 2093 1519 2124 ante

160 2138 255 2187 μετὰ
292 2142 472 2185 quattuor
508 2140 721 2176 litterarum
760 2140 923 2185 spatium
959 2139 999 2173 in
1029 2139 1072 2174 F.
1246 2139 1304 2174 22.
1336 2138 1378 2173 ἐν
1401 2133 1519 2183 ταὺτῷ

163 2189 312 2234 scripsi:
338 2189 498 2224 ἐνταῦθα
523 2188 561 2224 P.
710 2190 769 2223 23.
796 2187 1075 2233 σπενδομένους
1100 2186 1137 2222 C.

28 2236 257 2272 obtruncant
281 2249 447 2283 quosque
479 2237 535 2272 illi
570 2239 746 2282 ceperant
788 2236 962 2271 libertate
998 2246 1125 2271 omnes
1160 2234 1312 2270 donant.
1384 2233 1520 2269 deinde

28 2284 236 2320 Turearum
260 2296 333 2327 eos,
360 2286 426 2331 qui
443 2285 638 2332 Smyrnam
658 2284 992 2331 Nymphaeumque
1017 2283 1207 2329 petebant,
1233 2285 1518 2328 persequuntur.

28 2335 141 2379 atque
165 2333 335 2369 nonnulli
374 2333 530 2370 celerius
555 2333 717 2380 profecti
742 2337 780 2369 et
806 2344 851 2368 ex
877 2332 1032 2368 adverso
1058 2336 1097 2368 et
1122 2331 1169 2367 ab
1206 2334 1366 2376 utroque
1401 2330 1520 2366 latere

28 2381 194 2427 graviter
219 2383 385 2428 aggressi
409 2393 472 2418 eos
495 2383 644 2429 egregie
668 2382 833 2417 vincunt.
878 2380 1015 2416 multos
1042 2380 1164 2416 nostri
1187 2378 1358 2422 caedunt,
1383 2378 1521 2414 multos

27 2430 139 2464 etiam
165 2431 339 2476 capiunt3
364 2431 475 2476 pauci
500 2431 720 2476 superstites
745 2429 945 2476 praecipiti
969 2428 1059 2474 fuga
1083 2429 1123 2463 in
1141 2426 1334 2463 Maeandri
1359 2428 1520 2463 vertices

28 2477 125 2513 illati
147 2479 273 2514 statim
289 2480 496 2524 perierunt.
539 2478 693 2525 perfluit
716 2479 748 2513 is
770 2478 890 2513 amnis
904 2477 1120 2522 Phrygiam,
1133 2476 1334 2511 fluviorum
1349 2475 1518 2510 omnium

29 2526 307 2572 obliquissimus
334 2530 372 2563 et
395 2528 538 2563 crebris
562 2539 600 2562 se
629 2527 787 2562 flexibus
802 2529 1063 2571 contorquens.
1115 2524 1230 2560 erecti
1247 2524 1373 2558 animo
1399 2523 1519 2559 nostri

28 2575 148 2610 altera
172 2574 242 2611 hac
264 2576 424 2612 victoria
449 2575 613 2621 reliquos
639 2575 753 2611 etiam
777 2575 1044 2620 insequuntur3
1070 2573 1207 2619 quibus
1237 2576 1363 2607 tamen
1400 2572 1519 2607 nimio

27 2623 225 2659 intervallo
263 2626 469 2670 progressis
505 2636 591 2660 cum
615 2623 710 2659 nihil
735 2623 895 2669 amplius
931 2622 1187 2668 profecissent,
1224 2619 1519 2666 Philadelphiam

27 2671 196 2707 redeunt.
232 2683 296 2708 eos
321 2673 432 2708 simul
451 2684 493 2709 ae
517 2673 710 2718 conspexit
725 2671 948 2706 Eumathius
973 2670 1199 2715 fortiterque
1216 2680 1398 2714 pugnasse
1417 2668 1520 2704 audi-

27 2721 84 2755 vit
107 2723 220 2765 atque
243 2720 284 2755 id
306 2721 468 2757 maxime
490 2721 619 2767 egisse,
646 2732 693 2755 ne
718 2731 828 2766 quem
854 2719 926 2754 sibi
947 2718 1111 2754 hostium
1135 2717 1233 2752 elabi
1254 2718 1430 2762 sinerent,
1447 2717 1519 2752 lar-

28 2769 129 2814 giter
155 2779 216 2804 eos
241 2773 502 2805 remuneratus
526 2781 679 2815 magnas
706 2769 818 2804 etiam
844 2768 883 2803 in
908 2769 1098 2812 posterum
1121 2766 1262 2811 gratias
1287 2766 1470 2810 promisit.

163 2818 196 2852 2.
247 2817 300 2852 At
324 2817 542 2853 Boemundo
567 2817 745 2853 defuncto
771 2828 856 2852 cum
882 2815 1097 2851 Tancredus
1117 2813 1359 2850 Antiochiam
1381 2813 1520 2849 mordi-

27 2875 93 2900 cus
117 2867 263 2912 teneret
286 2868 326 2901 et
350 2866 615 2912 imperatorem
638 2865 727 2901 inde
751 2876 880 2901 arcens
904 2864 1013 2910 plane
1040 2863 1233 2909 propriam
1257 2862 1331 2898 sibi
1354 2862 1520 2906 duceret,

28 2912 234 2959 imperator
271 2917 452 2960 reputans
479 2918 518 2950 et
540 2914 681 2950 violata
717 2913 782 2949 illa
805 2913 851 2949 de
876 2912 947 2948 hac
971 2912 1065 2947 urbe
1088 2911 1321 2947 Francorum
1358 2911 1517 2946 istorum
