1734 3120
174 175 256 222 ‘240
676 177 842 218 ANNAE
871 177 1137 218 ΟΟΜΝΕΝΑΕ

171 301 313 359 ’ὑμῶν’
356 297 467 357 μετὰ
494 302 584 343 τῶν
622 293 1010 355 ἀναγεγραμμένων
1047 294 1098 341 τὸ
1137 291 1435 354 στρατηγάτον
1463 296 1655 354 Παγρᾶς,

171 369 222 414 τὸ
253 366 547 427 στρατηγὸιτον
576 366 799 422 Παλατζά,
847 363 898 409 τὸ
934 365 1057 421 Θέμα
1087 367 1172 408 τοῦ
1194 368 1343 421 Ζοῦμε
1385 364 1536 410 καὶτὰ
1567 364 1656 410 ὑπὸ

171 442 307 482 ταῦτα
332 435 476 480 πάντα
509 433 674 490 κάστρα
704 451 751 478 τε
777 434 848 478 καὶ
879 433 1084 488 πολίχνια
1113 433 1185 477 καὶ
1225 430 1250 493 ἡ
1286 431 1456 493 ἑκάστῳ
1486 431 1661 491 προσή-

173 523 310 551 κοι-σα
333 506 467 561 χώρα.
516 507 652 547 ταῦτα
681 501 759 560 γὰρ
783 500 927 545 πάντα
955 496 1081 546 κοῗκεῖ
1111 502 1362 558 περιέχεται
1391 502 1436 546 ἐν
1467 504 1531 561 τῷ
1562 520 1662 560 χρυ-

173 572 400 632 σοβοίλλῳ
446 570 561 631 λόγῳ
599 574 678 630 τῆς
723 571 950 627 βασιλείας
994 567 1116 627 ’ὑμῶν
1165 567 1226 623 (ὗς
1265 571 1547 629 δεδωρημένα
1585 581 1697 627 μοι5

175 641 297 699 παρὰ
339 645 417 686 τοῦ
459 642 589 686 θείου
629 637 815 696 κράτους
851 640 978 695 μέχρι
1017 639 1211 694 πέρατος
1248 642 1326 700 τῆς
1357 639 1463 700 ἐμῆς
1495 643 1659 697 βιοτῆς,

174 709 235 765 ιῦς
265 707 536 771 ὅφειλόντων
564 707 676 766 μετοέ
713 707 791 767 τὴν
833 708 1011 752 ἐνθένδε
1049 724 1136 764 μου
1180 705 1446 764 μετάστασιν
1483 707 1547 761 εἷς
1585 707 1664 767 τὴν

171 781 396 837 βασιλείαν
427 775 789 834 ἐπανακάμπτειν
819 779 899 834 τῆς
933 777 1028 828 νέας
1054 773 1221 834 Ῥώμης
1241 776 1311 820 καὶ
1329 777 1557 832 βασιλίδος
1576 780 1664 821 τῶν

23 864 62 900 Ρ,
90 865 160 898 413
173 847 349 893 πόλεων
368 843 894 897 Κωνσταντινουπόλεως,
915 845 984 904 ἐφ’
1009 835 1044 903 ᾦ
1057 841 1293 904 φυλάττειν
1309 845 1459 890 πίστιν
1476 841 1665 904 ἀκραιφ-

174 916 382 976 νεστὰτην
408 918 479 960 καὶ
502 910 673 960 εἴνοιαν
698 912 900 970 καθαρὰν
923 914 977 957 δι’
1010 913 1130 969 ’ὑμῶν
1165 915 1255 957 τῶν
1275 908 1575 969 ἄεισεβάστων
1591 931 1664 958 σε·
1681 922 1725 956 10

174 987 352 1042 βαστιῦν
378 984 595 1041 βασιλέων
636 981 700 1035 εἷς
729 980 807 1040 τὴν
828 981 1065 1037 βασιλείαν
1104 976 1237 1039 αὐτῆς
1274 982 1347 1025 καὶ
1385 984 1465 1026 τοῦ
1493 979 1664 1039 θρόνοι,Ῑ

175 1051 332 1111 ταίτης
370 1053 441 1096 καὶ
482 1055 562 1110 τῆς
603 1051 832 1108 βασιλικῆς
870 1047 1033 1109 ῥάβδου
1076 1050 1236 1093 δοῦλον
1275 1044 1386 1094 εἶναι
1427 1051 1498 1094 καὶ
1529 1051 1666 1106 λίζιον

176 1120 444 1177 ὑποχείριον.
512 1122 740 1180 σι’μφωνιῢ
787 1119 835 1163 δὲ
878 1119 950 1162 καὶ
997 1112 1156 1174 ὄμνυμι
1187 1115 1264 1162 τὸν
1301 1118 1346 1162 ἐν
1375 1121 1428 1178 τῇ
1463 1119 1667 1178 ἐκκλησίᾳ

176 1185 445 1245 Ἀντιοχείας
479 1185 838 1245 πρεσβευόμενον
871 1183 998 1239 Θεόν,
1038 1183 1100 1238 οἷς
1141 1181 1219 1230 οὔκ
1256 1186 1303 1230 ἐκ
1341 1188 1420 1231 τοῖ’
1454 1186 1666 1245 ἡμετέρου

176 1260 325 1316 γένους
353 1254 625 1314 πατριάρχης
658 1254 781 1300 ἔσται
810 1255 1096 1310 Ἀντιοχείας,
1138 1250 1232 1299 ἄλλ’
1266 1250 1317 1298 ὃν
1346 1252 1399 1298 ἂν
1427 1257 1727 1312 προβαλεῖ-15

177 1344 248 1370 ται
294 1323 318 1386 ἡ
360 1325 560 1381 βασιλεία
602 1322 727 1380 ὑμῶν
769 1324 816 1368 ἑκ
858 1326 948 1366 τῶν
978 1320 1252 1379 θρεμμάτων
1297 1321 1669 1381 τυγχάνοντατῆς

178 1393 288 1438 κατὰ
316 1392 393 1455 τὴν
423 1390 896 1437 Κωνσταντινοὺπολιν
922 1389 1112 1449 μεγάλης
1141 1391 1380 1449 ἐκκλησίας.
1422 1389 1445 1435 ὅ
1466 1394 1670 1444 τοιοῦτος

179 1460 259 1519 γὰρ
290 1463 362 1505 καὶ
387 1465 466 1505 τοῦ
498 1457 669 1516 θρόνου
700 1462 779 1504 τοῦ
810 1458 920 1504 κατὰ
957 1458 1035 1520 τὴν
1061 1458 1334 1515 Ἀντιόχειαν
1378 1459 1555 1517 ἐπιβαίη
1598 1460 1669 1503 καὶ

139 1528 325 1578 Βπάντα
354 1527 511 1586 πράξει
538 1531 851 1586 ἀρχιερατικῶς
881 1527 928 1573 ἔν
959 1546 1007 1573 τε
1038 1528 1328 1586 χειροτονίαις
1356 1529 1428 1572 καὶ
1452 1531 1549 1580 ταῖς
1578 1529 1671 1572 λοι-

181 1601 288 1650 παῖς
323 1598 697 1655 ἐκκλησιαστικαῖς
724 1594 976 1642 ὖποῦέσεσι
1008 1595 1116 1640 κατὰ
1145 1594 1199 1640 τὰ
1226 1599 1310 1640 τοῦ
1344 1594 1510 1652 θρόνου
1541 1597 1670 1640 τοῦδε
1685 1611 1731 1644 20

180 1667 414 1723 προνόμια.
471 1658 580 1725 ἦσαν
623 1666 672 1710 δὲ
708 1659 794 1722 ἄρα
823 1666 896 1709 καὶ
939 1662 983 1709 αἱ
1028 1660 1120 1709 ἀπὸ
1164 1668 1242 1723 τῆς
1282 1666 1490 1722 δουκικῆς
1534 1658 1672 1722 ἀρχῆς

26 1750 68 1787 V.
97 1750 166 1784 327
180 1737 258 1793 τῆς
287 1732 396 1777 κατὰ
427 1731 504 1792 τὴν
537 1731 669 1777 πόλιν
701 1728 971 1789 Ἀντιοχείας
992 1728 1326 1791 ἆποτμηθεῖσαι
1359 1732 1536 1789 μερίδες
1569 1731 1672 1791 [καὶ]

180 1799 301 1859 παρὰ
327 1805 405 1862 τῆς
432 1802 657 1858 βασιλείας
687 1799 811 1858 ὑμῶν
831 1799 894 1854 ὥς
914 1798 1167 1846 ἐθελόντων
1196 1799 1356 1854 ταύτας
1377 1796 1673 1858 προσοικειώ-

313 1890 344 1924 2.
371 1883 556 1934 Παλατζά]
575 1885 618 1922 τὰ
637 1884 834 1934 Πολαδερά
853 1882 890 1923 ΟᾸ
959 1889 990 1923 4.
1015 1883 1276 1935 χρυσοβοὺλλῳ
1292 1886 1365 1932 FC,
1382 1882 1620 1933 χρυσοβοὺλῳ
1632 1885 1671 1921 P.

1331 1939 1355 1980 β
1468 1948 1491 1970 α

315 1986 347 2020 7.
376 1982 574 2031 ὀφείλοντα
599 1985 717 2029 γοῦνῬ
795 1985 849 2021 10.
880 1987 941 2019 καὶ
967 1984 1105 2020 addidi.
1205 1985 1259 2020 12.
1286 1984 1377 2020 εἶναι
1402 1983 1537 2019 δοῦλον
1560 1983 1671 2028 (corr.

314 2045 362 2068 m.
378 2034 409 2079 1)
419 2034 460 2069 F.
514 2035 566 2069 13.
588 2031 728 2081 ὄμνυμι
747 2034 788 2075 F,
808 2030 1000 2081 ἐπόμνυμι
1014 2033 1054 2069 Ρ.
1105 2034 1146 2069 ἐν
1161 2033 1204 2076 F,
1225 2034 1265 2068 ἐκ
1281 2033 1320 2068 Ρ.
1375 2034 1430 2068 14.
1453 2029 1674 2078 Ἀντιοχείας

247 2114 249 2116 ,
301 2081 355 2124 F,
379 2079 567 2129 Ἀντιόχου
581 2082 620 2118 Ρ.
680 2083 736 2118 18.
761 2079 984 2128 Ἀντιόχειαν
997 2081 1038 2128 F,
1063 2078 1251 2128 Ἀντιόχου
1268 2081 1308 2117 P.
1359 2082 1417 2116 22.
1443 2083 1504 2115 καὶ
1530 2080 1672 2116 seclusi.

180 2174 262 2198 cum
287 2174 400 2210 supra
416 2164 565 2210 scriptis
592 2167 798 2212 strategata
811 2164 954 2210 Pagrae
969 2164 1224 2210 Palatzaeque,
1251 2163 1377 2200 thema
1391 2162 1506 2198 Zume
1524 2164 1562 2198 et
1579 2173 1674 2208 quae

182 2211 239 2246 his
266 2213 422 2247 subsunt
447 2216 570 2248 castra
594 2216 706 2259 atque
734 2213 914 2259 oppidula
938 2225 1020 2249 cum
1049 2213 1150 2258 agris
1176 2213 1262 2249 suis.
1311 2212 1403 2248 haec
1429 2212 1528 2247 enim
1550 2211 1674 2246 omnia

182 2260 221 2295 in
248 2272 359 2296 aurea
383 2261 447 2296 illa
476 2262 681 2297 maiestatis
707 2265 853 2298 vestrae
883 2261 986 2298 bulla
1009 2264 1300 2298 commemorata
1326 2263 1414 2296 sunt
1442 2263 1484 2296 ut
1511 2259 1676 2295 adivina

182 2311 366 2354 potestate
393 2309 440 2344 ad
468 2311 671 2345 terminum
712 2322 828 2357 usque
868 2311 968 2346 vitae
1005 2322 1108 2346 meae
1146 2310 1239 2346 mihi
1278 2309 1424 2345 muneri
1465 2308 1564 2353 data,
1590 2310 1677 2354 post

183 2369 305 2392 meum
330 2358 418 2394 hinc
455 2358 598 2394 obitum
630 2359 798 2394 reditura
830 2358 877 2394 ad
903 2359 1103 2405 imperium
1136 2370 1253 2395 novae
1276 2357 1418 2394 Romae
1450 2358 1675 2403 reginaeque

182 2405 333 2440 urbium
359 2406 717 2452 Constantinopolis:
757 2419 800 2443 ea
824 2408 905 2454 lege
931 2411 974 2443 ut
1008 2408 1289 2454 integerrimam
1316 2405 1429 2442 fidem
1468 2405 1676 2442 custodiam

181 2453 551 2501 benevolentiamque
576 2467 708 2501 puram
745 2468 811 2502 per
853 2468 918 2492 vos
959 2468 1103 2503 semper
1148 2458 1326 2503 augustos
1363 2454 1552 2500 principes
1587 2465 1677 2499 erga

182 2502 287 2537 urbis
327 2503 525 2548 imperium
578 2504 779 2550 thronique
818 2504 895 2540 eius
937 2517 979 2540 ac
1032 2505 1128 2552 regii
1167 2504 1305 2551 sceptri
1346 2514 1472 2539 servus
1511 2503 1581 2538 sim
1635 2513 1678 2537 ac

181 2549 288 2584 lizius
314 2551 495 2587 subditus.
534 2553 714 2598 promitto
746 2553 858 2588 etiam
885 2556 997 2599 atque
1023 2554 1194 2589 obtestor
1218 2554 1346 2588 iurans
1371 2552 1436 2597 qui
1461 2551 1500 2586 in
1525 2549 1678 2586 ecclesia

185 2598 405 2634 Antiochiae
446 2600 625 2635 adoratur
654 2601 777 2643 deum,
818 2613 892 2637 non
920 2613 964 2637 ex
1005 2605 1134 2637 nostro
1175 2601 1256 2637 fore
1290 2611 1427 2648 genere
1455 2599 1677 2634 Antiochiae

183 2646 447 2693 patriarcham,
475 2649 538 2684 sed
564 2661 647 2684 eum
674 2651 732 2685 cui
762 2651 936 2685 maiestas
970 2653 1093 2686 vestra
1118 2650 1319 2685 id'munus
1344 2647 1535 2692 detulerit,
1563 2659 1583 2682 e
1609 2659 1675 2682 nu—

185 2706 286 2749 mero
328 2695 562 2731 alumnorum
609 2709 764 2744 magnae
799 2698 972 2734 ecclesiae
1011 2697 1447 2745 Constantinopolitanae
1480 2695 1676 2731 delectum.

185 2741 247 2778 hic,
283 2745 505 2779 conscendat
540 2746 661 2781 sedem
697 2746 969 2782 Antiochenam
1004 2748 1250 2792 omnibusque
1282 2746 1463 2792 fungatur
1489 2743 1678 2790 pontificis

186 2790 330 2836 officiis,
358 2795 394 2826 et
420 2805 595 2828 manuum
621 2794 926 2840 impositionibus
964 2797 1003 2831 et
1038 2796 1193 2842 reliquis
1228 2793 1487 2831 ecclesiasticis
1516 2792 1676 2828 functio-

185 2839 308 2885 nibus,
349 2852 394 2875 ex
435 2841 529 2876 sodis
567 2842 675 2877 istius
713 2843 933 2890 privilegiis.
1003 2847 1109 2880 erant
1147 2846 1272 2880 autem
1316 2844 1442 2890 partes
1476 2853 1499 2876 a
1536 2841 1676 2877 ducatu
