1806 3132
511 221 565 256 m
591 221 880 257 ALEXIADEM
911 223 1074 258 NOTAE
1447 217 1531 260 555

1 354 5 357 ’
54 337 99 382 id
129 337 393 393 potissimum
423 349 573 382 causae
601 338 697 390 fuit,
727 351 802 381 cur
829 338 874 381 in
902 340 1084 383 nummis
1116 341 1158 383 et
1187 340 1336 393 Bullis,
1367 355 1440 385 seu
1455 343 1531 386 Di-

54 395 323 450 plomatibus,
354 394 482 450 atque
514 394 616 438 adeo
652 395 842 438 Novellis
896 396 1009 438 istud
1055 396 1266 451 epitheton
1310 398 1529 443 affectarit.

55 451 205 495 Tradit
242 452 396 507 quippe
437 451 667 496 Cinnamus
700 452 774 495 lib.
800 454 836 495 1.
867 452 1102 496 Manuelem
1146 466 1240 497 cum
1284 456 1444 510 patrem
1486 457 1530 499 in

55 508 369 563 Expeditionem
387 508 776 552 Neocaesariensem
806 510 971 552 secutus
995 510 1058 552 est
1078 509 1130 552 A.
1153 509 1197 553 C.
1219 521 1390 555 MCXLII
1416 513 1532 556 aeta·

52 565 110 608 tis
133 577 291 608 annum
318 565 513 621 attigisse
542 565 936 608 duodevicesimum.
990 565 1110 609 Unde
1138 567 1356 610 conficitur
1384 569 1530 612 natum

53 622 148 677 post
176 622 375 677 adeptum
405 635 431 665 a
455 621 611 665 Ioanne
640 622 882 677 Imperium,
919 623 992 677 qui
1021 622 1127 665 illud
1157 623 1322 667 demum
1352 625 1450 667 iniit
1478 625 1530 668 A.

52 688 260 722 mcxvm.
291 679 358 722 15.
387 678 456 722 die
486 678 600 734 Aug.
631 691 714 734 quo
740 679 912 722 Alexius
941 691 1089 734 parens
1131 693 1154 723 e
1199 681 1306 723 vivis
1348 682 1530 725 excessit.

53 736 177 779 Hanc
205 748 327 790 porro
355 734 564 778 Manuelis
593 735 810 779 Monetam
838 735 1138 780 Manuelatum
1166 738 1385 790 vocabant,
1422 738 1531 793 quod

54 805 102 835 ex
129 792 408 835 instrumento
450 792 577 847 pacis,
623 804 696 835 seu
739 792 847 835 inito
890 793 1001 835 inter
1030 793 1291 836 Theodorum
1320 794 1531 838 Lascarim

52 849 160 903 Imp.
197 849 239 891 et
259 848 440 891 Venetos
482 848 647 892 foedere
689 849 917 905 colligitur,
960 849 1077 892 cuius
1119 850 1275 893 mentio
1318 851 1381 893 est
1423 851 1533 906 apud

52 905 211 948 Iulium
240 918 266 948 a
294 905 429 948 Puteo
449 905 728 948 Veronensem
767 906 812 948 in
844 905 1099 960 Genealogia
1130 906 1316 950 familiae
1345 907 1533 950 Lascari-

54 974 149 1005 cae:
193 961 318 1005 Nelle
344 961 517 1005 Monate
554 962 626 1005 che
666 963 706 1005 si
742 963 960 1006 battevano
998 963 1162 1015 fussero
1205 963 1427 1016 differenti,
1471 964 1534 1018 qli

58 1018 276 1072 Yperperi,
315 1022 355 1062 et
381 1019 400 1062 i
426 1018 650 1062 Manulati
691 1033 746 1062 ne
772 1018 831 1074 yl’
872 1019 1051 1073 Imperii
1093 1019 1195 1062 loro.
1263 1019 1359 1063 Mox
1402 1020 1532 1071 addit,

52 1074 284 1119 Mamdato
311 1089 387 1118 era
415 1079 582 1119 moneta
601 1076 649 1119 di
675 1076 937 1130 nputatimw
959 1075 1072 1129 satta
1091 1076 1247 1119 battere
1265 1077 1323 1120 da
1341 1076 1533 1128 Manuel,

53 1132 125 1175 che
151 1145 205 1175 ne
227 1131 281 1186 fu
322 1130 526 1176 z’Autore.
587 1132 766 1176 Manlat
806 1146 881 1187 pro
926 1132 1131 1175 Mamdat
1171 1133 1437 1188 nuncupatur
1481 1133 1535 1176 ab

53 1188 241 1232 Arnoldo
271 1189 497 1232 Lubecensi
525 1189 599 1232 lib.
620 1190 661 1232 3.
692 1201 781 1244 cap.
806 1190 874 1232 33.
911 1189 983 1244 qui
1012 1189 1099 1232 eius
1128 1189 1363 1242 materiam,
1401 1202 1535 1244 quan-

51 1245 211 1288 tumvis
239 1258 422 1298 auream,
444 1245 636 1288 viliorem
664 1246 806 1288 tamen
836 1245 963 1289 fuisse
991 1245 1075 1289 ait:
1103 1245 1185 1288 Est
1212 1250 1362 1299 autem,
1382 1246 1533 1300 inquit,

51 1301 230 1346 Manlat
257 1301 310 1345 de
334 1302 533 1346 viliorum
556 1303 819 1354 numismate,
848 1303 921 1356 qui
949 1316 1024 1345 nec
1051 1306 1162 1346 totus
1196 1303 1254 1345 sit
1282 1316 1436 1346 aureus
1461 1316 1535 1345 nec

53 1362 165 1402 totus
183 1372 373 1413 cupreus,
404 1360 479 1403 sed
507 1360 630 1414 quasi
660 1359 713 1402 de
755 1359 930 1412 confusa
967 1363 1006 1402 et
1034 1359 1111 1402 vili
1154 1363 1316 1403 ccmstat
1341 1359 1533 1402 materia.

53 1415 175 1459 Certe
214 1415 420 1472 quidquid
464 1415 594 1459 fuerit
634 1416 686 1459 de
728 1416 810 1459 isto
839 1415 1017 1458 Arnoldi
1044 1415 1302 1468 Manuelato‚
1338 1415 1387 1467 is,
1418 1415 1535 1458 cuius

51 1472 235 1524 memini,
265 1485 314 1515 ex
342 1472 471 1527 probo
503 1472 708 1516 conflatus
738 1485 840 1516 auro
878 1472 1055 1515 videtur.
1118 1472 1285 1515 Profert
1322 1472 1534 1527 praeterea

51 1528 376 1583 supralaudatus
406 1528 561 1572 Strada
587 1541 806 1572 nummum
827 1529 959 1572 alium
989 1542 1175 1581 aureum,
1205 1541 1328 1583 quem
1349 1528 1534 1571 Manueli

52 1585 210 1640 pariter
238 1585 453 1638 adscribit,
481 1586 526 1628 in
556 1586 673 1629 cuius
702 1586 844 1629 antica
872 1586 1065 1628 visuntur
1094 1585 1201 1628 duae
1230 1584 1389 1640 figurae
1417 1585 1535 1628 stan-

52 1643 129 1693 tm,
160 1642 275 1696 prior
302 1642 575 1697 Imperatoris
603 1643 769 1686 barbati
802 1642 948 1685 dextra
993 1642 1158 1684 hastam
1194 1654 1288 1684 cum
1320 1641 1456 1695 siparo
1493 1642 1534 1683 et

51 1699 152 1741 nota
181 1698 347 1750 Labari,
378 1699 503 1742 laeva
531 1699 723 1754 gladium
755 1700 879 1742 lateri
906 1698 1199 1741 adhaerentem
1227 1697 1430 1740 tenentis:
1469 1696 1532 1739 al-

49 1755 141 1798 tera
170 1755 233 1798 aet
260 1755 449 1798 mulieris
488 1754 635 1811 (quam
666 1756 891 1810 Deiparam
924 1768 1010 1798 esse
1037 1767 1113 1809 par
1142 1755 1204 1797 est
1232 1752 1413 1808 credere)
1453 1753 1532 1796 Co-

50 1824 196 1854 ronam
213 1812 484 1867 Imperatoris
514 1813 645 1867 capiti
671 1812 936 1867 imponentis,
967 1824 1060 1854 cum
1081 1811 1193 1853 hisce
1211 1809 1530 1860 characteribus,

50 1878 122 1911 DN
151 1877 381 1912 ΜΑΝουΗΛ
397 1902 519 1911 .....
537 1869 660 1920 hunc,
682 1869 761 1911 etsi
787 1868 923 1911 nescio
944 1867 1044 1923 quid
1063 1867 1346 1910 adulterinum
1368 1878 1415 1909 ex
1435 1866 1532 1908 lite-

50 1922 1531 2036 {ffmDffitffifflcssutffffiss’fflssssaeffissss'etffssiiuiffltssff

50 2037 157 2081 riam
194 2037 469 2081 Comnenicae
497 2038 685 2082 familiae
713 2037 1011 2081 illustrandam
1039 2036 1158 2079 desit.
1203 2035 1403 2079 Servatur
1430 2034 1530 2076 isin

49 2094 375 2138 instructissimo
404 2094 715 2151 Gazophylaeio
738 2095 926 2138 Thuano.
973 2093 1165 2136 Habetur
1183 2092 1226 2134 in
1248 2091 1391 2134 antica
1406 2090 1530 2133 Prin-

51 2163 144 2205 ceps
173 2151 322 2194 habitu
352 2150 833 2206 Constantinopolitano,
866 2150 983 2193 cuius
1014 2149 1138 2203 caput
1170 2161 1317 2191 manus
1346 2147 1396 2190 de
1416 2146 1529 2189 caelo

50 2207 204 2262 tangit,
235 2207 380 2251 dextra
412 2207 585 2251 Crucem
617 2209 764 2251 hastae
788 2207 1027 2261 impositam
1060 2205 1204 2255 ferenS,
1236 2204 1405 2246 sinistra
1435 2202 1530 2257 gla-

50 2263 169 2306 dium
191 2277 264 2307 seu
294 2277 433 2307 ensem
464 2264 620 2320 Angeli
650 2277 781 2307 manu
810 2263 1024 2318 recipiens,
1050 2274 1145 2304 cum
1175 2261 1286 2303 hisce
1315 2259 1529 2323 characte-

49 2320 165 2363 ribus
195 2329 426 2364 ICAmoc
455 2323 554 2364 ΔΕ.
576 2355 585 2364 .
606 2331 743 2364 .PA..
763 2355 771 2363 .
789 2330 858 2362 MI.
917 2319 967 2361 In
1013 2318 1172 2373 postica
1216 2316 1367 2359 visitur
1409 2327 1528 2370 virgo

49 2376 206 2429 sedens,
242 2377 462 2420 icunculae
491 2379 618 2432 caput
643 2378 687 2420 in
715 2377 810 2419 sinu
839 2376 995 2418 fovenS.
1043 2374 1251 2416 Nummus
1283 2373 1346 2415 est
1367 2383 1528 2421 aureus,

50 2433 122 2477 sed
153 2433 346 2488 ponderis
374 2447 458 2477 non
485 2434 707 2489 aequantis
736 2432 915 2476 solidum
947 2430 1290 2474 Iustinianaeum.

183 2515 251 2560 Εὖ
289 2516 419 2573 ημίας
448 2514 826 2573 προεξάρχοντες]
877 2513 1092 2558 Interdum
1136 2512 1305 2555 Psaltae
1348 2511 1390 2554 et
1418 2509 1569 2575 Can-C

49 2574 160 2617 tores
185 2590 247 2615 πο
276 2571 488 2628 υχρόνιον,
520 2587 591 2618 seu
626 2572 948 2617 acclamationes
984 2569 1252 2625 incipiebant,
1282 2569 1526 2623 praesertim

50 2642 146 2673 cum
194 2630 352 2675 fiebant
393 2631 494 2675 illae
529 2631 573 2674 in
604 2629 799 2684 Templis,
843 2628 891 2670 ut
921 2627 1044 2670 autor
1073 2626 1135 2668 est
1164 2624 1345 2668 Codinus
1375 2636 1464 2678 cap.
1486 2623 1525 2665 6.

49 2686 104 2731 N.
124 2687 164 2730 5.
194 2687 414 2731 Interdum
446 2688 576 2731 etiam
607 2687 825 2729 Proceres:
856 2683 966 2726 idem
997 2695 1087 2737 cap.
1108 2682 1149 2724 8.
1178 2680 1230 2724 N.
1253 2681 1290 2723 2.
1322 2681 1364 2723 et
1393 2681 1432 2723 3.

183 2766 402 2825 Δεύτερον
429 2769 573 2831 Ίθῆλυ]
619 2770 755 2814 Maria
797 2769 916 2818 forte,
948 2780 1073 2822 quam
1113 2766 1292 2820 primam
1331 2777 1354 2807 e
1388 2764 1569 2807 tribusD

48 2826 187 2872 Alexii
215 2827 384 2873 filiabus
411 2829 603 2872 nominat
632 2828 827 2871 Zonaras.
889 2824 996 2867 Vide
1020 2823 1093 2867 lib.
1117 2823 1181 2865 15.
1211 2822 1289 2865 sub
1319 2821 1457 2864 finem.
