1768 3152
542 233 808 275 Anssxlnms‘
842 230 935 272 ΗΒ.
971 241 1016 272 x.
1053 235 1089 276 4.
1501 238 1554 277 23

52 362 162 417 ταχῆ
193 355 384 416 ἔφευγον
418 351 635 413 ἀκρατῶς.
708 354 912 412 Κόμανοι
951 357 1033 413 μὲν
1076 350 1155 402 οὖν
1183 363 1418 417 τηνικαῦτα
1445 360 1598 404 nin-C

53 443 207 472 τουσιν
236 423 345 472 ὦσεὶ
374 424 567 482 χιλιάδες
595 423 723 481 ἑπτά,
769 421 953 484 ἄγονται
989 426 1039 472 δὲ
1078 429 1150 472 καὶ
1191 429 1346 485 ζωγρία
1390 430 1557 484 τρισχί-

55 498 156 542 λιοι.
192 494 274 555 τὴν
300 495 453 552 μέντοι
483 496 606 540 λείαν
634 493 813 540 ἅπασαν
841 491 1114 554 ἀφελόμενοι
1145 493 1186 540 οἳ
1214 499 1294 540 τοῦ
1312 495 1556 553 Ῥωμαϊκοῦ

54 562 389 622 στρατεύματος
426 560 488 609 οὔ
529 562 908 623 συνεχωρήθησαν
948 562 1072 620 παρὰ
1109 567 1190 609 τοῦ
1227 562 1556 622 αὗτοκράτορος

19 632 161 681 δκατι)
191 632 245 679 τὸ
277 630 451 687 εἰωθὸς
492 631 655 692 ταύτην
684 630 1083 691 ἑπιμοιράσασθαι,
1123 632 1243 679 mad
1277 632 1555 693 ἐξὺπογύοι·

54 707 146 749 τῶν
187 703 526 762 παρακειμένων
567 706 726 760 χωρῶν
773 700 1030 761 ε’σκυλεύθη,
1081 698 1191 747 ἄλλα
1229 705 1422 762 δοθῆναι
1460 709 1558 758 τοῖς

56 772 271 826 ἐποίκοις.
337 774 420 816 τοῦ
447 775 552 830 γοῦν
578 773 811 828 βασιλικοῦ
845 769 1190 830 προστάγματος
1221 776 1391 831 πτηνοῦ
1434 774 1558 831 δίκην

56 841 122 895 εἷς
162 839 342 886 ἅπασαν
378 840 459 885 τὶν
494 841 751 898 περίχωρον
791 839 1196 900 διαδεδραμηκότος
1234 841 1421 895 ἕκαστος
1468 846 1558 886 τῶν

56 911 395 956 σκυλευθέντων
421 907 783 968 παραγενόμενος
814 907 1121 968 ἐπιγινώσκων
1149 928 1202 955 το
1233 908 1351 956 ι’διον
1370 907 1558 968 ανελαμ·

0 990 45 1026 10
55 976 230 1035 βάνετο.
288 981 694 1037 στερνοτυποῦντες
714 970 793 1024 οὖν
822 980 897 1023 καὶ
926 983 1078 1036 χεῖρας
1109 976 1301 1033 ἱκετίδας
1332 978 1397 1033 είς
1429 998 1556 1036 οιρα-

57 1047 135 1092 νὸν
162 1065 365 1105 αιροντες
389 1051 455 1107 τῷ
485 1042 782 1106 αὐτοκράτορι
818 1046 874 1092 τὰ
900 1046 1048 1107 λῴονα
1078 1045 1340 1107 ἕπηὺχοντο.
1398 1050 1471 1093 καὶ
1501 1041 1554 1108 ἦν

56 1113 240 1163 ἀκούειν
282 1115 437 1178 φωνὴν
473 1119 719 1175 σύμμικτον
756 1113 930 1175 ανδριῦν
963 1135 1013 1163 τε
1051 1119 1125 1163 καὶ
1161 1121 1380 1177 γιναικιῦν
1407 1119 1605 1177 μέχριςΙ)

56 1182 196 1245 αυτῆς
223 1189 303 1248 τῆς
332 1188 592 1248 σεληνιακῆς
618 1188 815 1247 σφαίρας
842 1185 1126 1247 φθάνοισαν.
1174 1182 1286 1231 ἄλλα
1314 1190 1453 1232 ταῦτα
1480 1188 1562 1244 μὲν

58 1255 193 1302 οὕτω.
221 1254 247 1301 ὃ
278 1257 329 1301 δέ
354 1273 402 1315 γε
430 1251 719 1313 αὕτοκράτωρ
761 1257 928 1313 χαίρων
955 1256 1034 1310 τὰς
1072 1253 1280 1313 δυνάμεις
1318 1251 1561 1316 ἀνακτησά-

0 1332 46 1368 15
56 1342 191 1381 μενος
227 1322 295 1378 εἷς
328 1323 412 1384 τήν
449 1322 684 1383 εἰρημένην
719 1322 879 1382 μικρὰν
913 1326 1100 1370 Νικαίαν
1129 1317 1267 1379 αὖθις
1297 1324 1562 1384 ἕπαναζεύγ-

57 1410 192 1439 νυσιν.
239 1394 382 1439 ἐκεῖσε
403 1396 510 1452 γοῦν
539 1394 616 1438 ἐπὶ
635 1395 762 1439 &wir
784 1391 967 1453 ἡμέραις
1002 1392 1334 1453 ἐγκαρτερήσας,
1363 1399 1563 1451 τριταῖος

58 1463 238 1508 ἐκεῖθεν
259 1459 460 1518 ἐξελθών
489 1459 814 1519 καταλαμβάνει
842 1462 922 1522 τὴν
942 1457 1317 1519 Ἀδριανοὺπολιν
1345 1465 1452 1520 περὶ
1483 1461 1563 1521 τὴν

58 1531 202 1577 οἰκίαν
243 1534 326 1577 τοῦ
368 1532 641 1588 Σιλβέστρου
694 1528 846 1585 ἱκανὰς
890 1531 1180 1589 ἐνδιατρίψας
1223 1529 1399 1592 ἡμέρας.
1472 1535 1563 1576 τῶν

57 1603 163 1658 γοῦν
190 1597 416 1656 Κομάνων
445 1596 488 1644 οἶ
517 1597 701 1657 λογάδες
719 1597 915 1653 ἅπαντες
943 1595 1272 1656 ἀποκριθέντες
1290 1603 1371 1644 τοῖ-
1391 1601 1562 1645 λοιποῦ

0 1667 399 1727 Ωοστρατεύματος,
441 1670 741 1729 βουληθέντες
783 1672 945 1714 τοῦτον
973 1665 1205 1727 ἀπατῆσαι
1235 1669 1560 1726 προσέρχονται

56 1736 204 1798 τούτῳ
245 1735 308 1792 ὦς
345 1734 602 1796 αὕτόμολοι,
644 1738 924 1783 σπείσασθαι
968 1736 1080 1794 τάχα
1122 1739 1217 1795 μετ’
1249 1733 1386 1782 advoi-
1416 1753 1560 1795 προσ·
1572 1741 1611 1777 Ρ.
1638 1743 1706 1778 281

57 1806 336 1865 ποιοί-μενοι,
382 1809 456 1852 ἵνα
495 1808 762 1865 τριβομένου
798 1810 883 1852 τοῦ
913 1807 1008 1864 μετ’
1050 1804 1226 1866 εἰρήνης
1260 1809 1418 1863 καιροῦ
1449 1823 1560 1863 προ-

193 1947 228 1983 2.
253 1948 431 1993 ζωγρείαν
458 1945 502 1982 G.
649 1948 684 1981 4.
708 1942 1023 2004 συνεχωρῆθεσαν
1048 1945 1090 1982 G.
1171 1943 1273 1991 παρὰ
1297 1945 1361 1980 τοῦ
1385 1939 1561 2002 αὐτοκρά-

193 2008 300 2041 τορος
323 2005 396 2031 om.
422 1994 496 2031 CG.
672 1996 704 2030 5.
730 1990 899 2041 ὑπογύου
924 1994 968 2039 F,
995 1992 1095 2040 ὑπογ
1097 1997 1175 2029 vlov
1200 1993 1239 2028 P.
1400 1994 1435 2028 8.
1463 1989 1559 2028 ἅπα-

195 2043 338 2089 σαν-Ρ,
363 2042 493 2080 πᾶσαν
517 2044 557 2079 P.
710 2045 765 2078 12
794 2043 923 2090 φωνῆς
950 2046 1162 2091 συαμίκτου
1190 2042 1233 2078 G.
1375 2043 1429 2077 13.
1459 2046 1545 2088 φθα

195 2089 329 2137 νούσης
352 2092 424 2129 CG.
601 2093 655 2128 18.
683 2092 884 2138 διατρίψας
908 2091 950 2128 G.
1125 2091 1182 2127 19.
1208 2091 1463 2137 διακριθέντες
1486 2090 1559 2126 CG.

194 2143 252 2177 22.
277 2137 488 2189 τριβόμενοι
515 2141 558 2177 G.

58 2271 174 2308 effuse
190 2272 392 2328 fugerunt3
416 2284 461 2309 ae
485 2276 629 2319 septem
653 2276 747 2310 tune
771 2273 890 2309 millia
915 2273 1165 2309 Comanorum
1190 2272 1409 2309 oeciderunt
1432 2274 1560 2317 capta-

58 2332 132 2367 que
167 2321 246 2357 tria
282 2321 402 2356 millia
438 2325 536 2358 sunt.
603 2334 690 2358 cum
728 2334 819 2358 vero
855 2334 1004 2358 omnem
1041 2322 1222 2368 praedam
1258 2322 1445 2367 cepissent
1486 2320 1558 2356 Ro-

59 2370 173 2405 mani.
206 2370 426 2416 imperator,
450 2372 539 2416 quia
562 2374 675 2417 rapta
700 2374 783 2406 erat
807 2382 853 2406 ex
878 2372 979 2418 agris
1003 2370 1188 2415 finitimis,
1214 2382 1295 2406 eam
1315 2369 1427 2406 solito
1453 2381 1559 2405 more

61 2417 181 2454 dividi
205 2418 304 2454 haud
331 2420 517 2465 permisit,
533 2419 600 2455 sed
623 2419 854 2455 reddendam
883 2420 1016 2456 incolis
1041 2400 1220 2456 decrevit.
1269 2422 1309 2454 et
1333 2420 1413 2453 avis
1438 2418 1559 2453 instar

59 2467 160 2514 regis
187 2467 354 2503 edictum
383 2479 451 2514 per
476 2469 805 2504 eircumiacentem
831 2469 1026 2515 regionem
1051 2469 1155 2504 volat
1191 2468 1487 2513 congregatique
1511 2466 1560 2502 ml

59 2518 183 2551 eastra
212 2516 278 2563 qui
304 2517 457 2562 rapinas
501 2516 665 2553 tulerant
692 2529 760 2553 sua
786 2517 944 2564 quisque
981 2518 1171 2563 recipiunt
1209 2519 1365 2562 pectora
1401 2514 1560 2550 tunden-

60 2569 117 2600 tes
154 2564 460 2611 supplicibusque
485 2566 659 2602 manibus
684 2566 733 2602 ad
757 2566 901 2602 eaelum
940 2566 1099 2602 sublatis
1133 2565 1258 2601 fausta
1293 2565 1419 2599 omnia
1444 2564 1561 2610 impe-

60 2614 180 2649 ratori
205 2617 418 2659 precantes:
444 2613 670 2650 audiebat-ur
698 2616 818 2650 mixta
842 2616 1012 2651 virorum
1037 2604 1312 2659 mulierumque
1338 2611 1561 2648 vociferatio

61 2673 178 2708 usque
201 2662 250 2698 ad
276 2662 444 2698 lunarem
471 2663 655 2699 circulum
681 2675 891 2710 assurgens.
941 2665 1148 2709 imperator
1178 2674 1265 2698 vero
1291 2661 1411 2697 laetus
1435 2661 1562 2706 copias

60 2712 283 2746 oonvocavit
305 2723 536 2758 parvamque
563 2711 740 2748 Nicaeam
764 2712 936 2755 reduxit3
971 2713 1037 2748 ubi
1063 2723 1149 2747 cum
1174 2711 1290 2747 biduo
1315 2709 1556 2753 substitisset,

62 2760 177 2795 tertio
208 2759 271 2796 die
294 2759 573 2805 Adrianopolin
600 2762 728 2807 pergit
752 2765 791 2796 et
815 2739 1026 2806 complures
1051 2760 1131 2795 dies
1154 2761 1192 2795 in
1218 2759 1390 2795 silvestri
1406 2757 1561 2793 aedibus

62 2808 262 2844 habitavit.
287 2809 364 2844 iam
376 2809 571 2854 praecipui
586 2810 726 2856 quique
740 2809 1001 2853 Comanorum,
1017 2810 1082 2854 qui
1095 2820 1116 2843 e
1133 2808 1275 2854 reliquo
1290 2806 1458 2842 exercitu
1473 2806 1561 2842 lecti

63 2860 183 2901 erant,
201 2857 469 2903 imperatorem
493 2857 691 2904 decepturi
713 2862 908 2903 tamquam
931 2862 1066 2903 suapte
1087 2860 1222 2903 sponte
1238 2856 1287 2892 ad
1301 2867 1388 2891 eum
1403 2855 1562 2890 veniunt

63 2916 267 2954 pacemque
280 2905 410 2947 statim
418 2917 457 2944 oe
469 2907 634 2945 inituros
645 2917 724 2945 esse
736 2907 928 2953 simulant,
937 2918 981 2942 eo
994 2905 1146 2953 quidem
1158 2905 1326 2951 consilio,
1335 2907 1379 2939 ut
1390 2907 1561 2951 tempore
