1806 3132
548 202 604 238 m
631 201 920 238 ALmADEM
947 204 1111 240 NOTAE
1488 199 1569 244 521

87 319 139 376 ca
166 323 206 364 et
234 319 278 364 ἰὰ
303 331 390 374 par
417 317 456 363 le
483 317 634 373 champ
666 320 775 375 iette,
805 325 844 366 et
863 322 971 376 puis
999 322 1026 366 ὰ
1056 326 1167 366 terre
1195 323 1365 368 couche:
1398 329 1438 369 et
1465 340 1509 370 se
1537 327 1573 372 il

85 381 146 422 est
173 381 295 428 mort,
324 377 407 421 soit
434 376 550 420 ainsi
578 376 780 434 desarme'‚
813 383 852 423 et
881 379 926 423 Ζᾰ
963 380 1092 424 laisse‘
1128 380 1294 435 iusqu’a
1321 386 1462 426 nostre
1493 384 1570 428 Or-

85 436 318 487 donnanee,
348 433 423 489 qui
449 447 547 477 sera
571 434 624 478 de
642 437 907 490 pardonner,
937 452 990 481 ou
1017 438 1132 491 faire
1159 438 1319 491 ἐπείξει»,
1339 444 1428 483 tout
1458 442 1572 485 ainsi

84 507 163 547 que
190 492 273 536 bon
300 505 408 535 nous
433 491 650 536 semblera.
708 494 954 537 Harduinus
985 496 1037 538 de
1064 495 1108 538 la
1130 495 1256 538 Iaille
1301 496 1344 539 in
1367 498 1571 542 Tractatu

84 549 174 593 MS.
197 550 256 593 du
287 547 452 603 Champ
481 549 533 592 de
561 548 753 594 Bataille
803 551 857 594 ad
901 552 1200 606 quaestionem,
1246 566 1330 608 qua
1374 555 1571 598 mulctari

83 619 216 662 poena
249 605 389 650 victus
417 606 553 658 debet,
592 606 653 650 sic
681 608 869 663 reponit:
914 607 964 652 Si
997 608 1095 652 c'est
1128 623 1244 663 pour
1284 610 1475 653 trahison
1518 626 1572 654 ou

82 663 289 714 meurdre,
319 663 434 707 droit
462 663 656 714 d'armes,
701 666 849 708 raison
892 669 930 708 et
960 666 1108 709 iustice
1150 666 1314 710 veulent
1360 667 1464 721 qu'il
1490 669 1571 711 soit

74 735 166 776 par
194 720 233 764 le
260 719 440 773 Serqent
467 721 664 765 criminel
692 722 852 772 conche,
883 722 950 778 lie,
979 727 1018 766 et
1048 723 1211 766 traisne‘
1242 738 1318 767 sur
1345 738 1428 767 unc
1454 725 1571 780 cloie,

83 779 143 822 les
158 778 289 832 pieds
321 777 486 834 devant,
513 778 614 822 hors
642 779 700 823 du
728 779 889 834 ehamp‚
935 785 974 823 et
1003 781 1055 824 de
1084 780 1127 823 ἰὰ
1161 795 1251 835 par
1293 782 1477 825 chcvaux
1515 797 1571 826 au

81 835 206 891 9ibet,
227 849 345 890 pour
373 839 482 879 estre
499 837 660 890 penda,
701 850 756 880 ou
785 851 836 880 en
865 837 910 880 Za
931 837 1059 891 place
1085 837 1137 881 de
1165 838 1209 881 Za
1243 839 1341 881 ville
1378 839 1499 882 avoir
1527 839 1571 883 la

82 896 183 936 teste
209 892 418 946 tranchee,
447 897 487 937 et
515 893 554 937 le
581 897 672 937 tout
703 893 821 937 selon
862 894 907 937 la
938 893 1159 938 Coustume
1202 896 1260 938 du
1286 895 1436 939 Duehe
1492 896 1570 939 etc.

82 949 162 993 His
191 950 469 994 consentanea
499 951 599 993 sunt
629 964 737 1006 quae
768 951 894 995 habet
925 951 1164 995 Butelerius
1202 952 1246 994 in
1276 952 1451 996 Summa
1483 953 1572 996 Ru-

80 1007 162 1050 rali
192 1006 301 1062 part.
315 1007 362 1050 -1.
392 1007 462 1050 tit.
483 1009 551 1052 39.
621 1008 682 1051 At
725 1021 859 1063 poena
903 1021 986 1051 non
1028 1010 1225 1052 accusato
1271 1010 1490 1062 duntaxat,
1535 1011 1570 1053 si

81 1063 269 1116 superari
299 1064 576 1118 contingeret,
605 1065 890 1120 infligebatur,
930 1078 1074 1108 verum
1114 1066 1243 1109 etiam
1282 1067 1499 1110 accusanti
1529 1067 1571 1110 et

80 1121 272 1172 delatori,
293 1121 330 1164 si
349 1121 490 1165 duello
509 1122 810 1174 succumberet,
841 1122 914 1177 qui
948 1123 1026 1166 hoc
1054 1122 1098 1165 in
1128 1136 1229 1166 casu
1248 1123 1419 1167 talionis
1438 1137 1570 1178 poena

81 1178 353 1231 plectebatur.
413 1177 559 1222 Comes
592 1179 896 1223 Glocestrensis
938 1180 982 1222 in
1014 1180 1155 1223 Tract.
1187 1180 1276 1224 MS.
1308 1180 1359 1223 de
1389 1180 1569 1223 Duellis:

81 1234 234 1278 Bonne
257 1234 334 1291 foy
358 1239 398 1279 et
427 1236 562 1279 bonne
589 1237 660 1289 loy
690 1236 873 1280 d’armes
900 1241 1007 1286 veut,
1040 1251 1117 1292 que
1146 1236 1397 1291 l'appellant
1420 1238 1483 1280 ait
1499 1252 1567 1280 en-

81 1305 174 1336 core
202 1306 350 1335 mesme
369 1293 499 1347 peine
525 1308 603 1348 que
630 1294 670 1337 Ze
698 1293 941 1347 deffendant
975 1294 1159 1337 deveroii
1188 1295 1319 1344 avoir,
1351 1293 1422 1337 s’il
1448 1295 1568 1337 estoit

70 1349 127 1403 ja
154 1350 309 1393 vaincu
337 1354 376 1393 et
405 1351 615 1404 desconfit.
677 1351 725 1394 Id
762 1350 930 1394 disertis
964 1351 1102 1394 verbis
1140 1352 1183 1393 in
1213 1351 1392 1403 Legibus
1419 1364 1444 1394 a
1475 1351 1569 1393 Fri-

79 1406 224 1506 {Pfissq
238 1407 272 1473 I:
301 1407 559 1463 Imperatore
585 1408 767 1452 conditis
797 1409 971 1451 cautum
1000 1408 1146 1452 scribit
1168 1407 1409 1452 Guntherus
1438 1408 1511 1451 lib.
1529 1408 1566 1450 7.

113 1476 295 1519 lgurml:
821 1487 824 1489 -
1523 1490 1526 1492 ,

289 1538 488 1583 Vulneris
516 1543 591 1584 aut
618 1540 761 1583 caedis
789 1541 1002 1584 convictus
1029 1554 1124 1584 voce
1153 1540 1344 1590 duorum,

283 1596 366 1648 Qui
382 1596 505 1640 modo
525 1610 613 1640 non
636 1597 801 1651 fuerint
818 1596 975 1640 violato
994 1598 1204 1650 sanquine
1221 1597 1367 1647 iuncti,

281 1653 367 1697 Hic
387 1657 525 1708 caput,
546 1654 620 1697 ille
636 1668 811 1697 manum
831 1655 1004 1708 perdat.
1034 1653 1083 1697 Si
1101 1658 1202 1697 teste
1219 1653 1377 1697 carebit

281 1710 433 1754 Altera
453 1725 576 1765 pars,
605 1711 857 1766 facinusque
881 1711 988 1754 volet
1013 1711 1246 1765 formidine
1273 1723 1434 1764 poenae

281 1767 498 1812 Abiurare
524 1783 636 1821 reus,
658 1769 820 1822 poterit
848 1769 1007 1820 iurare,
1036 1768 1238 1811 volentem

283 1824 466 1876 Quilibet
493 1825 631 1869 oblato
661 1825 775 1869 licite
803 1825 1032 1879 reprobare
1058 1825 1209 1876 duello,

279 1881 499 1926 Passurus
525 1883 716 1935 similem,
746 1896 832 1926 non
860 1882 967 1926 victo
994 1882 1181 1933 crimine,
1203 1895 1402 1935 poenam.

81 1955 132 1998 Id
148 1956 286 2011 ipsum
316 1955 471 1999 statuit
498 1957 721 2012 Philippus
740 1956 961 2012 Augustus
981 1956 1185 1999 Franciae
1203 1955 1289 1998 Rex
1308 1954 1352 1996 in
1367 1954 1568 1997 Neustria

78 2025 148 2056 seu
191 2013 455 2057 Normannia
498 2014 642 2057 nostra
686 2014 878 2068 deinceps
923 2012 1252 2057 observandum:
1297 2024 1392 2053 cum
1428 2011 1565 2062 antea,

78 2083 161 2112 non
194 2070 243 2112 ut
271 2070 316 2112 in
346 2070 521 2114 caeteris
542 2070 708 2114 Galliae
734 2071 974 2125 provinciis,
1006 2083 1053 2113 ex
1072 2070 1258 2113 veterum
1279 2068 1566 2110 Normanniae

80 2127 247 2170 Ducum
276 2126 424 2170 edictis
455 2141 556 2171 usus
584 2128 845 2180 invaluisset,
876 2128 926 2170 ut
946 2127 1109 2170 delator
1138 2125 1275 2168 duello
1311 2124 1447 2167 victus
1477 2136 1565 2166 cer-

77 2184 168 2226 tam
197 2183 396 2237 pecuniae
417 2197 625 2228 summam
650 2198 719 2228 reo
740 2185 992 2232 numeraret,
1025 2184 1078 2227 ab
1108 2182 1221 2226 omni
1251 2194 1383 2236 poena
1404 2181 1454 2223 de
1472 2193 1566 2223 cae-

76 2240 167 2284 tero
196 2241 314 2284 liber.
335 2241 577 2284 Willclmus
609 2242 732 2285 Brito
760 2242 834 2284 lib.
860 2243 898 2284 8.
928 2241 1110 2295 Philipp.

272 2319 490 2372 Quaedam
518 2325 594 2364 aut
626 2322 674 2364 in
701 2320 851 2364 melius
876 2320 964 2362 iuri
991 2319 1211 2363 contraria
1242 2320 1412 2360 mutans

272 2375 510 2430 Constituit,
533 2378 706 2433 puyiles
731 2382 777 2420 ut
806 2378 854 2420 in
883 2377 999 2420 omni
1027 2376 1131 2419 talio
1151 2388 1306 2429 puyna

269 2432 507 2488 Sanquinis
534 2435 582 2478 in
611 2435 751 2478 causis
779 2434 837 2477 ad
858 2447 1019 2487 poenas
1042 2433 1185 2487 exiyat
1214 2443 1392 2484 aequas:

281 2491 421 2534 Victus
447 2495 496 2534 ut
520 2491 758 2545 appellans,
786 2491 873 2533 sive
902 2489 1142 2543 appellatus
1173 2487 1318 2530 eadem

268 2547 383 2602 Leye
410 2547 630 2603 liqaretur,
662 2547 856 2591 mutilari
885 2550 959 2589 aut
981 2545 1158 2598 perdere
1183 2545 1314 2587 vitam
1321 2559 1334 2596 ‚-
1387 2600 1395 2608 ι

268 2604 414 2647 Mori-s·
430 2605 542 2648 enim
558 2606 755 2648 eaetiterat
774 2602 923 2657 apud*
942 2603 1041 2646 illos
1057 2602 1268 2651 hactenus,
1290 2604 1337 2643 ut
1356 2613 1395 2642 si

267 2660 507 2716 Appellans
531 2663 666 2705 victus
693 2662 742 2704 in
770 2674 899 2703 causa
923 2659 1150 2714 sanyuinis
1177 2660 1292 2708 esset,

267 2717 351 2761 Sex
378 2718 537 2763 solidos
565 2719 698 2763 decies
727 2731 820 2761 cum
842 2730 1011 2759 nummo
1042 2715 1217 2758 solveret
1245 2726 1342 2756 uno.

268 2774 390 2826 Quod
415 2776 455 2819 si
485 2775 746 2829 appellatum
772 2774 885 2817 vinci
912 2774 1180 2827 constnyeret,
1210 2770 1325 2814 omni

266 2830 332 2875 Re
351 2832 604 2887 privaretur
632 2835 671 2876 et
698 2831 816 2886 turpi
844 2833 977 2874 morte
998 2829 1176 2884 periret.

1576 2607 1595 2628 '⁴‘
1606 2607 1651 2642 N
1647 2617 1806 2641 ‹rr-manna
