1734 3120
504 245 817 280 GLOSSAmmu
842 245 1079 280 ANNAEUM
1452 236 1536 278 409

774 361 811 403 Ο

192 431 230 474 Ο
258 432 370 473 ΕΠΙ
401 430 744 472 ΤΡΛΠΕΖΗΣ.
772 428 861 471 Lib.
878 438 982 471 xm.
1004 440 1099 483 pag.
1115 428 1197 470 377
1218 429 1259 470 et
1279 429 1373 470 378.
1396 428 1536 471 Officii

56 501 205 532 nomen
234 488 310 530 aut
340 486 577 538 ministerii,
606 486 656 528 ut
674 486 859 540 apparet,
881 485 923 526 in
947 484 1110 527 familia
1129 484 1411 539 Imperatoris.
1460 485 1534 527 Vi-

54 545 178 588 detur
206 545 349 587 autem
380 556 462 586 non
488 555 590 598 pure
619 542 849 584 humanum
883 542 958 584 aut
984 541 1202 595 politicum
1225 541 1350 583 fuisse
1379 541 1422 583 id
1444 554 1536 583 mu-

55 614 155 644 nus:
199 600 270 644 sed
299 599 564 656 religiosum:
611 599 763 654 quippe
803 611 885 653 quo
932 598 1176 652 fungeretur
1205 597 1434 640 Monachus
1481 597 1535 640 ad

54 657 324 714 hymnodiam
365 657 614 700 nocturnam
656 655 779 698 statis
823 654 935 697 horis
980 654 1195 697 excubans,
1261 655 1385 696 Forte
1413 654 1536 696 huius

54 716 146 759 erat
173 714 277 757 bene
309 713 471 769 precari
501 725 624 767 super
652 724 839 754 mensam
868 710 972 754 cibis
999 711 1158 766 positis.
1199 712 1241 753 et
1271 710 1536 765 postmodum

56 771 399 871 Σ(ιφ-εᾶιιειᾱῙ)οι·ἱι)<ῑ1;ει
442 769 602 869 plage
646 768 830 812 solemne
869 780 1038 811 carmen
1080 767 1316 823 gratiarum
1347 767 1538 810 actionis.
1568 785 1571 789 ·

95 841 111 871 1
140 840 189 870 en
222 839 270 870 us
333 839 410 869 uro
482 838 508 869 a
574 860 585 869 .

193 839 579 927 OIHMAp'iflYAS.
626 881 715 925 Lib.
743 891 848 924 XIII.
875 881 1044 924 ⁴Suidas
1075 877 1315 936 οἶηματιάς,
1349 878 1540 935 ἐπηρμέ-

57 956 143 992 νος.
202 939 426 995 Superbus,
462 938 705 995 praefidens,
750 938 815 981 sui
846 938 1039 993 opinione
1078 937 1264 980 tumidus
1293 939 1335 980 et
1370 950 1468 991 prae
1497 949 1540 979 se

55 997 162 1055 alios
187 1009 396 1052 spernens,

194 1054 536 1097 ΟΡΥΚΤΙΔΕΣ
569 1051 878 1094 ΧΕΛΩΝΛΙ.
938 1052 1028 1095 Lib.
1057 1062 1160 1094 xm.
1217 1052 1315 1094 ante
1344 1050 1539 1093 medium.

57 1110 291 1154 testudines
320 1111 397 1154 aut
432 1109 564 1165 plutei
603 1108 793 1164 tegendis
823 1108 876 1151 iis
914 1108 984 1164 qui
1015 1121 1157 1151 muros
1184 1107 1426 1159 suffodiunt,
1466 1108 1541 1150 aut
1590 1114 1596 1119 ·

58 1168 349 1211 subterraneos
378 1167 541 1210 meatus
571 1167 684 1209 terra
714 1164 925 1208 molienda
954 1164 1239 1220 egerendaque
1271 1165 1484 1207 excavant.

197 1223 525 1268 ΟΥΕΤΩΝΕΣ.
571 1223 661 1266 Lib.
691 1232 791 1265 XIV.
821 1235 917 1277 pag.
937 1223 1033 1266 370.
1078 1221 1174 1264 Non
1204 1221 1350 1276 utique
1380 1220 1424 1263 hi
1442 1220 1540 1262 sunt

55 1281 236 1324 Vetonae
278 1293 382 1336 quos
420 1281 578 1324 veterae
608 1278 849 1334 Geographi
890 1279 935 1321 in
975 1278 1183 1334 Hispania
1224 1278 1444 1329 collocant,
1489 1276 1540 1319 de

58 1337 209 1393 quibus
240 1337 403 1381 erudite
428 1350 543 1380 more
585 1349 659 1379 suo
702 1335 838 1378 multa
883 1335 1048 1391 colligit
1079 1334 1270 1378 Andreas
1299 1333 1539 1384 Resendius‚

59 1394 278 1438 manifeste
307 1394 513 1449 siquidem
544 1393 623 1436 hoc
651 1393 819 1436 nomine
846 1392 973 1435 Anna
1010 1391 1150 1435 Italici
1180 1391 1343 1448 generis
1372 1391 1540 1445 gentem

57 1451 191 1494 notat.
233 1450 279 1494 in
309 1463 392 1507 quo
419 1463 475 1494 an
504 1463 589 1493 non
618 1445 887 1506 μνημονικὸν
916 1449 1004 1492 eius
1033 1444 1216 1503 σφάλμα
1232 1446 1540 1503 agnoscendum

57 1507 115 1551 sit
140 1507 252 1550 haud
279 1508 437 1551 temere
463 1506 708 1550 definierim.
764 1506 888 1549 Libro
934 1505 1135 1560 superiori
1179 1505 1223 1547 in
1266 1503 1542 1558 descriptione

57 1563 268 1607 Adriatici
297 1564 412 1607 sinus
436 1557 679 1607 Οὖετώνων
707 1563 832 1606 verbo
873 1562 1038 1605 videtur
1081 1562 1319 1617 designasse
1352 1560 1543 1603 Venetos.

61 1621 270 1675 Quoniam
299 1633 396 1664 vero
430 1633 661 1676 numquam
682 1619 844 1672 Veneti,
879 1619 989 1674 quod
1010 1620 1134 1662 Anna
1163 1617 1412 1668 meminerit,
1445 1629 1542 1659 con-

59 1678 128 1721 tra
155 1678 455 1733 Imperatorem
489 1677 683 1720 Alexium
716 1677 867 1719 classes
894 1677 1127 1725 armarunt,
1150 1675 1320 1717 videtur
1346 1674 1423 1716 hoc
1452 1673 1543 1715 loco

65 1727 295 1777 Οὗετόνων
340 1735 466 1777 verbo
493 1734 639 1784 Italos,
684 1734 760 1776 aut
803 1733 931 1776 etiam
976 1731 1263 1776 Occidentalae
1304 1732 1346 1773 et
1373 1729 1544 1772 Latinos

65 1803 207 1834 omnes
238 1791 467 1834 universim
500 1790 765 1841 intellexisse,
800 1789 881 1832 nisi
911 1789 1091 1844 pressius
1128 1788 1262 1831 haesit
1288 1787 1332 1830 in
1363 1785 1542 1836 Pisanis,

65 1846 367 1898 Genuensibus,
402 1848 444 1890 et
478 1847 680 1898 Calabris,
716 1859 894 1902 quorum
933 1846 1102 1889 navales
1141 1845 1184 1887 in
1215 1844 1383 1887 Patrem
1420 1854 1540 1884 suum

62 1903 354 1960 Expeditiones
375 1903 607 1959 descripsit.
641 1903 797 1946 Verum
816 1903 866 1946 de
887 1903 952 1945 his
971 1914 1142 1958 agemus
1162 1901 1324 1956 plenius
1343 1900 1387 1942 in
1407 1898 1543 1942 Notis.

771 2008 823 2046 H

195 2076 593 2119 ΠΛΤΡΟΚΛΟΣ
625 2075 885 2117 ΠΡΟΦΛΣ
908 2075 955 2114 Σ.
1003 2072 1132 2126 Saepe
1152 2070 1275 2112 Anna
1302 2067 1543 2123 praesertim

59 2133 132 2177 lib.
162 2142 232 2176 ΠΙ.
261 2133 304 2175 et
333 2132 407 2176 lib.
436 2142 483 2175 x.
527 2132 610 2175 isto
644 2130 841 2186 loquendi
886 2129 1008 2172 modo
1052 2126 1246 2182 exprimit
1281 2124 1543 2190 plausibilem

60 2189 335 2246 praetextum.
394 2188 679 2232 Proverbialis
707 2187 864 2230 locutio
891 2199 939 2229 ex
968 2186 1150 2228 Homero
1183 2182 1303 2225 lliad.
1335 2197 1358 2222 τ
1376 2215 1386 2223 .

180 2240 266 2297 εὯς
296 2243 439 2303 ἔφατο
468 2243 678 2296 ’claim-(1⁹,
711 2242 786 2287 ἐπὶ
821 2243 868 2285 δὲ
900 2238 1158 2294 στενάχοντο
1187 2241 1385 2306 γυναῖκες

198 2299 458 2358 Πάτροκλον
487 2298 729 2359 πρόφασιν,
761 2301 890 2356 σφῶν
911 2299 950 2341 δ’
969 2292 1120 2340 αὐτῶν
1146 2295 1262 2355 κηὸἐ
1293 2290 1465 2359 ἑκᾴστη.

62 2359 131 2403 Ad
162 2372 287 2415 quem
323 2360 465 2403 locum
494 2359 556 2402 sic
586 2359 765 2402 annotat
802 2355 1062 2399 Eustatbius.
1097 2350 1170 2395 v‘cti
1211 2350 1259 2394 δὲ
1296 2347 1546 2415 πιξῑτροκλον

65 2415 139 2459 καὶ
181 2413 246 2468 εἶς
286 2414 529 2472 παροιμίαν
573 2412 758 2469 ὕστερον
803 2410 951 2462 ἔπεσε,
994 2409 1049 2454 δι’
1096 2404 1147 2466 ἣν
1191 2406 1281 2461 ἔχει
1319 2409 1546 2460 ει·ρι·3μον

65 2471 302 2527 συντομίαν
330 2472 403 2516 καὶ
432 2468 726 2527 πιθανότητα.
772 2469 843 2511 καὶ
872 2468 1038 2524 λέγεται
1057 2465 1132 2509 ἐπὶ
1152 2467 1241 2508 τιῦν
1269 2476 1547 2527 προσποιριιω

63 2529 208 2584 μένων
234 2529 317 2584 μὲν
345 2532 496 2572 ποιεῖν
536 2545 580 2571 τι
621 2525 695 2571 διὰ
724 2523 850 2583 τήνδε
881 2521 977 2567 τινὰ
1008 2521 1150 2566 αἰτίαν
1179 2523 1243 2578 τῷ
1272 2514 1365 2563 ὄντι
1394 2517 1440 2561 δὲ
1458 2517 1547 2583 ,αλ-

63 2586 152 2637 λως
188 2586 321 2630 mium
362 2582 625 2629 ποιούντων.
683 2584 789 2627 Vide
832 2583 1042 2638 praeterea
1083 2581 1203 2623 notas
1234 2575 1471 2620 Hoaechelii
1505 2575 1547 2617 et

64 2643 325 2687 Glossarium
355 2643 542 2687 Meursii.

198 2701 694 2744 HEAAI‘OAIMHN.
741 2709 837 2751 pag.
861 2696 953 2737 106.
1014 2692 1142 2746 Quasi
1182 2691 1358 2733 diceres:
1403 2688 1547 2743 portus

63 2757 109 2800 in
137 2757 275 2800 medio
305 2757 426 2800 mari.
472 2755 703 2799 Peculiaris
730 2754 832 2796 haec
863 2749 1068 2806 quaedam
1095 2747 1302 2812 industria
1324 2747 1414 2788 erat
1440 2744 1548 2809 clas-

65 2825 129 2856 ses
158 2814 345 2857 armatas
375 2813 606 2856 multarum
638 2810 808 2854 navium
844 2820 915 2863 per
944 2807 1064 2849 vasta
1094 2817 1227 2847 marla
1264 2802 1544 2851 ductantlum‚

65 2870 115 2914 ut
141 2869 246 2913 locis
273 2869 528 2926 inportuosis
555 2869 723 2924 portum
769 2863 974 2921 quendam
1022 2862 1075 2905 ad
1121 2873 1243 2904 usum
1273 2870 1440 2915 pugnae
1473 2857 1548 2900 aut
