1780 3138
239 216 293 256 88
749 218 915 252 ΑΝΝΑΕ
946 215 1214 251 COMNENAE

240 341 320 382 τοῦ
344 333 579 394 Ἀρμενίου
609 330 885 390 ὑποβρύχιον
919 330 985 376 ἔτι
1009 330 1123 387 ἔχων
1148 328 1172 376 ὁ
1196 333 1476 388 Βαῒμοῦντος
1505 332 1577 377 καὶ
1604 348 1737 391 χρησ-

240 412 337 460 ταῖς
381 406 526 451 ἐλπίσι
574 400 849 463 τρεφόμενος
879 397 1261 457 περιποιούμενός
1287 418 1336 445 τε
1367 398 1509 461 ἑαυτῷ
1541 398 1623 460 τήν
1660 405 1739 463 τῆς

240 472 510 531 Ἀντιοχείας
541 473 742 530 ἐξουσίαν
771 469 890 528 πρὸς
918 468 1023 523 τοὺς
1065 467 1260 528 κόμητας
1290 467 1378 529 ἔφη
1422 468 1591 527 ((ὁρᾶτε
1623 468 1734 514 ὁπό-

241 561 320 590 σον
350 538 431 603 ἤδη
479 540 636 601 χρόνον
687 541 880 586 ἐνταῦθα
922 535 1470 597 προσταλαιπωρήσαντες
1508 535 1561 584 οὔ
1600 537 1738 596 μόνον

242 609 368 658 οὐδὲν
394 610 583 670 χρηστὸν
613 611 738 668 μέχρι
768 610 840 653 καὶ
861 612 936 653 νῦν
956 604 1336 665 κατωρθώσαμεν,
1371 603 1481 652 ἇλλά
1499 609 1572 653 καὶ
1601 610 1732 665 λιμοῦ
1751 618 1772 654 5

242 681 349 728 ὅσον
379 676 461 743 ἤδη
489 678 726 739 γενώμεθα
756 675 1070 735 παρανάλωμα,
1100 676 1139 722 εἰ
1160 676 1220 736 μή
1251 694 1293 721 τι
1323 676 1499 734 βέλτιον
1532 679 1737 739 περὶτῆς

241 753 370 810 σφῶν
400 749 618 808 σωτηρίας
651 745 959 805 σκεψόμεθα”.
1002 749 1092 790 τῶν
1121 746 1181 800 δέ,
1204 746 1248 790 τί
1270 742 1324 790 ἂν
1345 743 1413 804 εἴη
1443 748 1591 800 τοῦτο,
1627 764 1737 791 πυν-

243 819 503 876 θανομένων
547 813 679 871 αὐτὸς
726 815 813 876 ἔφη
864 811 952 859 “013
995 813 1142 868 πάσας
1179 813 1259 868 τὰς
1299 815 1421 868 νίκας
1448 812 1521 860 διὰ
1552 812 1736 875 σιδήρου

245 885 359 940 Θεὸς
387 890 485 939 τοῖς
521 887 798 944 δημαγωγοῖς
836 884 1017 929 δίδωσιν
1050 879 1153 928 οὐδὲ
1193 881 1266 928 διὰ
1295 881 1436 943 μάχης
1465 877 1534 928 ἆεὶ
1563 881 1618 927 τὰ
1645 901 1738 928 τοι-

857 951 879 967 (¹¹
1020 950 1033 966 C

195 959 350 1001 Βαῦτα
380 958 694 1012 κατορθοῦται,
729 949 820 997 ἄλλ’
851 970 966 1010 απερ
1010 970 1034 996 ο
1075 949 1228 1008 μάθος
1275 947 1328 997 οὗ
1373 953 1552 1007 δέδωκε,
1599 956 1737 997 ταῦτα
1753 959 1780 993 1«

240 1021 454 1077 πολλάκις
484 1021 524 1067 ὁ.
543 1021 673 1082 λόγος
704 1022 933 1079 ἐχαρίσατο
969 1022 1041 1066 καὶ
1064 1019 1088 1081 ἡ
1109 1019 1221 1078 μετὰ
1250 1021 1402 1081 φιλίας
1417 1021 1488 1066 καὶ
1509 1018 1739 1080 ὑποποιή-

240 1110 355 1146 σεως
384 1092 596 1148 περίοδος
628 1091 808 1148 μείζονα
836 1087 1032 1148 τρόπαια
1055 1089 1251 1148 ἔστησεν.
1303 1084 1361 1135 ου’
1390 1087 1472 1149 χρή
1505 1093 1739 1148 τοιγαροῦν

239 1158 380 1220 μάτην
406 1160 485 1205 τδν
515 1158 668 1217 καιρὸν
699 1160 878 1217 τρίβειν,
917 1163 1114 1204 σπεῦσαι
1145 1160 1193 1204 δὲ
1222 1160 1392 1217 μᾶλλον
1422 1156 1513 1218 πρὸ
1547 1162 1628 1204 τοῦ
1658 1157 1737 1204 τὸν

243 1226 513 1286 Κουρπαγὰν
551 1229 813 1284 καταλαβεῖν
866 1229 1065 1283 νουνεχές
1110 1246 1152 1273 τι
1190 1229 1263 1274 καὶ
1301 1223 1509 1286 ἀνδρικὸν
1547 1225 1739 1286 διαπρά-

243 1300 407 1354 ξασθαι
445 1300 523 1357 τῆς
562 1295 687 1356 ἡμῶν
724 1298 849 1342 ἕνεκα
881 1299 1120 1356 σωτηρίας·
1151 1299 1223 1343 καὶ
1262 1298 1520 1351 σπουδαίως
1553 1297 1738 1351 ἕκαστος
1753 1305 1780 1339 11

241 1365 365 1426 ἡμῶν
394 1364 472 1410 τὸν
501 1364 552 1411 τὸ
581 1364 698 1411 ἴδιον
730 1364 862 1422 λάχος
890 1370 1107 1425 τηροῖντα
1139 1365 1368 1425 βάρβαρον
1397 1366 1735 1412 ὑποποιείσθω.

89 1439 130 1476 P·
157 1441 229 1475 320
242 1436 314 1480 καὶ
345 1435 383 1480 εἰ
412 1433 646 1492 βούλεσθε,
681 1436 957 1481 κείσθωκαὶ
985 1428 1130 1481 ἆθλον
1168 1440 1233 1496 τῷ
1277 1433 1473 1494 πρώτως
1510 1439 1644 1480 τοῦτο
1685 1435 1737 1479 τὸ

243 1504 371 1562 ἔργον
404 1502 725 1562 κατωρθωκότι
767 1502 893 1565 ἡτῆς
931 1503 1111 1559 πόλεως
1141 1506 1325 1565 ταυτησὶ
1354 1502 1544 1564 φυλακή,
1586 1504 1739 1561 μέχρις

241 1570 293 1617 ὃν
323 1572 347 1617 ὁ
378 1574 551 1629 μέλλων
580 1571 740 1632 ταύτην
771 1574 819 1630 ἐξ
855 1572 981 1633 ἡμῶν
1010 1569 1314 1630 ἀναλαβέσθαι
1354 1569 1446 1617 α’πδ
1492 1576 1571 1617 τοῦ
1608 1567 1735 1617 αὖτο-

239 1639 455 1699 κράτορος
486 1640 720 1688 ἐλεύσεται.
781 1640 892 1696 ἴσως
921 1643 1001 1700 μὲν
1029 1635 1106 1688 οὖν
1137 1643 1227 1687 οὔδ’
1251 1641 1368 1687 οὕτω
1387 1642 1737 1699 κατωρθωκέναι
1750 1651 1780 1686 2«

377 1798 410 1833 5.
437 1799 497 1831 καὶ
523 1809 554 1833 ν.
585 1797 628 1841 F,
655 1798 718 1833 τοῦ
744 1810 774 1835 ν.
802 1798 840 1834 Ρ.
944 1794 1252 1846 κατωρθώσαμεν
1275 1798 1305 1834 F
1307 1798 1346 1842 C,
1374 1794 1674 1847 κατορθώσαμεν
1696 1799 1735 1835 P.

375 1848 406 1881 6.
443 1843 660 1893 γενώμεθα]
687 1843 863 1894 θυόμεθα
890 1847 926 1884 C.
1041 1850 1080 1885 7..
1102 1844 1331 1896 σκεψόμεθα
1360 1847 1404 1893 F,
1432 1843 1669 1894 σκεψώμεθα
1695 1848 1734 1884 Ρ.

375 1896 408 1930 8.
436 1906 489 1941 sq.
517 1894 577 1929 διὰ
605 1893 757 1940 σιδήρου
782 1894 871 1935 θεὸς
893 1901 969 1936 τοῖς
994 1897 1237 1943 δημαγωγοῖς
1263 1897 1421 1932 δίδωσιν
1444 1896 1486 1941 F,
1516 1901 1592 1936 τοῖς
1616 1897 1735 1944 δημα-

373 1947 510 1989 γωγοῖς
535 1941 596 1978 διὰ
623 1942 774 1990 σιδήρου
801 1945 958 1982 δίδωσιν
983 1944 1003 1981 ὁ
1030 1942 1121 1984 θεός
1141 1945 1178 1989 C,
1214 1950 1291 1985 τοῖς
1326 1944 1346 1981 ὁ
1375 1943 1468 1985 Θεὸς
1494 1946 1737 1993 δημαγωγοῖς

376 1991 436 2026 διὰ
464 1988 616 2039 σιδήρου
641 1993 799 2030 δίδωσιν
823 1993 863 2029 Ρ.
1016 1996 1070 2030 10.
1095 1991 1221 2043 μόθος
1245 1994 1288 2041 F,
1316 1990 1468 2042 μόχθος
1492 1993 1533 2031 P.
1678 1996 1734 2032 18.

372 2040 429 2077 20.
456 2046 614 2089 κατωρθ.
638 2042 710 2088 FC,
737 2047 888 2089 κατορθ.
915 2043 952 2079 P.

236 2199 475 2255 Boemundus
501 2202 614 2237 etiam
639 2215 739 2239 nunc
760 2204 875 2239 verba
900 2204 1071 2241 Armenii
1096 2206 1270 2252 bonaque
1309 2216 1374 2252 spe
1406 2204 1553 2251 ductus,
1587 2207 1632 2240 ut
1658 2204 1734 2250 An-

237 2248 399 2303 tiochiae
431 2251 694 2295 possessionem
739 2252 811 2287 sibi
844 2257 1006 2299 pararet,
1056 2254 1104 2290 ad
1140 2256 1296 2291 comites
1336 2254 1428 2290 haec
1463 2254 1579 2290 verba
1622 2253 1732 2290 facit:

239 2296 418 2342 “Videtis‚
445 2302 624 2344 quantum
651 2300 712 2336 hio
738 2303 919 2347 temporis
946 2303 1025 2338 sine
1051 2303 1127 2340 ullo
1153 2303 1327 2339 laborum
1359 2302 1488 2339 fructu
1513 2314 1733 2339 aerumnose

239 2346 536 2391 contriverimus,
575 2360 716 2395 nosque
752 2349 849 2386 fame
873 2352 947 2386 iam
971 2353 1161 2397 perituros
1185 2364 1273 2396 esse,
1311 2352 1384 2389 nisi
1410 2351 1502 2398 quid
1526 2351 1658 2387 melius
1685 2351 1731 2387 de

239 2393 357 2429 salute
388 2398 517 2430 nostra
555 2398 843 2443 excogitemus.⁷’
894 2402 1160 2446 quaerentibus
1193 2404 1285 2437 tunc
1320 2400 1407 2441 illis,
1447 2399 1627 2445 quidnam
1663 2400 1734 2437 hoc

239 2445 332 2477 esset
371 2442 477 2478 “Non
505 2447 654 2480 omnes’'
692 2448 817 2492 inquit
862 2449 1062 2485 “victorias
1098 2450 1188 2485 deus
1234 2449 1336 2485 ferro
1370 2449 1527 2485 ducibus
1564 2449 1727 2495 largitur

238 2502 305 2526 nec
349 2503 474 2537 pugna
514 2505 658 2540 semper
700 2496 793 2530 talia
839 2501 1040 2543 paranturj
1097 2499 1160 2535 sed
1192 2511 1287 2545 quae
1322 2498 1461 2534 bellum
1497 2509 1574 2533 non
1616 2497 1732 2542 dedit,

237 2550 280 2574 ea
329 2550 448 2575 sermo
491 2553 599 2588 saepe
647 2545 839 2591 praebuit3
892 2547 1103 2593 blandoque
1156 2548 1344 2584 amicitiae
1391 2547 1537 2583 ambitu
1590 2547 1735 2582 maiora

237 2599 346 2632 saepe
383 2591 536 2634 tropaea
575 2594 804 2629 statuuntur.
862 2595 990 2641 itaque
1027 2608 1074 2632 ne
1111 2599 1260 2642 tempus
1297 2598 1552 2643 opportunum
1591 2594 1734 2631 frustra

237 2639 483 2682 conteramus,
512 2639 586 2684 sed,
613 2642 830 2687 priusquam
858 2643 1056 2694 Curpagan
1095 2645 1169 2681 huo
1193 2646 1349 2686 venerit,
1391 2644 1557 2691 prudens
1589 2644 1733 2691 aliquid

236 2687 274 2720 et
297 2687 490 2740 strenuum
516 2692 664 2724 nostrae
692 2690 820 2726 salutis
847 2704 956 2728 causa
981 2695 1221 2739 experiamur
1243 2696 1293 2738 et,
1310 2705 1402 2740 quos
1425 2695 1584 2740 quisque
1597 2693 1732 2728 barba-

235 2745 298 2789 ros
321 2745 360 2768 m
377 2735 479 2790 'urbe
497 2738 695 2791 ,oppositos
720 2739 844 2783 habet,
872 2741 1036 2777 studiose
1062 2743 1169 2778 nobis
1195 2743 1460 2787 conciliemus3
1498 2742 1591 2788 quin
1619 2743 1732 2777 etiam

236 2794 301 2838 qui
327 2794 469 2828 primus
494 2784 533 2840 ¹.d
562 2786 770 2832 perfecerit,
806 2789 851 2833 ei,
884 2791 915 2824 si
946 2790 1079 2835 placet,
1116 2792 1326 2838 praemium
1353 2792 1596 2827 decernamus
1627 2791 1732 2826 urbis

234 2831 345 2866 huius
370 2832 589 2879 custodiam,
618 2837 751 2880 quoad,
779 2839 843 2882 qui
862 2849 943 2873 eam
966 2851 986 2873 a
1004 2840 1111 2875 nobis
1143 2841 1314 2886 accipiat,
1339 2841 1548 2886 imperator
1573 2839 1730 2875 miserit.

235 2879 300 2915 sed
325 2879 484 2917 fortasse
517 2893 563 2917 ne
600 2884 652 2919 sic
684 2885 834 2931 quidem
860 2887 1059 2935 quicquam
1088 2889 1181 2925 utile
1210 2890 1357 2938 assequi
1382 2888 1625 2937 poterimusJ‘
1676 2888 1732 2925 ita
1772 2905 1780 2909 -’
