1734 3120
202 206 283 254 228
703 206 868 247 ANNAE
899 203 1164 244 ooMN'ENAE

316 335 380 376 12.
443 335 467 355 “
477 329 541 374 H
554 328 632 385 μὲν
652 326 848 383 προτέρα
866 317 1158 383 συμφωνίᾳ(
1141 320 1235 381 ήτις
1253 321 1306 383 δη
1326 323 1399 367 καὶ
1418 321 1510 366 κατ’
1541 320 1681 368 ἐκεῖνο

200 403 358 457 καιροῦ
388 400 533 456 γέγονε
563 393 677 452 πρὸς
705 391 756 437 το
787 391 1038 450 θεοστεφὲς
1064 388 1224 447 κράτος
1254 407 1347 444 σου,
1381 387 1554 435 ὁπόταν
1572 389 1684 447 μετὰ

199 471 278 528 τῆς
306 468 631 524 πολυπληθοῦς
671 462 835 519 ἐκείνης
878 462 1084 516 στρατιᾶς
1120 462 1209 503 τῶν
1247 456 1462 517 Φράγγων
1501 456 1566 512 εἷς
1603 457 1684 518 τήν

199 536 404 592 βασιλίδα
445 531 577 578 πόλιν
621 527 915 588 ἑπιόεόήμηκα
955 527 1193 584 διαβαίνων
1233 524 1326 571 ἄπο
1356 530 1435 586 τῆς
1464 523 1685 586 Εὐρώπης

200 603 264 657 εἷς
292 604 369 662 τὴν
397 598 549 647 Ασίαν
578 601 654 645 ἐπὶ
682 602 735 660 τῇ
765 601 853 641 τῶν
888 594 1206 652 Ἱεροσολύμων
1243 595 1490 655 ελευθερία,
1530 593 1719 656 ἐπειόὴῖ)

157 670 310 724 Βκατά
350 689 468 724 τινας
509 668 794 727 περιπετείας
838 661 1107 748 πραγμάτων
1152 659 1379 722 ἤθέτηται,
1427 664 1568 722 ἐκείνη
1606 664 1686 721 μὲν

200 737 456 797 σχολασάτω
485 739 557 782 καὶ
585 735 645 795 μή
679 737 810 791 εχέτω
843 732 893 779 τὸ
925 730 1099 790 ενεργὸν
1129 729 1190 785 (ὃς
1218 730 1271 776 τὸ
1310 726 1473 815 ἄκυρον
1512 732 1686 792 ἀποφε-

201 810 361 868 ρομένη
391 809 464 853 διὰ
489 805 567 865 τὴν
595 809 685 850 τῶν
712 800 981 862 πραγμάτων
1013 801 1417 858 περίστασιν.καὶ
1445 801 1494 857 ἐξ
1522 801 1687 859 ἐκείνης

201 873 253 922 οῦ
279 895 347 934 χρτ
387 878 478 920 κατ’
513 876 620 932 ἐμοῦ
652 870 820 918 δίκαιον
851 889 894 915 τι
927 869 1041 926 ἔχειν
1077 867 1155 929 τὴν
1194 870 1420 926 βασιλείαν
1461 887 1541 915 σου
1581 887 1686 914 καν-

199 946 362 990 τεῦθεν
391 943 693 1000 ἰσχυρίζεσθαι
728 940 833 997 περὶ
859 942 948 983 τῶν
992 939 1037 983 ἐν
1081 938 1222 998 ἐκείνῃ
1264 938 1687 998 συμπεφωνημένων
1702 943 1734 983 l(

200 1030 248 1058 τε
278 1014 350 1057 καὶ
379 1008 777 1070 ἀναγεγραμμένων.
841 1004 1043 1064 πόλεμον
1078 1004 1157 1064 γὰρ
1198 1002 1416 1063 ἀραμένου
1451 1023 1538 1062 μου
1578 1005 1688 1050 κατὰ

200 1084 279 1125 τοῦ
307 1083 388 1126 σοῦ
417 1075 765 1136 θεοπροβλητου
793 1073 981 1132 κράτους
1010 1093 1083 1119 και
1113 1072 1448 1132 παραλύσαντος
1484 1073 1539 1119 τὰ
1579 1092 1688 1132 συμ-

202 1150 497 1210 πεφωνημένα
525 1147 910 1231 συμπαραλέλυται
940 1142 1117 1198 τούτοις
1149 1145 1222 1188 καὶ
1259 1142 1314 1188 τὰ
1350 1141 1442 1189 ἀπὸ
1483 1148 1563 1188 τοῦ
1606 1147 1687 1189 σοῦ

202 1215 388 1275 κράτους
408 1217 499 1262 κατ’
521 1217 629 1273 ἐμοῦ
649 1212 901 1271 αιτιάματα.
935 1217 1009 1258 νῦν
1029 1213 1077 1258 δε
1093 1206 1146 1258 αὖ
1164 1210 1318 1297 ω’σπερ
1337 1213 1384 1257 ἐκ
1399 1212 1689 1270 μεταμελείας

162 1283 436 1343 Οέρχόμενος
465 1285 536 1328 καὶ
564 1281 718 1340 ὥσπερ
746 1280 893 1336 ἁλιευς
912 1283 1093 1341 πληγεὶς
1123 1283 1193 1326 καὶ
1216 1278 1567 1339 ἀπενεγκάμενος
1587 1283 1689 1325 νοῦν
1703 1285 1734 1323 ΙΞ

201 1355 274 1398 καὶ
301 1354 535 1411 μονονουχὶ
563 1354 626 1411 τῷ
656 1350 809 1407 δόρατι
840 1353 902 1410 τῷ
946 1355 1011 1410 σῷ
1041 1351 1374 1407 νουνεχέστερος
1401 1347 1589 1408 γεγονώς
1618 1351 1689 1394 καὶ

200 1424 278 1484 τῆς
305 1423 396 1467 κατ’
428 1422 567 1466 ἐκεῖνο
601 1423 753 1478 καιροῦ
785 1418 916 1481 ἥττης
943 1422 1015 1464 καὶ
1045 1423 1135 1464 τῶν
1152 1421 1363 1477 πολέμων
1391 1413 1690 1477 ἇναμνησθεὶς

202 1490 266 1544 εἷς
295 1489 457 1547 ἑτέραν
473 1489 732 1549 συμφωνίαν
760 1486 872 1545 μετὰ
900 1492 980 1533 τοῦ
1000 1487 1188 1545 κράτους
1208 1505 1289 1533 σου
1314 1489 1567 1545 τρωπῶμαι
1588 1504 1690 1530 ται·-

201 1560 308 1618 τηνί,
340 1557 455 1603 ὥστε
493 1558 629 1614 λίζιον
676 1558 883 1615 γενέσθαι
928 1561 1007 1602 τοῦ
1054 1555 1284 1617 σκήπτρου
1328 1573 1409 1601 σου
1438 1550 1688 1612 ἄνθρωπον

199 1628 271 1671 καὶ
299 1628 371 1671 ἵνα
408 1627 680 1687 σαφέστερον
715 1623 889 1682 εἴποιμι
930 1628 1003 1670 καὶ
1044 1624 1370 1685 φανερώτερον,
1408 1623 1580 1682 οἰκέτην
1616 1623 1734 1670 zaim

199 1693 465 1752 ὑποχείριον,
500 1692 652 1754 ἐπειδὴ
682 1696 754 1738 καὶ
792 1693 845 1739 σύ
885 1692 975 1739 ὑπὸ
1015 1695 1095 1754 τήν
1133 1694 1214 1755 σὴν
1251 1692 1402 1750 δεξιάν
1440 1691 1582 1737 ἕλκειν
1612 1692 1689 1748 ἐμὲ

198 1761 464 1822 βεβούλησαι
492 1763 566 1807 καὶ
595 1757 842 1819 ἄνθρωπόν
880 1780 960 1807 σου
1003 1764 1177 1816 ἐθέλεις
1216 1760 1497 1822 ποιήσασθαι
1540 1762 1688 1817 λίζιον.

201 1829 359 1888 ἔσομαι
385 1832 531 1876 τοίνυν
560 1827 653 1876 α’πὸ
684 1834 768 1876 τοῦ
795 1833 874 1875 ’νῦν
894 1829 1006 1876 κατὰ
1035 1829 1114 1891 τὴν
1133 1832 1341 1889 δευτέραν
1370 1830 1549 1888 ταυτηνὶ
1578 1846 1687 1886 συμ-

335 1921 367 1955 1.
398 1921 598 1966 συμφωνία
624 1919 665 1964 F,
697 1922 906 1965 σωμᾳωνία
933 1919 973 1955 P.
1075 1920 1130 1954 10.
1131 1921 1244 1975 περί
1260 1930 1298 1953 τε
1325 1918 1369 1953 F.
1458 1917 1514 1952 14.
1541 1909 1586 1951 αὖ
1612 1915 1687 1960 FC,

332 1962 398 2002 οὖν
421 1966 463 2002 P.
589 1968 640 2002 18.
666 1968 867 2015 τρωπῶμαι
899 1968 1048 2014 scripsi.
1074 1963 1274 2015 τράπωμαι
1299 1966 1339 2001 P.
1482 1966 1540 2000 21.
1568 1963 1688 1999 ἕλκειν

332 2014 400 2062 ἐμὲ
426 2014 468 2051 F.
495 2015 562 2062 ἐμὲ
590 2014 708 2051 ε’λκειν
733 2015 774 2051 P.

334 2093 390 2128 12.
441 2091 571 2128 “Prius
596 2092 690 2128 illud
716 2096 878 2139 pactum,
897 2093 998 2139 quod
1024 2105 1108 2130 eum
1133 2094 1321 2139 potestate
1351 2094 1418 2127 tua
1442 2102 1465 2126 a
1489 2090 1558 2126 deo
1586 2100 1689 2126 coro-

199 2142 287 2175 nata
310 2143 392 2175 ‘tum
416 2140 569 2185 confeci,
592 2153 677 2177 cum
701 2153 747 2177 ex
760 2142 913 2188 Europa
938 2154 1023 2178 cum
1048 2141 1352 2178 numerosissimo
1373 2140 1438 2176 illo
1455 2139 1686 2175 Francorum

200 2188 365 2224 exercitu
403 2190 442 2224 in
469 2189 598 2224 Asiam
636 2190 682 2225 ad
721 2190 977 2236 Hierosolyma
1013 2190 1207 2226 liberanda
1245 2189 1431 2225 transiens
1467 2188 1508 2223 in
1545 2189 1686 2234 regiam

200 2237 330 2272 urbem
354 2237 543 2283 profectus
568 2250 670 2282 sum,
697 2242 739 2274 ut
763 2251 889 2274 rerum
916 2239 1141 2284 quibusdam
1178 2239 1323 2275 vicibus
1358 2238 1510 2273 irritum
1547 2235 1686 2271 factum

202 2288 268 2330 est,
291 2285 346 2320 ita
371 2286 594 2332 abrogatum
619 2266 670 2322 sit’
692 2299 759 2323 nec
784 2290 909 2323 ratum
935 2288 1094 2334 amplius
1119 2288 1314 2331 habeatur,
1340 2287 1372 2322 si
1398 2285 1550 2332 quidem
1578 2285 1689 2320 rebus

201 2345 300 2369 nunc
322 2335 476 2370 mutatis
502 2334 610 2380 plane
639 2336 875 2382 antiquatum
906 2339 972 2371 est.
1023 2348 1091 2372 nec
1127 2336 1213 2371 inde
1238 2335 1471 2371 maiestatem
1497 2337 1601 2369 tuam
1631 2333 1689 2368 ius

201 2382 270 2417 sibi
295 2382 470 2418 adversus
495 2394 554 2418 me
578 2395 722 2419 sumere
759 2384 814 2420 fas
841 2386 898 2419 est
920 2396 1010 2421 eove
1036 2385 1107 2420 niti
1133 2386 1234 2421 circa
1259 2396 1314 2429 ea,
1346 2394 1440 2429 quae
1465 2385 1556 2418 tunc
1580 2385 1690 2427 pacta

200 2430 412 2476 scriptaque
443 2431 603 2467 fuerunt.
657 2433 794 2468 etenim
832 2444 916 2469 cum
940 2433 1037 2469 bello
1063 2433 1239 2469 adversus
1272 2436 1377 2468 tuam
1402 2443 1424 2467 a
1447 2430 1518 2466 deo
1543 2441 1688 2476 promo-

200 2481 277 2513 tam
302 2481 524 2523 potestatem
551 2484 719 2527 suscepto
745 2483 854 2526 pacta
877 2481 941 2517 illa
964 2482 1210 2527 dissolverim,
1247 2493 1321 2516 una
1362 2491 1447 2517 cum
1485 2479 1560 2514 illis
1597 2479 1686 2513 item

201 2527 395 2571 potestatis
422 2530 507 2563 tuae
531 2528 570 2563 in
596 2540 655 2563 me
681 2533 767 2564 sunt
798 2530 957 2565 crimina
993 2530 1186 2566 dissoluta.
1236 2541 1336 2565 nunc
1373 2539 1460 2564 vero
1497 2530 1688 2572 tamquam

202 2575 432 2619 poenitentia
455 2579 578 2611 motus
617 2580 730 2623 atque
754 2578 870 2614 veluti
899 2579 996 2614 ictus
1020 2579 1188 2624 piscator
1213 2578 1261 2614 ad
1285 2574 1485 2613 sanitatem
1518 2586 1690 2611 reversus

202 2634 255 2665 ac,
279 2634 393 2668 paene
428 2624 599 2669 dixerim,
618 2628 685 2660 tua
707 2626 815 2661 hasta
839 2627 1062 2672 prudentior
1091 2627 1224 2671 factus,
1250 2626 1376 2673 gravis
1403 2624 1564 2670 denique
1588 2624 1688 2658 illius

202 2673 381 2716 temporis
406 2672 520 2708 eladis
544 2673 798 2720 bellorumque
824 2686 965 2710 memor
991 2675 1126 2711 accedo
1151 2675 1198 2711 ad
1223 2675 1320 2711 hanc
1344 2686 1430 2710 cum
1463 2675 1530 2708 tua
1566 2675 1687 2718 potes·

202 2721 280 2754 tate
305 2719 459 2755 alteram
483 2722 767 2758 conventionem
794 2723 1014 2759 ineundam:
1043 2735 1114 2769 qua
1140 2736 1199 2760 me
1223 2724 1350 2759 lizium
1384 2722 1464 2758 fore
1499 2721 1687 2757 hominem

202 2768 339 2812 sceptri
364 2769 420 2803 tui
446 2769 618 2814 spondeo,
644 2771 714 2815 vel,
739 2774 783 2806 ut
807 2771 944 2807 clarius
969 2774 1208 2818 apertiusque
1230 2772 1375 2818 loquar,
1389 2781 1535 2806 servum
1550 2781 1594 2805 ac
1606 2769 1689 2804 sub-

201 2814 334 2860 ditum,
359 2817 656 2862 quandoquidem
683 2822 721 2854 et
746 2822 788 2855 tu
814 2831 872 2855 me
897 2820 966 2855 sub
993 2821 1165 2857 dextram
1190 2824 1295 2857 tuam
1321 2819 1470 2856 trahere
1487 2818 1690 2854 hominem·

201 2875 273 2910 que
298 2866 404 2899 tuum
430 2864 555 2900 lizium
582 2866 702 2902 facere
716 2867 781 2903 vis.
814 2868 941 2914 itaque
960 2880 1023 2904 ero
1040 2869 1215 2915 deinceps
1234 2881 1278 2904 ex
1295 2869 1366 2904 hoc
1387 2866 1548 2904 seeundo
1567 2867 1730 2912 pactam(
1701 2872 1734 2887 ’
