1806 3132
544 229 599 263 ΙΝ
626 228 912 266 ALExrADEM
940 232 1102 268 NOTAE
1474 229 1557 273 669

86 342 264 386 sentent.
322 342 375 386 In
404 355 551 386 aversa
592 343 753 386 nummi
794 345 912 399 parte
945 344 1052 389 Crux
1082 347 1232 391 visitur
1259 350 1456 404 gradibus
1493 352 1559 394 in-

85 399 236 442 sistens
279 411 375 442 cum
404 399 517 443 hisce
544 399 866 453 characteribus,
896 411 1125 446 VICTORIA
1150 406 1356 449 AVGGGh.
1385 416 1555 451 OONOB.

86 455 242 498 Verum
271 455 495 511 quominus
529 456 638 499 hanc
682 456 910 511 amplectar
955 459 1216 512 sententiam,
1259 462 1473 515 prohibent
1515 465 1557 507 et

0 547 6 566 3
85 512 248 555 nummi
268 511 426 568 effigies
446 513 488 556 et
508 513 780 564 characteres,
801 513 973 568 ipsaque
994 528 1160 559 aversae
1178 518 1307 571 partis
1324 518 1555 574 Inscriptio,

87 581 195 623 quae
223 581 306 612 non
334 569 434 611 sunt
460 569 589 612 seculi
618 569 838 612 Michaelis
867 570 1021 614 Ducae.
1088 571 1168 615 Sed
1198 573 1333 627 potius
1364 574 1557 619 Michaeli

86 624 306 680 Theophili
335 625 377 668 et
411 625 650 668 Tbeodorae
692 625 779 668 filio
819 626 1133 670 adscribendum
1178 629 1324 672 suadet
1365 643 1558 675 nummus

85 681 194 724 alter
224 681 354 724 simili
383 681 630 736 conspicuus
660 682 948 736 Inscriptione,
980 697 1102 738 quem
1130 685 1173 726 in
1203 685 1392 728 Familiis
1414 686 1558 730 Orien-

85 737 242 781 talibus
269 737 548 781 enucleamus.
589 738 757 781 Profert
784 738 895 781 idem
923 739 1075 783 Strada
1107 754 1201 796 pag.
1218 742 1312 784 330.
1343 755 1556 786 nummum

85 793 230 847 alium,
258 794 305 837 in
332 807 414 850 quo
440 795 525 837 tres
554 794 715 850 figurae
743 795 914 846 stantes,
946 796 1082 839 media
1103 798 1276 840 caeteris
1306 798 1443 851 altior,
1464 812 1557 842 cum

85 849 387 894 Stemmatibus
417 849 664 905 Crucigeris‚
695 851 839 894 dextra
867 851 1008 907 gladio
1045 853 1296 905 innituntur,
1327 867 1419 897 cum
1450 855 1558 899 hisce

88 907 418 957 characteribus3
449 940 654 950 ........
685 917 839 951 IOANN
969 918 1201 953 consuis.
1240 923 1361 964 quem
1392 911 1556 966 quidem

86 975 319 1016 nummum,
349 963 386 1007 si
414 964 556 1007 tamen
583 965 646 1007 est
681 965 898 1019 genuinuS‚
930 965 1125 1008 Michaeli
1156 966 1308 1019 Ducae,
1339 967 1455 1009 cuius
1485 981 1559 1010 no-

86 1032 182 1062 men
212 1032 375 1063 erasum
405 1021 480 1073 est,
511 1020 829 1063 adscribendum
858 1022 1107 1071 censuerim3
1135 1022 1197 1065 ita
1226 1024 1274 1064 ut
1304 1023 1355 1066 ab
1382 1023 1455 1066 illo
1487 1036 1558 1066 cu-

85 1088 154 1118 sus
182 1076 254 1129 sit,
337 1076 507 1132 stquam
536 1077 727 1119 Romano
757 1077 943 1132 Diogene
976 1078 1020 1119 in
1051 1078 1236 1121 ordinem
1268 1079 1373 1131 acto,
1393 1080 1558 1122 Ioannis

85 1132 229 1176 Ducae
301 1133 458 1177 aesaris
500 1133 641 1188 patrui
691 1146 813 1188 opera
857 1134 1026 1188 Imperii
1071 1135 1352 1190 gubernacula
1394 1148 1557 1178 rursum

84 1189 259 1244 adeptus
287 1190 362 1233 ost.
420 1189 481 1232 Ex
517 1203 599 1245 quo
643 1190 750 1233 forte
794 1190 905 1232 haud
949 1203 1070 1245 aegre
1099 1204 1123 1233 a
1154 1191 1355 1234 Michaele
1384 1192 1558 1235 Ioannes

85 1245 329 1298 obtinuerit,
358 1246 409 1288 ut
437 1246 597 1302 effigies
641 1259 716 1289 sua
747 1247 791 1288 in
835 1247 1016 1289 nummis
1060 1248 1445 1301 repraesentaretur,
1476 1261 1558 1290 una

86 1314 183 1345 cum
229 1302 446 1346 Michaelis
488 1304 530 1346 et
577 1302 841 1346 Constantini
886 1303 1303 1359 Porphyrogennetae
1345 1304 1557 1347 Michaelis

83 1358 163 1401 filii
190 1357 352 1413 figuris.
410 1358 491 1402 Sed
519 1359 563 1402 id
593 1372 730 1402 merae
759 1359 1020 1402 coniecturae
1048 1362 1122 1411 est,
1154 1372 1236 1414 qua
1268 1360 1557 1414 utplurimum

84 1415 129 1457 in
158 1415 271 1458 hisce
299 1415 499 1470 postremi
517 1416 609 1459 aevi
628 1416 934 1470 Imperatorum
955 1416 1134 1458 Monetis
1160 1416 1420 1459 enucleandis
1439 1417 1557 1458 uten-

64 1471 186 1514 -dum
216 1472 395 1515 constat.
454 1473 515 1516 Ut
550 1472 767 1515 Michaelis
805 1472 946 1515 Ducae
981 1472 1141 1514 nummi
1176 1472 1447 1515 Michaelitae
1484 1485 1557 1526 ap-

85 1527 231 1583 pellati
261 1528 371 1581 sunt,
408 1528 470 1572 ita
517 1528 782 1572 Constantini
810 1528 951 1571 Ducae
980 1528 1195 1570 Michaelis
1232 1529 1413 1582 parentis
1453 1528 1556 1571 Cou-

83 1585 309 1628 stautinati
334 1585 415 1628 hac
442 1586 582 1628 aetate
613 1585 974 1639 nuncupabantur.
1031 1585 1192 1627 Horum
1220 1585 1373 1639 passim
1402 1584 1557 1627 mentio

85 1641 263 1684 habetur
304 1641 350 1684 in
378 1641 588 1685 veteribus
621 1641 799 1694 Chartis,
830 1654 936 1696 quae
980 1641 1122 1684 extant
1162 1641 1206 1682 in
1238 1640 1437 1684 Chronico
1466 1641 1557 1683 Mo-

85 1697 257 1740 nasterii
285 1697 571 1741 Beneventani
600 1698 778 1742 Sanctae
816 1697 1003 1752 Sophiae.
1076 1697 1170 1740 Una
1199 1697 1403 1739 Meinardi
1431 1696 1556 1739 Aria-

85 1754 223 1797 nensis
252 1754 447 1809 Episcopi
477 1755 529 1797 A.
559 1765 745 1797 MXXX.
791 1755 849 1796 At
882 1757 1051 1807 partem
1093 1754 1273 1796 eiusdem
1300 1752 1556 1796 Monasterii

75 1824 163 1864 pro
182 1814 313 1864 parte
339 1811 455 1854 mille
481 1811 640 1854 solidos
671 1810 1012 1854 Gonstantiuatos
1052 1823 1292 1863 componere
1320 1809 1397 1851 etc.
1456 1808 1555 1851 Alia

85 1867 258 1910 Roberti
289 1866 511 1911 Guiscardi
541 1868 669 1910 Ducis
697 1867 877 1922 Apuliae
907 1867 958 1909 A.
989 1876 1171 1909 MLXXV.
1213 1865 1301 1908 Aut
1327 1865 1366 1907 si
1392 1865 1465 1908 hoe
1493 1878 1555 1906 re-

83 1937 244 1967 movere
274 1937 370 2023 gion
414 1925 744 2024 quaesiegimus}
772 1924 981 2022 octogintla
1021 1922 1177 2020 εοΞᾶοῗ
1218 1921 1556 2020 βοηεέΐιυέἇηιέἔὲζ

85 1993 235 2023 aureos
301 1994 403 2024 onos
448 2005 496 2011 -
546 1996 572 2024 a
676 1996 728 2024 ar
745 1995 808 2024 em
848 1993 936 2023 eius·
966 1993 1029 2021 em
1108 1992 1150 2021 ee
1168 1992 1276 2021 esiae

84 2036 281 2080 Rectores·
320 2050 564 2091 componere
611 1995 853 2092 offliyamus.
926 2035 1117 2079 Occurrit
1161 2034 1335 2088 denique
1378 2033 1421 2075 in
1470 2033 1554 2075 alia

86 2093 319 2136 Eremberti
350 2093 529 2138 Comitis
561 2094 613 2136 A.
643 2103 810 2137 MXCIX.
840 2093 883 2135 in
915 2092 1054 2134 eodem
1086 2090 1301 2133 Chronico.

219 2144 417 2206 Ἐφεῖταί
443 2166 520 2204 μοι
550 2146 886 2205 παραπέμπειν]
934 2147 978 2191 Si
1006 2148 1049 2190 in
1083 2146 1265 2198 feudum,
1305 2158 1375 2210 seu
1404 2143 1593 2188 benefi-C

86 2205 210 2258 cium,
232 2207 285 2249 ab
299 2206 446 2250 Alexio
467 2220 682 2250 concessus
706 2208 768 2249 est
797 2204 1038 2248 Boemundo
1059 2203 1245 2245 Ducatus
1260 2201 1554 2251 Antlochenus‚

85 2262 224 2317 potuit
261 2263 383 2306 illum
422 2263 690 2307 Boemundus
723 2276 770 2305 ex
808 2275 885 2304 usu
923 2261 967 2303 in
1000 2258 1199 2302 eiusmodi
1232 2257 1371 2322 feudis·
1393 2257 1554 2310 recepto

85 2319 324 2372 transferre,
355 2320 442 2363 sive
470 2321 515 2363 in
545 2319 774 2370 haeredem,
806 2318 892 2361 sive
921 2317 1063 2367 alium,
1093 2315 1237 2357 iisdem
1267 2312 1555 2368 posffldendum

86 2375 407 2429 conditionibus,
450 2377 601 2432 quibus
643 2376 722 2430 ipsi
765 2373 991 2417 infeodatio
1033 2372 1145 2414 facta
1189 2371 1261 2413 est.
1338 2368 1417 2413 Sed
1455 2368 1555 2410 haec

85 2444 273 2487 pugnare
302 2432 498 2476 videntur
528 2446 622 2476 cum
650 2432 702 2474 iis
732 2443 837 2486 quae
866 2429 989 2484 paulo
1019 2428 1115 2470 ante
1147 2426 1367 2490 habentur,
1392 2436 1556 2467 conces-

85 2501 178 2531 sum
224 2489 467 2532 Boemundo
513 2487 823 2532 usufructuario
867 2487 968 2536 iure,
1011 2484 1104 2538 post
1146 2483 1260 2546 illius
1304 2481 1462 2524 ob1tum
1485 2479 1555 2543 ‘ad

84 2544 255 2599 Imperii
283 2545 349 2588 ius
376 2546 623 2589 rediturum.
681 2543 730 2587 Id
761 2543 936 2596 constat,
965 2541 1008 2582 in
1038 2539 1263 2582 Germama
1301 2536 1555 2600 praesertim,

86 2601 165 2644 hac
197 2601 446 2656 tempestate
484 2602 700 2644 feudorum
747 2600 854 2642 hanc
895 2597 1021 2640 fuisse
1058 2596 1204 2650 legem,
1234 2594 1282 2636 ut
1310 2606 1335 2636 a
1364 2592 1555 2654 Pnnclpe

85 2657 254 2700 omnino
284 2658 579 2712 dependerent:
624 2657 862 2712 primusque
890 2652 1095 2695 Henricus
1126 2651 1182 2693 II.
1202 2649 1463 2714 ’Imperaton
1492 2649 1556 2689 utr

85 2713 233 2757 scribit
263 2713 487 2758 Gervasius
518 2712 822 2756 Tilleberiensis
851 2710 894 2752 in
926 2709 1032 2752 Otiis
1061 2705 1349 2761 Impenahbus
1379 2704 1494 2759 parte
1514 2703 1554 2744 2.

86 2769 241 2825 Leyem
285 2771 472 2814 instituit
514 2770 630 2825 apud
675 2768 885 2818 Teutones,
931 2768 977 2808 ut
1016 2763 1218 2813 Militiae,
1259 2774 1372 2804 more
1408 2758 1555 2823 Gallo-

84 2839 180 2870 rum
207 2830 247 2870 et
278 2827 529 2884 Anytorum,
554 2824 822 2870 successionis
858 2823 950 2865 iure
978 2820 1286 2864 devolverentur
1312 2818 1370 2861 ad
1402 2829 1555 2871 prozi-
