1734 3120
467 202 732 242 auxums
763 204 858 243 Lm.
887 209 968 244 xv.
1000 199 1065 245 11.
1427 198 1509 248 369

26 321 78 366 δὲ
104 319 211 374 τούς
248 317 547 381 ἐπιστήμονας
582 323 963 381 μεταπεμπομένη
999 327 1090 368 τῶν
1127 324 1291 408 ἰατρῶν
1339 327 1389 373 τί
1428 333 1509 374 τοῦ
1521 337 1562 373 Ρ.
1586 339 1659 374 498

26 387 274 450 νοσήματος
302 384 423 442 εἶδος
443 390 834 447 πολυπραγμονεῖν
859 387 1120 451 ἠναγκάζετο
1154 395 1226 438 καὶ
1246 398 1336 439 τῶν
1354 396 1509 442 αἰτίων

24 455 80 500 τὰ
108 460 306 518 προσεχῆ
332 458 406 502 καὶ
431 455 487 500 τὰ
513 454 673 514 πόρρω
699 455 849 518 ᾐτεῖτο
880 459 1163 515 μαθεῖν.οι
1201 463 1249 507 δὲ
1278 465 1357 525 την
1383 470 1511 523 χεῖρα

24 529 122 578 ταῖς
149 520 377 584 ἀρτηρίαις
404 523 770 581 ἕπιβάλλοντες’
751 525 945 585 ε’μφασιν
974 530 1189 574 παντοίου
1217 528 1364 585 ειδους
1395 551 1512 577 ανω-

0 594 183 649 »μαλίας
207 591 319 638 κατὰ
337 596 486 638 πᾶσαν
514 594 594 654 τῆς
621 588 831 651 ἀρτηρίας
858 594 1027 653 κίνησιν
1045 597 1261 654 εὑρίσκειν
1280 594 1512 679 ἀνωμολό-

24 678 140 719 γουν,
173 660 227 706 τὸ
258 663 297 706 δ’
327 659 471 706 αἴτιον
497 663 690 706 συνιδεῖν
717 657 797 706 οὗκ
823 657 944 718 εἶχον
964 661 1078 722 ὅπη·
1107 666 1219 724 μηδὲ
1241 689 1267 712 ι
1289 689 1316 712 κ
1335 666 1414 729 τὴν
1431 672 1511 713 τοῦ

23 730 243 786 βασιλέως
268 730 438 775 δίαιταν
467 731 724 792 ἠπίσταντο,
754 725 865 775 ἄλλα
895 729 1011 776 πάνυ
1042 732 1411 814 σωφρονεστάτην
1439 738 1511 782 καὶ

23 795 146 858 λιτὴν
175 798 250 842 καὶ
268 794 385 851 ὅλως
403 814 454 855 γι
455 795 611 858 μνικήν
629 814 678 842 τε
699 798 773 842 καὶ
791 801 1109 861 στρατιωτικὴν
1128 797 1513 884 ἀπαγορεύσαντος

23 863 79 909 τὰ
106 867 198 910 τῶν
225 861 319 910 ἀπὸ
347 864 425 927 τῆς
450 867 662 947 περιττῆς
689 867 858 925 διαίτης
887 868 1014 921 ὑλῶν,
1047 867 1112 922 εἷς
1130 868 1273 914 αιτίαν
1300 866 1432 930 ἄλλην
1457 871 1513 915 τά

0 936 102 994 πῆς
112 934 418 1016 στενοχωρίας
460 927 679 993 ανέφερον
726 936 800 979 καὶ
826 937 1210 993 προκαταρκτικὸν
1238 936 1381 984 αι’τιον
1408 957 1511 984 ταυ-

23 1003 124 1060 τησὶ
164 1003 243 1064 τῆς
285 999 420 1047 νόσου
463 998 590 1047 ουδεν
633 997 741 1046 ἄλλο
787 1001 939 1061 ἔλεγον
982 1023 1008 1064 η
1034 1003 1112 1066 τήν
1140 1009 1231 1050 τῶν
1259 1009 1552 1066 φροντίδωνΒ

24 1068 194 1131 πολλὴν
220 1071 451 1116 συντονίαν
494 1072 567 1115 καὶ
597 1069 650 1116 τὸ
682 1071 858 1127 συνεχὲς
875 1074 949 1116 καὶ
978 1072 1146 1119 πυκνὸν
1175 1077 1266 1120 τῶν
1299 1078 1508 1135 θλίψεων

23 1139 374 1198 θερμαινομένης
415 1139 594 1184 ἐκεῖθεν
634 1135 756 1199 αὐτῷ
797 1143 875 1201 τῆς
903 1143 1084 1198 καρδίας
1121 1161 1193 1188 και
1222 1146 1274 1189 τό
1303 1144 1512 1204 περιττὸν

22 1224 143 1251 απαν
184 1204 395 1266 ἑλκούσης
437 1208 487 1263 ἐξ
529 1205 637 1252 ὀλου
674 1211 755 1253 τοῦ
799 1206 1020 1265 σώματος.
1097 1212 1307 1258 ἐντεῦθεν
1335 1211 1362 1274 ἡ
1390 1214 1509 1275 δεινὴ

0 1272 157 1329 ἰνόσος
184 1276 451 1321 ἐπελθοῦσα
476 1279 540 1335 τῷ
569 1272 861 1335 αυτοκράτορι
904 1273 1132 1341 ανακωχήν
1164 1278 1279 1335 ὅλως
1307 1277 1391 1326 ov'x
1421 1283 1512 1327 ἕνε-

23 1345 161 1398 δίδου,
191 1345 287 1389 ἀλλ’
317 1341 380 1398 ὦς
407 1340 567 1404 ἀγχόνη
599 1346 843 1404 συνέπνιγε.
901 1350 1118 1393 τοσοῖτον
1136 1350 1185 1394 δὲ
1201 1353 1305 1395 καθ’
1327 1350 1513 1410 ἕκαστην

25 1405 177 1470 ηὔξανε
205 1410 258 1457 τὸ
287 1415 367 1474 τῆς
394 1410 542 1467 νόσου,
572 1430 635 1466 ως
654 1414 807 1471 μηκέτι
829 1414 876 1458 ἐκ
897 1414 1217 1474 διαστημάτων,
1249 1416 1358 1462 ἀλλὰ
1388 1435 1512 1463 συνε·

20 1481 112 1534 χῶς
148 1481 221 1526 καὶ
263 1476 542 1534 αδιαστάτως
582 1481 866 1538 ἐπέρχεσθαι,
913 1501 977 1536 ως
1014 1486 1126 1543 μηδε
1169 1503 1274 1541 περι
1316 1487 1512 1543 θατέραν

22 1544 242 1592 δύνασθαι
295 1546 613 1607 κατακλιθῆναι
667 1547 747 1593 τὸν
793 1545 1095 1609 αὖτοκράτορα
1150 1551 1344 1612 πλειράν
1401 1553 1511 1613 μηδὲ

0 1613 140 1671 »πρὸς
182 1613 333 1671 ἰσχύος
380 1614 497 1671 ἔχειν
529 1611 743 1672 αβίαστον
785 1618 837 1662 τὸ
884 1616 1097 1677 παράπαν
1139 1619 1395 1666 εἶσπνεῦσαι
1433 1620 1512 1666 τόν

21 1683 143 1740 ἀέρα.
211 1681 331 1737 ἅπας
370 1676 448 1728 οὖν
486 1688 722 1742 τηνικαῦτα
757 1687 1043 1742 μετεκαλεῖτο
1080 1685 1232 1766 ἰατρὸς
1269 1690 1341 1732 καὶ
1375 1686 1401 1749 ἡ
1429 1691 1510 1733 τοῦ

23 1747 350 1809 αατοκράτορος
404 1750 536 1806 νόσος
575 1751 800 1806 ὑπόθεσις
844 1750 998 1807 αὐτοῖς
1046 1749 1298 1812 προῖκειτο.
1363 1756 1548 1813 εμερί-(Ξ

24 1821 150 1875 ζοντο
178 1821 229 1865 δὲ
256 1825 355 1874 ταῖς
378 1819 570 1879 γνώμαις
598 1839 670 1866 και
700 1823 1013 1879 κατετέμνοντο
1059 1825 1131 1868 καὶ
1160 1818 1293 1878 α’λλος
1326 1819 1435 1870 αλλο
1463 1843 1504 1870 τι

157 1931 191 1966 4.
217 1928 432 1988 ἀνωμαλίας
457 1930 496 1977 C,
525 1929 730 1980 ἀνομαλίας
753 1932 795 1969 Ρ.
1011 1935 1045 1970 6.
1071 1931 1162 1980 ὅπη]
1189 1948 1211 1978 η
1234 1947 1281 1971 ex
1305 1949 1319 1970 ι
1344 1947 1392 1972 m.
1419 1936 1442 1970 2
1468 1936 1507 1971 C.

156 1978 330 2015 lacunam
343 1980 517 2037 signavi.
676 1982 709 2017 7.
737 1981 882 2018 δίαιταν
909 1998 1022 2013 *****
1051 1982 1087 2018 C,
1242 1985 1277 2019 8,
1300 1980 1507 2031 duarum&-

158 2038 291 2067 σαντος
313 2025 358 2064 τὰ
382 2029 534 2074 scripsi.
563 2026 877 2076 ἀπαγορεύσαντα
904 2029 971 2066 ΟΡ.

25 2143 98 2178 que
120 2143 238 2178 genus
260 2133 510 2169 curiosissime
534 2134 727 2181 inquirere
741 2138 870 2171 coacta
895 2138 934 2171 et
950 2135 1141 2180 proximas
1167 2139 1207 2172 et
1232 2139 1394 2172 remotas
1422 2147 1507 2172 eau-

25 2191 84 2215 saa
108 2180 347 2228 explorabat;
380 2181 446 2218 sed
469 2183 621 2218 arteriis
646 2195 759 2219 manu
787 2183 900 2220 tactis
935 2182 993 2219 illi
1022 2195 1107 2220 eum
1152 2186 1191 2220 in
1215 2196 1324 2220 omne
1348 2187 1508 2220 arteriae

24 2228 134 2274 pulsu
157 2229 377 2276 multiplicis
397 2231 697 2277 perturbationis
713 2231 895 2267 indicium
914 2243 952 2267 se
967 2232 1138 2268 invenire
1162 2232 1404 2278 affirmarent,
1421 2244 1510 2268 eau-

24 2288 101 2312 sam
115 2280 241 2314 tamen
254 2279 465 2325 perspicere
483 2291 559 2315 non
577 2283 763 2326 poterant.
790 2291 909 2326 neque
923 2281 1022 2315 enim
1036 2281 1274 2326 imperatoris
1288 2281 1436 2317 vivendi
1450 2293 1509 2316 ra·

22 2326 164 2361 tionem
184 2340 203 2359 ια
221 2325 345 2370 fuisse,
365 2327 428 2363 sed
449 2327 787 2364 moderatissimam
803 2332 841 2364 et
855 2340 1016 2374 parcam,
1037 2329 1156 2374 qualis
1170 2329 1396 2365 athletarum
1411 2329 1508 2364 mili-

22 2376 179 2420 tumque
202 2378 272 2420 est,
308 2376 365 2411 ita
387 2379 432 2412 ut
469 2375 744 2423 superfluorum
782 2377 951 2413 ciborum
988 2378 1220 2414 nutrimenta
1261 2380 1506 2423 aversaretur,

21 2422 202 2459 sciebant.
249 2424 378 2470 itaque
400 2424 449 2460 ad
472 2425 585 2460 aliam
609 2437 756 2461 eausam
780 2425 989 2471 respirandi
1013 2425 1271 2461 difficultatem
1297 2425 1507 2461 retulerunt

21 2471 218 2518 morbique
242 2472 426 2519 originem
453 2474 672 2520 primariam
698 2473 841 2509 nullam
878 2473 989 2508 aliam
1013 2473 1201 2517 dixerunt,
1240 2474 1311 2509 nisi
1349 2474 1503 2509 nimiam

21 2530 197 2555 curarum
219 2522 497 2557 contentionem
522 2525 561 2558 et
584 2522 781 2558 continuas
795 2521 1077 2567 sollieitudines,
1102 2523 1238 2568 quibus
1261 2522 1505 2558 exealfaetum

20 2578 87 2603 eor
118 2567 304 2615 quidquid
329 2573 426 2605 esset
449 2570 636 2617 reliquum
660 2571 700 2605 in
725 2573 808 2605 toto
845 2581 1002 2615 eorpore
1025 2571 1251 2606 attraxisset.
1288 2570 1376 2606 dein
1400 2570 1507 2606 dirus

24 2616 176 2652 morbus
197 2618 465 2664 imperatorem
498 2619 595 2654 adiit
623 2630 666 2654 ae
691 2619 770 2653 sine
796 2618 881 2653 ullis
907 2618 1068 2654 induciis
1106 2618 1228 2663 laquei
1255 2618 1373 2654 instar
1400 2629 1505 2665 urge-

21 2663 90 2700 bat
112 2665 374 2712 oresoebatque
397 2667 453 2702 ita
475 2667 626 2712 cotidie,
652 2670 694 2702 ut
719 2667 793 2701 iam
819 2678 893 2701 non
916 2677 963 2701 ex
988 2667 1209 2707 intervallis,
1229 2666 1293 2701 sed
1310 2667 1503 2702 eontinen-

21 2715 83 2748 ter
108 2725 152 2749 ae
190 2714 271 2750 sine
309 2715 585 2751 intermissione
608 2716 815 2760 imperator
838 2717 1038 2750 vexaretur
1075 2726 1195 2760 neque
1218 2715 1258 2749 in
1282 2714 1504 2750 alterutrum

21 2759 121 2797 latus
158 2762 296 2798 cubare
333 2766 459 2809 posset
493 2775 614 2810 neque
649 2763 802 2798 omniuo
839 2763 919 2798 sine
945 2763 983 2798 vi
1007 2774 1144 2809 magna
1180 2774 1301 2798 aerem
1328 2762 1506 2809 spirando

22 2808 169 2846 duoere.
232 2811 361 2857 itaque
397 2812 533 2848 medici
576 2823 704 2847 omnes
748 2810 916 2846 arcessiti
957 2810 1188 2847 deliberandi
1227 2822 1337 2847 eausa
1374 2811 1506 2847 morbo

22 2857 220 2904 proposito
243 2861 439 2896 sententiis
461 2860 687 2896 differebant
712 2863 750 2895 et
774 2858 868 2894 alius
893 2858 1004 2894 aliam
1028 2860 1151 2895 morbi
1179 2863 1352 2894 naturam
1379 2860 1505 2894 existi-

94 2930 211 2967 Amm
234 2929 429 2967 Comma.
485 2933 542 2968 Π.
1204 2932 1252 2966 24
