1806 3132
260 208 342 253 546
776 217 954 253 eAnom
988 214 1227 253 DUeAnen

463 333 591 377 Iussa
613 334 760 387 patris
789 333 988 388 sequitur,
1021 332 1260 386 iussamque
1286 331 1481 387 Roqerus
1516 331 1574 374 ad
1603 330 1747 374 urbem

466 390 572 435 Gum
600 390 736 434 Ducis
760 389 1002 446 ayminibus
1023 389 1275 443 properavit
1305 392 1343 432 et
1374 388 1532 432 obsidet
1560 387 1694 432 illam.

218 461 248 497 B
398 457 611 516 Βοντίζῃ]
644 458 762 502 Idem
793 458 948 501 Poeta:

462 526 560 581 Ipse
586 539 684 569 suos
712 525 888 581 Equites
918 524 1100 580 hyemali
1129 528 1312 578 tempore
1341 537 1479 568 secum

460 583 721 627 Bundiciam
754 583 868 626 ducit
896 595 1136 634 mansurus,
1168 581 1308 636 ibique
1335 583 1542 624 moratur.

261 651 482 717 Caeterum
511 651 762 694 Bundiciam
802 651 887 693 iam
925 650 1023 693 ante
1063 649 1324 705 expugnarat
1358 648 1582 691 Robertus.
1632 646 1749 689 Idem

262 707 718 809 Gu1ll.11b1.32fflitiam
746 768 903 807 nautae
930 764 973 806 vi
1002 766 1171 817 captam
1200 762 1528 817 depopulantur.

219 845 249 880 B
396 828 552 884 Αὐτὸς
581 830 656 888 δέ]
692 832 945 876 Guillelmus
975 831 1102 886 Apul.

466 889 687 935 Continuis
715 890 841 932 huius
871 888 1030 932 soboles
1060 902 1264 944 qenerosa
1292 887 1492 943 Royerus

463 947 706 990 Perterrere
733 947 863 989 minis
891 959 977 989 non
1006 950 1139 989 cessat
1172 944 1483 999 Cephaloniam.

460 1004 611 1047 Insula
642 1003 825 1047 Roberto
846 1004 1108 1057 proponitur
1140 1016 1227 1045 esse
1247 1001 1446 1056 petenda,

464 1062 539 1104 Ad
567 1075 694 1116 quam
722 1061 876 1103 missus
904 1063 995 1103 erat
1025 1059 1276 1114 capiendam
1300 1058 1419 1112 filius
1449 1058 1549 1100 eius,

262 1131 330 1175 Ab
359 1131 437 1173 hoc
467 1142 590 1184 porro
617 1129 662 1171 in
684 1127 980 1183 Cephaleniam
1002 1127 1177 1171 Roberti
1201 1127 1377 1182 appulsu
1408 1125 1549 1180 portui
1569 1123 1750 1176 Insulae,

263 1201 334 1231 seu
371 1187 494 1240 sinui,
533 1186 605 1241 qui
643 1185 863 1241 Illyricum
907 1185 1088 1239 respicit,
1136 1184 1292 1227 mansit
1340 1182 1557 1227 Wiscardi
1594 1180 1753 1224 Portus

264 1244 503 1300 appellatio.
532 1243 705 1287 Falsum
735 1242 845 1284 enim
867 1242 978 1296 quod
998 1241 1250 1285 Hovedenus
1271 1241 1312 1283 et
1335 1239 1620 1294 Bromptonus
1650 1237 1753 1281 scri-

263 1302 383 1354 bunt,
418 1301 481 1343 ita
519 1300 694 1351 dictum,
740 1298 850 1354 quod
892 1311 938 1341 eo
975 1298 1056 1342 loci
1089 1298 1267 1341 mortem
1305 1296 1466 1349 obierit,
1506 1296 1547 1339 et
1569 1294 1752 1338 vtumulo

264 1358 488 1402 mandatus
519 1357 646 1399 fuerit
675 1355 935 1399 Wiscardus.

221 1422 251 1457 Β
398 1418 425 1456 I
428 1412 592 1464 utem]
623 1412 832 1456 Cedrenus
853 1425 948 1467 pag.
972 1412 1068 1455 581.
1099 1407 1211 1466 μετὰ
1231 1405 1373 1452 εἴκοσι
1400 1408 1474 1452 καὶ
1501 1404 1616 1451 ἑπτὰ
1645 1422 1753 1462 κομ-

563 1462 1755 1582 {isat-'5³422303‘2‘2555‘2052‘23r3330eterna

324 1563 332 1572 ο
720 1557 725 1563 ’
767 1561 778 1581 '
992 1564 999 1570 ι
1276 1560 1283 1567 ι
1561 1556 1571 1565 ο
1664 1554 1673 1564 ⁸

265 1585 379 1630 Gest.
409 1585 524 1627 Frid.
554 1597 642 1639 cap.
664 1585 731 1627 33.
762 1582 937 1639 Aptatis
966 1607 1018 1612 ——
1039 1582 1282 1626 triremibus
1310 1585 1349 1624 et
1381 1579 1618 1631 biremibus,
1650 1591 1756 1634 quas

263 1643 384 1686 modo
417 1642 574 1697 paleas,
605 1655 678 1684 seu
706 1642 888 1696 sayittas
916 1640 1039 1695 vulyo
1074 1640 1211 1683 dicere
1248 1638 1393 1682 solent.
1440 1636 1569 1680 Guill.
1602 1635 1754 1691 Tyrius

263 1700 336 1742 lib.
363 1700 427 1742 10.
451 1712 539 1753 cap.
563 1699 630 1740 28.
669 1698 856 1741 Navium
897 1700 1195 1752 rostratarum,
1245 1709 1352 1750 quae
1392 1694 1517 1749 vulqo
1556 1692 1757 1736 dicuntur

263 1756 423 1812 yaleae.
467 1756 541 1798 lib.
563 1756 630 1798 20.
654 1768 743 1809 cap.
768 1755 834 1796 14.
879 1754 1024 1798 Erant
1066 1754 1115 1797 in
1150 1753 1350 1807 praefato
1399 1751 1584 1794 exercitu
1628 1762 1756 1792 naves

264 1814 416 1869 lonyae
435 1816 657 1864 rostratae,
688 1812 868 1867 yeminis
898 1825 1108 1854 remorum
1137 1811 1367 1854 instructae
1386 1807 1618 1859 ordinibus,
1650 1819 1756 1860 quae

264 1870 388 1926 vulyo
422 1869 570 1925 yaleae
599 1869 811 1912 dicuntur.
844 1868 1008 1911 Hister.
1038 1867 1202 1910 Hieros,
1232 1879 1328 1922 pag.
1360 1865 1483 1908 1167.
1528 1863 1648 1917 Quod
1681 1877 1755 1906 an-

266 1928 372 1982 tiqui
413 1927 558 1970 dixere
597 1926 846 1978 Liburnam,
891 1925 1085 1968 moderni
1121 1923 1300 1979 yale'am‚
1349 1922 1490 1966 media
1527 1920 1754 1975 producta,

265 1985 497 2027 nominant.
529 1983 705 2026 Asserus
735 1982 816 2025 An.
845 1991 1156 2026 DCCCLXXVII.
1187 1979 1320 2023 Iussit
1339 1979 1508 2035 cymbas
1531 1982 1570 2021 et
1598 1976 1754 2032 ¹qaleas,

266 2042 313 2084 id
350 2044 420 2094 est,
463 2040 614 2095 lonqas
655 2053 783 2083 naves
815 2038 1040 2092 fabricari.
1084 2037 1316 2080 Malaterra
1346 2036 1418 2079 lib.
1443 2035 1482 2079 4.
1505 2047 1593 2089 cap.
1616 2034 1683 2076 25.
1714 2032 1756 2075 A

267 2098 431 2141 duabus
462 2097 714 2140 Piratarum
742 2096 933 2151 navibus,
969 2108 1074 2151 quas
1105 2094 1253 2150 9aleas
1285 2092 1516 2148 appellant,
1548 2090 1757 2134 hostiliter

267 2153 908 2265 sssszrssttz‘giuj‘sp&affine
930 2147 1756 2252 &atsstsprgssffitissu‘ff”Silianffloffiesuifi

356 2245 365 2263 ν
577 2244 586 2264 7
896 2243 905 2263 ν
1035 2232 1052 2252 0
1124 2242 1133 2261 ν

269 2268 404 2311 Gloss,

227 2327 256 2362 B
403 2323 519 2379 Περὶ
544 2320 623 2367 τὸν
650 2317 849 2376 Mesoa]
884 2322 1094 2365 Asteriam
1117 2321 1244 2364 habet
1273 2319 1507 2374 Sophianus
1529 2318 1573 2361 in
1596 2316 1757 2372 Cepha-

269 2382 379 2424 lenia
411 2383 565 2434 Insula,
597 2381 712 2424 haud
742 2380 888 2435 procul
911 2379 963 2422 ab
983 2379 1074 2434 ipsa
1096 2377 1347 2433 Cephalenia
1368 2376 1483 2418 urbe.
1515 2374 1754 2418 Asteridem

269 2438 470 2491 Insulam,
505 2437 800 2493 Cephaleniam
831 2437 941 2479 inter
971 2437 1012 2478 et
1039 2435 1245 2487 Ithacam,
1277 2433 1475 2477 statuunt
1495 2431 1662 2474 Plinius
1682 2430 1755 2473 lib.

268 2495 307 2537 4.
340 2494 588 2549 Stephanus,
621 2495 662 2538 et
691 2494 864 2537 Nicetas
884 2494 929 2535 in
949 2492 1064 2536 Man.
1083 2492 1156 2535 lib.
1180 2493 1220 2534 2.
1242 2490 1296 2534 N.
1318 2491 1357 2533 5.
1385 2489 1444 2532 At
1475 2489 1601 2531 Anna
1622 2487 1756 2530 Athe-

269 2564 355 2594 rem
387 2551 718 2606 promontorium
751 2550 1026 2605 Cephaleniae
1046 2549 1215 2592 Insulae
1235 2547 1365 2590 fuisse
1385 2546 1458 2589 ait.
1490 2544 1595 2588 Cum
1624 2543 1757 2599 igitur

270 2621 392 2663 aeger
420 2608 628 2651 Robertus
658 2608 708 2650 de
729 2608 901 2650 Ithacae
931 2606 1096 2662 oppido,
1127 2603 1394 2648 Hierusalem
1410 2602 1663 2657 nuncupato,
1690 2600 1756 2642 in-

270 2664 467 2717 audisset,
501 2665 669 2719 insuper
699 2664 740 2707 et
771 2664 972 2706 Atherem
1000 2662 1235 2706 revocasset
1263 2661 1308 2703 in
1328 2660 1524 2711 mentem,
1557 2657 1755 2700 continuo

269 2721 398 2763 subiit
427 2721 585 2763 oraculi
615 2721 829 2772 memoria,
865 2720 976 2775 quod
1010 2719 1110 2762 olim
1141 2718 1222 2762 sibi
1254 2716 1578 2772 pronunciatum
1608 2712 1755 2756 memi-

271 2778 402 2828 nerat,
434 2778 634 2820 Atherem
666 2790 796 2832 usque
827 2776 979 2820 ditioni
1010 2789 1110 2819 suae
1139 2775 1291 2819 cuncta
1319 2773 1628 2821 subiecturum
1657 2769 1755 2812 hinc

269 2833 597 2890 proficiscentem
627 2833 977 2889 Hierosolymam,
1011 2832 1197 2876 debitum
1220 2832 1396 2874 naturae
1416 2829 1475 2873 ibi
1505 2828 1753 2872 soluturum.
