1780 3138
560 257 827 292 Annxums
856 258 951 292 ΠΒ.
979 259 1047 293 XI.
1080 254 1145 294 10.
1327 245 1331 247 ’
1510 218 1594 297 ⁴117

100 370 219 427 πρὸς
244 368 325 432 τὴν
354 373 450 416 Κῶ.
509 371 688 428 πρωΐας
724 372 775 417 δε
813 375 904 416 τῶν
946 374 1183 418 Πισσαίων
1220 375 1364 420 ἐκεῖσε
1408 378 1595 421 καταλα-

99 437 313 495 ῥ’όντωνε
294 439 487 496 εσπέρας
516 457 642 485 ουτοι
672 437 835 500 ταύτην
857 441 1112 497 κατέλαβον.
1168 441 1229 503 μὴ
1262 442 1596 503 ἐντετυχηκότες

99 508 149 552 δὲ
180 511 279 562 τοῖς
298 508 538 561 Πισσαίοις
566 504 782 569 ἀπῆλθον
807 507 871 562 εἷς
889 507 970 569 τὴν
989 510 1156 554 Κνίδον
1176 512 1283 568 περὶ
1305 510 1385 572 τὴν
1408 507 1596 573 ἤπειρον

98 579 177 636 τῆς
202 572 419 638 ἀνατολῆς
446 577 735 635 διακειμένην.
791 582 917 622 κεῖθι
947 578 1039 622 δὲ
1026 577 1390 636 παραγενόμενοι,
1428 578 1490 633 ὦς
1518 585 1597 642 τῆς

62 640 233 702 5άγρας
261 641 492 704 ἧστόχουν,
534 641 709 703 ὀλίγους
750 643 873 699 τινας
916 644 1213 705 ἕφευρηκότες
1242 651 1332 691 τῶν
1367 650 1596 694 Πισσαίων

96 708 234 758 αὐτοῦ
264 731 356 758 που
386 713 766 772 καταλειφθέντας
794 711 1117 768 ἐπυνθάνοντο,
1150 712 1269 759 ὅπου
1300 713 1325 760 ὁ
1347 716 1596 771 Πισσαικὸς

97 778 324 840 ἐξώρμησε
350 779 523 835 στόλος.
581 779 623 827 οἳ
653 783 703 827 δὲ
732 780 851 840 πρὸς
877 780 958 844 τὴν
983 780 1137 828 Ῥόδον
1168 781 1355 842 ἔφασαν.
1405 786 1479 829 καὶ
1507 803 1595 830 πα·
1606 801 1646 836 Ρ,
1673 802 1745 837 336

98 854 300 912 ραχρῆμα
328 847 539 903 λύσαντες
566 849 622 894 τὰ
651 849 907 912 πρυμνήσια
935 853 1110 896 θᾶττον
1138 850 1326 906 τούτους
1355 854 1596 911 κατέλαβον
1607 865 1651 902 V.
1678 867 1751 902 266

5 979 6 982 Ἴ
95 917 260 976 μεταξὸ
288 916 514 975 Πατάρων
542 920 616 963 καὶ
642 916 810 966 Ῥόδου.
879 919 1068 973 τούτους
1096 921 1134 964 δ’
1167 938 1210 965 οι
1240 926 1455 967 Πισσαῖοι
1485 927 1597 967 θεα-

0 986 85 1047 -ξιο
96 986 286 1045 σάμενοι
310 987 465 1044 μόθου
494 988 748 1045 παραυτίκα
766 1005 912 1046 σχημα
942 986 1301 1043 διατυπώσαντες
1320 989 1438 1048 πρὸς
1456 989 1597 1050 μάχην

97 1053 150 1103 οὗ
178 1055 235 1102 τὰ
265 1057 372 1116 ξίφη
399 1054 553 1113 μόνον,
585 1050 695 1100 ἄλλα
723 1058 798 1101 καὶ
825 1055 907 1110 τὰς
932 1058 1115 1114 καρδίας
1147 1057 1328 1117 ἔθηγον.
1387 1060 1598 1105 ἐπικατα-

95 1123 313 1182 λαβόντος
332 1126 382 1170 da}
401 1126 481 1169 τοῦ
499 1122 752 1181 Ῥωμαικοῦ
780 1124 943 1171 στόλου
974 1124 1114 1185 κόμης
1142 1144 1209 1180 τις
1229 1126 1597 1190 Πελοποννίσιος

96 1192 347 1252 Περιχὺταν
387 1191 661 1250 καλούμενος
700 1195 931 1250 ναυλοχεῖν
974 1189 1134 1253 ἶίριστα
1176 1196 1494 1255 ἐπιστάμενος,
1534 1195 1597 1251 ώς

94 1261 287 1320 τούτους
315 1261 554 1315 ἐθεάσατο,
586 1266 687 1315 ταῖς
710 1260 885 1316 κώπαις
912 1262 965 1308 τὸ
991 1261 1109 1310 ι’διον
1138 1264 1376 1322 πτερώσας
1405 1270 1596 1327 μονῆρες

38 1346 83 1384 15
97 1329 159 1385 ὦς
187 1327 279 1387 εἶχε
307 1332 403 1376 κατ’
434 1327 582 1377 αὗτῶν
609 1328 737 1377 ιἐται.
795 1334 869 1376 καὶ
909 1332 984 1378 διὰ
1019 1334 1159 1390 μέσου
1197 1333 1370 1381 τούτων
1411 1333 1473 1389 ώς
1502 1337 1594 1393 πῦρ

94 1398 292 1446 διελθών
306 1399 372 1454 εἷς
386 1399 466 1445 τὸν
472 1398 718 1458 Ῥωμαικον
732 1418 787 1444 αι
771 1392 903 1454 3’θις
881 1402 1185 1463 επανέστρεφε
1201 1401 1376 1449 στόλον.
1402 1402 1426 1449 ὁ
1440 1404 1594 1461 μέντοι

92 1467 336 1527 Ῥωμαὶκὸς
365 1467 527 1523 στόλος
555 1465 635 1514 ου’-κ
655 1467 879 1523 εὐτάκτως
898 1474 978 1529 τῆς
999 1489 1114 1528 μετα
1141 1476 1233 1517 τῶν
1252 1474 1489 1518 Πισσαίων
1506 1470 1593 1530 μά-

94 1555 173 1596 χης
200 1533 494 1594 ἀπεπειρᾶτο,
526 1531 619 1581 ἀλλ’
652 1533 790 1593 ὀξέως
822 1539 895 1582 καὶ
922 1534 1207 1593 ἀσυντάκτως
1229 1539 1408 1594 τούτοις
1428 1543 1637 1599 προσέ-Β

95 1607 216 1662 βαλε.
267 1606 342 1650 καὶ
361 1604 496 1659 αυτὸς
514 1604 607 1650 δεε
584 1624 608 1651 ο
629 1607 931 1667 Λαντοῢλφος
950 1609 1136 1665 πρῶτος
1151 1608 1478 1666 προσπελάσας
1495 1615 1593 1663 ταῖς

7 1677 367 1728 2οΠισσαὶκαῖς
395 1675 549 1720 ναυσὶν
577 1669 745 1731 άστοχα
765 1674 818 1720 τὸ
841 1683 932 1733 πῦρ
960 1674 1093 1732 ἔβαλε
1122 1678 1196 1722 καὶ
1226 1674 1355 1722 ουδέν
1382 1695 1425 1723 τι
1456 1680 1594 1723 πλέον

96 1741 329 1801 εἰργάσατο
349 1745 431 1788 τοῦ
459 1742 604 1801 πυρὰς
622 1744 963 1798 σκεδασθέντος.
1007 1742 1032 1789 ὁ
1049 1745 1099 1789 δὲ
1117 1744 1355 1803 λεγόμενος
1373 1742 1595 1808 Ἐλεημων
1618 1778 1624 1783 -

96 1809 237 1871 κόμης
262 1807 561 1868 αναισχύντως
598 1813 792 1872 μεγίστῳ
836 1814 983 1872 πλοίῳ
1018 1813 1130 1858 κατὰ
1160 1812 1364 1871 πρύμναν
1391 1819 1594 1873 προσβα-

232 1923 267 1958 9.
292 1919 481 1979 Πατάρων
506 1923 549 1968 F,
574 1919 727 1970 Παττάρ
729 1935 783 1959 ων
804 1923 844 1959 Ρ.
962 1924 1019 1959 12.
1047 1921 1408 1979 ΠελλοπονήσιοςΡ,
1433 1924 1591 1960 correxi.

234 1972 291 2007 13.
316 1969 530 2019 Περιχίταν
546 1971 576 2006 F
579 1971 618 2016 C
643 1937 951 2019 ΠεριχιντιὶνηςΡ.
1053 1974 1110 2008 18.
1133 1969 1275 2011 τούτοις
1288 1973 1319 2008 F
1323 1974 1362 2017 L
1389 1952 1592 2012 rotimus-P.

235 2021 290 2056 19.
315 2021 527 2066 προσέβαλε
552 2019 595 2065 F,
620 2022 854 2068 προσέβαλλε
881 2020 922 2056 Ρ.
1109 2022 1168 2056 20.
1192 2025 1272 2060 ταῖς
1296 2026 1526 2061 Πισσαικιιῑς
1548 2021 1593 2067 F,

231 2072 310 2107 τοῖς
331 2072 534 2108 Πισσαιόις
559 2068 600 2104 P.

95 2156 286 2200 diverunt,
311 2157 447 2194 solutis
470 2157 622 2193 ancoris
638 2157 755 2194 Coum
778 2157 940 2194 insulam
966 2170 1098 2194 versus
1123 2170 1188 2195 eos
1210 2159 1476 2205 insequuntur.
1511 2170 1596 2205 per-

95 2209 280 2242 venerant
312 2217 357 2242 eo
387 2206 516 2242 Pisani
553 2206 634 2242 eius
673 2206 748 2242 diei
783 2218 905 2252 mane,
940 2207 1047 2243 cuius
1086 2207 1156 2243 sub
1200 2219 1396 2254 vesperam
1431 2207 1595 2244 Romani

95 2255 230 2290 eodem
275 2255 516 2301 appulerunt.
590 2267 660 2291 nec
703 2267 793 2291 vero
839 2256 1005 2291 assecuti
1047 2255 1211 2294 Pisanos
1250 2256 1410 2292 Cnidum
1452 2256 1595 2291 abeunt

94 2314 215 2350 prope
233 2303 457 2340 orientalem
481 2304 737 2339 continentem
755 2306 877 2340 sitam.
917 2315 992 2350 quo
1010 2304 1172 2350 advecti,
1195 2304 1286 2340 licet
1305 2306 1423 2341 totius
1440 2304 1594 2350 quidem

94 2352 258 2397 praedae
284 2364 352 2399 spe
384 2352 626 2398 excidissent,
657 2353 804 2398 aliquot
834 2356 962 2388 tamen
990 2352 1147 2388 Pisanos
1177 2354 1332 2389 relictos
1357 2356 1593 2399 repererunt,

95 2412 190 2446 quoa
213 2401 439 2447 percontati,
464 2413 539 2447 quo
566 2401 673 2436 iisset
689 2400 913 2437 Pisanorum
939 2402 1082 2446 classis,
1104 2401 1279 2437 Rhodum
1297 2402 1495 2447 navigasse
1508 2412 1592 2437 eam

94 2449 321 2486 audiverunt
348 2449 581 2496 navibusque
606 2450 797 2495 extemplo
822 2449 957 2485 solutis
983 2450 1091 2485 brevi
1122 2461 1186 2485 eos
1211 2450 1313 2485 inter
1325 2450 1465 2486 Patara
1492 2449 1592 2485 Rho-

95 2496 262 2544 dumque
286 2501 549 2553 assequuntur.
589 2509 654 2534 eos
678 2497 807 2533 Pisani
832 2498 1044 2544 conspicati
1069 2499 1259 2544 explicata
1281 2498 1456 2535 celeriter
1474 2498 1591 2534 classe

97 2549 137 2581 et
161 2547 239 2582 tela
262 2549 303 2582 et
326 2548 471 2583 animos
495 2546 544 2582 ad
570 2558 736 2593 pugnam
762 2549 958 2584 acuerunt.
1009 2546 1213 2582 accedente
1241 2547 1396 2582 interim
1420 2547 1593 2582 Romana

94 2593 211 2630 classe
235 2595 465 2642 Perichytau
490 2595 785 2641 Peloponnesias
812 2607 937 2631 comes
966 2595 1170 2641 navigandi
1203 2596 1298 2630 artis
1328 2594 1592 2641 peritissimus,

94 2638 161 2679 ubi
184 2643 340 2679 Pisanos
364 2643 574 2690 conspexit,
600 2644 765 2679 moneris
793 2655 881 2679 suae
911 2644 1071 2689 remigio
1101 2643 1260 2679 incitato
1286 2644 1410 2679 veloci
1435 2654 1501 2679 eos
1524 2643 1593 2678 im-

93 2695 187 2737 petu
209 2692 324 2738 petiit
354 2703 500 2738 perque
530 2691 675 2728 medios
698 2703 763 2728 eos
786 2691 958 2727 flammae
988 2692 1109 2727 instar
1129 2692 1330 2737 pervolans
1360 2691 1410 2727 ad
1435 2691 1593 2728 classem

3 2769 43 2784 ;,,
94 2739 302 2776 Romanam
328 2740 455 2776 rediit.
506 2752 551 2776 ea
576 2752 665 2776 vero
690 2741 813 2776 minus
838 2740 975 2776 idoneo
1005 2741 1150 2783 ordine,
1182 2739 1251 2776 sed
1281 2740 1361 2776 acri
1385 2751 1430 2776 ae
1456 2740 1594 2775 tumul·

93 2789 222 2825 tuario
250 2789 396 2835 impetu
420 2801 588 2835 pugnam
611 2800 698 2824 cum
723 2789 870 2824 Pisanis
894 2789 1162 2835 capessiverat.
1206 2791 1321 2834 atque
1338 2789 1421 2835 ipse
1436 2787 1594 2823 Lautul-

0 2837 51 2883 ³}
93 2837 193 2884 phua
224 2838 371 2883 primus
397 2837 623 2874 Pisanorum
660 2838 822 2884 navigiis
853 2849 893 2873 se
926 2838 1131 2873 admovens
1164 2837 1291 2884 ignem
1325 2837 1593 2883 intempestive

85 2886 285 2923 ‘iaculatur
296 2897 416 2932 eoque
437 2886 607 2934 disperso
618 2885 771 2932 proficit
784 2885 898 2932 nihi1;
916 2887 1083 2933 itemque
1094 2885 1286 2933 Eleemon,
1300 2886 1367 2933 qui
1380 2885 1592 2932 dicebatur,

0 2231 35 2775 ·,.ς,κῖιρΜμαῖιέὲω-ψαέἓένῖῶἒῖϊέωςῳῑ
0 2190 21 2209 21:
8 2120 12 2121 =
6 2086 12 2100 „,
2 2051 13 2067 -’
