1768 3152
507 245 772 280 ALEXIADIS
802 247 897 280 LIB.
925 248 972 280 X.
1005 245 1043 281 9.
1466 243 1518 284 53

19 361 318 409 ὕπεστέλλετο
347 357 571 417 εὗστόχως
601 358 712 406 κατὰ
735 363 827 409 τῶν
857 362 1070 406 Λατίνων
1098 364 1264 419 βαλεῖν,
1294 360 1386 409 ἄλλ’
1420 367 1520 411 ἐπεὶ

18 429 221 485 Λατῖνός
248 448 317 486 τις
355 428 515 488 ἷταμὸς
558 430 633 475 καὶ
661 430 947 486 ἀναίσχυντος
991 426 1045 475 οὗ
1088 429 1228 487 μόνον
1272 432 1383 477 κατὰ
1428 438 1520 478 τῶν

19 495 201 546 ανωθεν
232 498 479 558 ἱσταμένων
508 517 705 553 πικνους
735 499 987 556 ἐξέπεμπεν
1018 499 1210 555 ὀιστούς,
1240 497 1350 547 ἀλλὰ
1375 504 1448 547 καὶ
1465 507 1519 563 τῇ

19 568 111 631 &lq
139 570 353 629 διαλέκτῳ
380 566 531 614 πολλὰ
559 571 725 629 φωνῶν
753 566 946 626 ὑβρίζειν
977 567 1134 623 ἐδόκει,
1157 571 1290 615 τείνει
1310 571 1391 628 μὲν
1423 573 1515 616 κατ’

0 634 155 684 ’,αἰτοῦ
185 636 210 682 ὃ
238 641 418 695 Καισαρ
447 635 500 682 τὸ
530 634 676 693 τόξον.
723 639 811 681 τοῦ
854 638 893 681 δ’
925 655 1005 693 ουχ
1032 635 1159 682 ἅλιον
1187 639 1318 694 βέλος
1349 638 1517 696 ἔκθορε

10 704 176 765 χειρός,
221 700 333 751 ἀλλὰ
362 706 563 764 ὁιέτρησε
605 705 687 762 μὲν
713 703 793 750 τὸν
823 703 1003 762 θυρεόν,
1050 724 1130 751 τον
1171 707 1220 752 δὲ
1263 706 1518 765 φολιδωτὸν

18 773 210 834 ’θώρακα
238 775 317 820 σῦν
358 775 478 834 αὐτῷ
509 773 668 820 διελών
695 778 761 834 τῷ
790 775 992 831 βραχίονι
1022 777 1077 837 τῇ
1107 777 1279 838 πλευρᾷ
1307 774 1359 820 τὸ
1389 777 1560 832 βέλοςο

16 846 317 903 περιέπειρεν.
371 842 396 888 ὃ
427 845 468 889 δ’
512 840 653 898 εὐθὺς
694 838 878 925 ἄφωνος
917 842 1062 890 ἔκειτο
1093 846 1258 902 χαμᾶζε
1298 843 1409 889 κατὰ
1442 843 1523 890 τὸν

17 911 219 974 ποιητήν,
264 911 392 973 φωνὴ
439 914 476 958 δ’
522 908 710 971 οἰρανὸν
759 903 837 973 ἧκε
895 916 986 958 τῶν
1025 913 1106 971 μὲν
1151 912 1523 972 ἐπαγαλλομένων

0 987 82 1044 ’τῷ
122 984 334 1041 Καίσαρι,
385 985 476 1027 τῶν
525 983 574 1027 δε
614 983 692 1028 ἐπὶ
735 986 800 1042 τῷ
849 980 1111 1028 πεπτωκότι
1160 978 1519 1043 ὅλοφιρομένων.

17 1056 242 1111 καρτερῶς
285 1044 370 1098 οὖν
415 1044 552 1106 αὖθις
595 1055 686 1097 τῶν
730 1069 779 1097 τε
821 1049 1002 1097 ἱππέων
1036 1052 1215 1098 ἐκεῖθεν
1258 1053 1521 1109 μαχομένων

16 1124 107 1204 τ’ῶν
150 1139 199 1167 τε
245 1121 293 1167 ἐν
336 1125 436 1175 τοῖς
479 1121 670 1177 τείχεσιν
714 1118 963 1178 ισταμένων
1006 1119 1145 1178 βαρύς
1189 1123 1262 1166 καὶ
1298 1119 1444 1175 δεινός
1474 1122 1524 1178 ἐξ

16 1184 286 1251 αμφοτέριον
330 1185 642 1247 ἀνερριπίζετο
686 1187 902 1247 πόλεμος.
978 1188 1206 1246 επιβαλιὸν
1245 1192 1288 1235 δ’
1328 1182 1464 1243 αυθις
1495 1188 1519 1235 ὁ

17 1253 306 1317 αυτοκράτωρ
335 1276 416 1312 τας
446 1257 562 1312 ἰδίας
590 1255 798 1316 δυνάμεις
841 1258 907 1313 εἷς
949 1257 1092 1319 φυγὴν
1135 1257 1215 1313 τὰς
1254 1262 1346 1303 τῶν
1377 1259 1519 1304 Λατί-

0 1333 104 1373 ἰνων
134 1323 455 1386 προίτρέψατο
486 1324 723 1388 φάλαγγας.
783 1331 838 1389 τῇ
869 1327 918 1373 δὲ
946 1329 1042 1386 μετ’
1076 1323 1212 1387 αὐτὴν
1240 1323 1461 1373 απελθων
1493 1347 1517 1373 ο

20 1388 167 1454 Ουβος
196 1394 486 1454 συνεβούλευε
517 1399 582 1456 τῷ
613 1402 652 1441 Ι“
649 1398 843 1457 οντοφρὲ
871 1400 936 1456 τῷ
973 1400 1055 1441 τοῦ
1091 1397 1310 1453 βασιλέως
1339 1395 1519 1453 ὑπεῖξαι

17 1463 254 1526 θελῦματι,
285 1465 325 1511 εἰ
353 1463 416 1525 μή
446 1467 521 1511 καὶ
551 1467 760 1524 δευτέραν
787 1464 998 1523 βούλοιτο
1030 1471 1110 1528 τῆς
1138 1464 1299 1511 τούτου
1330 1467 1436 1523 περὶ
1465 1465 1520 1510 τά

17 1533 240 1592 πολεμικᾶ
263 1535 499 1593 ἐμπειρίας
518 1539 681 1594 πεῖραν
701 1537 868 1592 λαβεῖν,
899 1538 973 1581 καὶ
1003 1533 1284 1594 ὀμωμοκέναι
1315 1535 1563 1592 καθαρὰνῑ)

17 1603 171 1649 πίστιν
199 1601 438 1664 φυλάττειν
478 1600 612 1664 αὐτῷ.
675 1603 700 1648 ὁ
739 1605 788 1650 δὲ
825 1604 974 1650 πολλοὶ
1008 1608 1169 1649 τοῦτον
1208 1604 1517 1663 κατεμέμφετο

0 1670 153 1730 »λέγων
181 1669 263 1718 “σύ
304 1669 368 1726 ὦς
402 1671 609 1730 βασιλεὺς
651 1676 729 1733 τῆς
771 1672 886 1727 ἰδίας
923 1670 1204 1732 ἑξεληλυθώς
1233 1669 1380 1728 χώρας
1406 1669 1520 1729 μετὰ

14 1738 234 1786 τοσούτου
264 1739 465 1787 πλούτου
498 1743 570 1788 καὶ
595 1742 926 1800 στρατεύματος
955 1746 1031 1787 νῦν
1061 1742 1111 1799 ἐξ
1133 1739 1282 1800 ὕψους
1300 1739 1518 1786 τοσούτου

149 1870 186 1905 6.
214 1865 354 1915 θυρεόν
379 1868 452 1911 Fc,
479 1874 525 1904 θε
527 1866 615 1916 ρεόν
639 1869 679 1905 Ρ.
803 1871 838 1906 7.
865 1870 917 1916 τῶ
942 1869 988 1913 A,
1016 1881 1088 1906 om.
1105 1869 1144 1905 P
1221 1871 1394 1916 βριιχίοιι
1412 1867 1520 1913 FAC,

152 1917 393 1964 βραχίωνιΡ.
525 1920 558 1955 8.
589 1918 631 1953 δὲ
659 1918 703 1954 G.
835 1918 869 1954 9.
894 1898 1308 1976 ῘέπαγαλλομένωνΑΟ,
1333 1918 1520 1963 sauma).-

149 1968 322 2023 λομένων
347 1966 388 2008 P,
415 1967 488 2003 ena
491 1969 757 2024 γγελλοιιένων
774 1967 817 2003 G.
1019 1969 1074 2003 10.
1102 1964 1454 2024 ἀπολοφυρομένων
1471 1966 1516 2002 Α.

153 2015 208 2051 11.
235 2027 302 2051 ουν
315 2015 423 2061 FAC,
450 2015 485 2051 δ’
511 2010 630 2052 οὖνΡ.
705 2016 859 2052 ἑκεινων
877 2015 950 2052 CG.
1077 2017 1132 2052 15.
1160 2013 1424 2062 προῦτρέψατο
1440 2014 1517 2056 PA,

150 2067 412 2111 προετρέψατο
429 2064 471 2101 F.
655 2067 711 2102 17.
738 2065 847 2101 dem&
846 2078 912 2112 ρας
924 2064 964 2110 P,
991 2066 1151 2101 correxi.
1335 2065 1389 2099 19.
1416 2075 1518 2098 κατε-

148 2116 329 2162 μέμφετο
355 2113 469 2160 FAG,
496 2116 762 2162 κατεπέμφετο
787 2113 828 2150 Ρ.

14 2232 141 2267 tamen
165 2242 251 2267 cum
277 2230 402 2267 audax
425 2231 580 2278 quidam
607 2234 646 2267 et
671 2230 870 2278 impudens
895 2230 1056 2266 Latinus
1081 2241 1157 2266 non
1182 2229 1294 2265 modo
1333 2241 1404 2270 eos,
1451 2230 1516 2275 qui

14 2288 85 2329 pro
109 2280 228 2316 muris
253 2280 416 2325 stabant,
459 2280 588 2316 multis
614 2281 763 2327 sagittis
787 2280 996 2322 lacesseret,
1039 2279 1104 2314 sed
1140 2291 1206 2314 sua
1244 2278 1359 2314 etiam
1385 2278 1516 2324 lingua

14 2328 134 2365 multa
166 2328 310 2375 probra
355 2307 498 2366 imitare
534 2329 739 2372 videretur,
771 2330 813 2365 in
848 2329 949 2364 hune
987 2327 1120 2363 Caesar
1159 2339 1288 2363 arcum
1326 2327 1513 2362 intendit.

11 2378 83 2417 'neo
132 2377 276 2414 frustra
312 2378 453 2425 sagitta
489 2390 510 2415 e
549 2390 664 2414 manu
700 2379 835 2414 emissa
884 2380 952 2422 est,
989 2376 1053 2412 sed
1091 2388 1160 2422 per
1206 2377 1369 2422 clipeum
1413 2375 1515 2411 illius

15 2427 55 2463 bt
74 2426 239 2463 thoracis
262 2426 420 2462 laminas
444 2431 647 2474 penetrans
682 2427 793 2463 lateri
828 2405 1027 2462 brachium
1066 2424 1199 2461 affixit.
1266 2426 1342 2471 qui,
1380 2428 1424 2460 ut
1462 2425 1517 2460 ait

15 2478 137 2526 poeta,
162 2475 268 2511 humi
299 2477 429 2512 statim
456 2479 584 2512 mutus
609 2477 735 2512 iacuit.
793 2477 825 2512 it
852 2479 978 2511 autem
1006 2475 1148 2510 clamor
1174 2473 1220 2509 ad
1246 2473 1401 2518 caelum,
1430 2485 1515 2509 cum

15 2523 135 2560 nostri
161 2523 310 2561 Caesari
333 2525 632 2571 gratularentur,
658 2525 784 2561 hostes
815 2535 906 2560 vero
939 2524 1050 2559 istius
1081 2535 1169 2558 casu
1196 2522 1379 2558 dolerent.
1438 2522 1516 2558 illic

14 2580 104 2615 ,yn-o
127 2573 281 2610 fortiter
309 2574 502 2620 equitibus
533 2574 672 2610 nostris
699 2573 878 2609 adversus
914 2573 1061 2609 hostem
1089 2571 1348 2626 pugnantibus
1374 2570 1518 2606 eadem·

14 2620 88 2670 §ue
109 2620 338 2658 fortitudine
362 2623 421 2659 his
445 2624 486 2659 in
512 2623 631 2658 muris
662 2623 926 2659 resistentibus
959 2625 1044 2657 orta
1078 2624 1135 2656 est
1159 2620 1352 2666 utrimque
1390 2620 1518 2666 gravis

16 2667 271 2717 terribilisque
294 2683 440 2718 pugna:
467 2672 516 2708 ad
541 2675 754 2707 extremum
777 2672 986 2717 imperator
1012 2680 1097 2705 suas
1122 2669 1249 2714 copias
1274 2669 1449 2704 submisit
1475 2680 1519 2704 ac

12 2712 237 2763 Inhnorum
263 2719 470 2767 phalanges
503 2721 543 2756 in
569 2720 698 2767 fugam
725 2721 855 2756 vertit.
919 2722 1070 2766 postero
1103 2718 1164 2754 die
1190 2717 1292 2753 Ubus
1330 2717 1378 2752 ad
1404 2717 1519 2753 Goto-

16 2760 161 2811 findam
187 2768 380 2815 profectus
405 2769 534 2814 suasit,
559 2773 603 2806 ut
626 2770 870 2816 imperatoris
891 2768 1080 2804 voluntati
1105 2766 1266 2811 eederet,
1291 2766 1364 2801 nisi
1394 2765 1516 2801 denuo

11 2812 97 2853 fin!
120 2816 315 2853 seientiam
340 2818 504 2854 bellandi
531 2822 756 2864 experturus
780 2820 888 2862 esset,
923 2816 1146 2862 fidelemque
1184 2816 1218 2851 ei
1258 2826 1296 2850 se
1329 2814 1410 2851 fore
1435 2815 1518 2849 iure

9 2860 175 2901 iurando
199 2865 415 2912 sponderet.
454 2871 494 2903 at
510 2867 641 2903 multis
657 2866 783 2903 verbis
802 2878 887 2902 eum
904 2866 1124 2911 vituperans
1141 2864 1231 2899 ille‘
1234 2863 1373 2899 ‘'’Tune
1392 2863 1518 2908 inquit

15 2911 139 2964 “regn
171 2914 293 2953 instar
318 2927 404 2956 oum
430 2918 490 2956 tot
506 2916 643 2967 opibus
659 2918 699 2955 et
714 2915 833 2966 copiis
850 2915 962 2954 domo
979 2924 1161 2962 egressus,
1184 2915 1384 2963 postquam
1419 2923 1518 2948 nunc
