<?xml version="1.0" encoding="UTF-8"?>
<!DOCTYPE html PUBLIC "-//W3C//DTD XHTML 1.0 Transitional//EN"
    "http://www.w3.org/TR/xhtml1/DTD/xhtml1-transitional.dtd">
<html xmlns="http://www.w3.org/1999/xhtml" xml:lang="en" lang="en">
 <head>
  <title>
</title>
<meta http-equiv="Content-Type" content="text/html;charset=utf-8" />
  <meta name='ocr-system' content='tesseract 3.04.00' />
  <meta name='ocr-capabilities' content='ocr_page ocr_carea ocr_par ocr_line ocrx_word'/>
</head>
<body>
  <div class='ocr_page' id='page_1' title='image "./corpusscriptorum03niebuoft_0671.png"; bbox 0 0 1806 3132; ppageno 0'>
   <div class='ocr_carea' id='block_1_1' title="bbox 556 246 1568 291">
    <p class='ocr_par' dir='ltr' id='par_1_1' title="bbox 556 246 1568 291">
     <span class='ocr_line' id='line_1_1' title="bbox 556 246 1568 291; baseline 0.008 -8"><span class='ocrx_word' id='word_1_1' title='bbox 556 250 611 284; x_wconf 76' lang='lat' dir='ltr'><strong><em>m</em></strong></span> <span class='ocrx_word' id='word_1_2' title='bbox 641 249 928 286; x_wconf 76' lang='lat' dir='ltr'><strong>ALEXIADEM</strong></span> <span class='ocrx_word' id='word_1_3' title='bbox 955 251 1117 287; x_wconf 76' lang='lat' dir='ltr'>NOTAE</span> <span class='ocrx_word' id='word_1_4' title='bbox 1487 246 1568 291; x_wconf 88' lang='grc'><strong><em>653</em></strong></span> 
     </span>
    </p>
   </div>
   <div class='ocr_carea' id='block_1_2' title="bbox 6 340 1569 475">
    <p class='ocr_par' dir='ltr' id='par_1_2' title="bbox 0 340 1569 485">
     <span class='ocr_line' id='line_1_2' title="bbox 6 340 1569 421; baseline 0.004 -16"><span class='ocrx_word' id='word_1_5' title='bbox 6 340 15 413; x_wconf 22' lang='grc' dir='ltr'>ἶ</span> <span class='ocrx_word' id='word_1_6' title='bbox 90 361 215 406; x_wconf 84' lang='lat' dir='ltr'><strong><em>bellis</em></strong></span> <span class='ocrx_word' id='word_1_7' title='bbox 241 360 303 404; x_wconf 92' lang='lat' dir='ltr'><strong><em>ibi</em></strong></span> <span class='ocrx_word' id='word_1_8' title='bbox 322 361 534 416; x_wconf 80' lang='lat' dir='ltr'><strong><em>praeclare</em></strong></span> <span class='ocrx_word' id='word_1_9' title='bbox 561 362 692 417; x_wconf 77' lang='lat' dir='ltr'><strong><em>gestis</em></strong></span> <span class='ocrx_word' id='word_1_10' title='bbox 711 362 924 406; x_wconf 76' lang='lat' dir='ltr'><strong><em>inclaruit.</em></strong></span> <span class='ocrx_word' id='word_1_11' title='bbox 956 364 1025 408; x_wconf 92' lang='lat' dir='ltr'><strong><em>Ab</em></strong></span> <span class='ocrx_word' id='word_1_12' title='bbox 1044 365 1125 409; x_wconf 78' lang='lat' dir='ltr'><strong><em>isto</em></strong></span> <span class='ocrx_word' id='word_1_13' title='bbox 1146 365 1277 421; x_wconf 57' lang='lat' dir='ltr'><strong><em>igitur</em></strong></span> <span class='ocrx_word' id='word_1_14' title='bbox 1299 367 1463 412; x_wconf 80' lang='lat' dir='ltr'><strong><em>Araone</em></strong></span> <span class='ocrx_word' id='word_1_15' title='bbox 1486 369 1569 412; x_wconf 91' lang='lat' dir='ltr'><strong><em>ori-</em></strong></span> 
     </span>
     <span class='ocr_line' id='line_1_3' title="bbox 90 417 1049 475; baseline 0 -12"><span class='ocrx_word' id='word_1_16' title='bbox 90 419 234 475; x_wconf 84' lang='lat' dir='ltr'><strong><em>ginem</em></strong></span> <span class='ocrx_word' id='word_1_17' title='bbox 262 417 383 460; x_wconf 79' lang='lat' dir='ltr'><strong><em>duxit</em></strong></span> <span class='ocrx_word' id='word_1_18' title='bbox 411 417 563 462; x_wconf 80' lang='lat' dir='ltr'><strong><em>nobilis</em></strong></span> <span class='ocrx_word' id='word_1_19' title='bbox 593 418 847 462; x_wconf 89' lang='lat' dir='ltr'><strong><em>Aroniorum</em></strong></span> <span class='ocrx_word' id='word_1_20' title='bbox 875 420 1049 464; x_wconf 87' lang='lat' dir='ltr'><strong><em>familia.</em></strong></span> 
     </span>
    </p>
   </div>
   <div class='ocr_carea' id='block_1_3' title="bbox 89 469 1801 599">
    <p class='ocr_par' dir='ltr' id='par_1_3' title="bbox 89 469 1801 599">
     <span class='ocr_line' id='line_1_4' title="bbox 105 469 1801 545; baseline 0.007 -30"><span class='ocrx_word' id='word_1_21' title='bbox 105 524 118 542; x_wconf 49' lang='lat'>²</span> <span class='ocrx_word' id='word_1_22' title='bbox 218 469 478 543; x_wconf 42' lang='grc' dir='ltr'>’Φάμουσαὶ</span> <span class='ocrx_word' id='word_1_23' title='bbox 502 473 674 540; x_wconf 59' lang='lat' dir='ltr'><strong><em>Glosgae</em></strong></span> <span class='ocrx_word' id='word_1_24' title='bbox 694 476 807 543; x_wconf 50' lang='lat' dir='ltr'><strong>verb.</strong></span> <span class='ocrx_word' id='word_1_25' title='bbox 840 476 925 519; x_wconf 90' lang='lat' dir='ltr'><strong>Iur.</strong></span> <span class='ocrx_word' id='word_1_26' title='bbox 947 473 1193 534; x_wconf 80' lang='grc' dir='ltr'><em>φαμούσοις</em></span> <span class='ocrx_word' id='word_1_27' title='bbox 1220 477 1442 545; x_wconf 72' lang='grc' dir='ltr'><em>λιβέλλοις,</em></span> <span class='ocrx_word' id='word_1_28' title='bbox 1463 481 1567 536; x_wconf 80' lang='grc' dir='ltr'><em>περὶ</em></span> <span class='ocrx_word' id='word_1_29' title='bbox 1580 487 1801 535; x_wconf 81' lang='lat' dir='ltr'><strong>Pag.37⁷.13</strong></span> 
     </span>
     <span class='ocr_line' id='line_1_5' title="bbox 89 530 1568 599; baseline 0.005 -26"><span class='ocrx_word' id='word_1_30' title='bbox 89 545 331 599; x_wconf 50' lang='lat' dir='ltr'><strong><em>avwntgtw&#39;v</em></strong></span> <span class='ocrx_word' id='word_1_31' title='bbox 357 530 542 585; x_wconf 79' lang='grc' dir='ltr'><strong><em>βιβλιων</em></strong></span> <span class='ocrx_word' id='word_1_32' title='bbox 562 547 652 573; x_wconf 81' lang='grc' dir='ltr'><strong><em>των</em></strong></span> <span class='ocrx_word' id='word_1_33' title='bbox 671 531 923 588; x_wconf 79' lang='grc' dir='ltr'><em>δηλουντων</em></span> <span class='ocrx_word' id='word_1_34' title='bbox 948 533 1172 591; x_wconf 81' lang='grc' dir='ltr'><strong><em>φλυαρίας,</em></strong></span> <span class='ocrx_word' id='word_1_35' title='bbox 1207 549 1446 591; x_wconf 75' lang='grc' dir='ltr'><strong><em>φαμουσος.</em></strong></span> <span class='ocrx_word' id='word_1_36' title='bbox 1476 530 1568 581; x_wconf 68' lang='grc' dir='ltr'><em>ἔτι·</em></span> 
     </span>
    </p>
   </div>
   <div class='ocr_carea' id='block_1_4' title="bbox 91 587 1525 655">
    <p class='ocr_par' dir='ltr' id='par_1_4' title="bbox 0 587 1525 655">
     <span class='ocr_line' id='line_1_6' title="bbox 91 587 1525 655; baseline 0.006 -26.463"><span class='ocrx_word' id='word_1_37' title='bbox 91 603 188 642; x_wconf 81' lang='grc' dir='ltr'><em>μσς,</em></span> <span class='ocrx_word' id='word_1_38' title='bbox 219 603 460 655; x_wconf 61' lang='grc' dir='ltr'>ιξνωνυμος.</span> <span class='ocrx_word' id='word_1_39' title='bbox 520 587 627 631; x_wconf 86' lang='lat' dir='ltr'>Vide</span> <span class='ocrx_word' id='word_1_40' title='bbox 655 587 906 632; x_wconf 80' lang='lat' dir='ltr'><strong><em>salmasium</em></strong></span> <span class='ocrx_word' id='word_1_41' title='bbox 939 590 992 633; x_wconf 87' lang='lat' dir='ltr'><strong><em>ad</em></strong></span> <span class='ocrx_word' id='word_1_42' title='bbox 1013 591 1171 634; x_wconf 68' lang='lat' dir='ltr'><strong>Hister.</strong></span> <span class='ocrx_word' id='word_1_43' title='bbox 1207 595 1315 647; x_wconf 87' lang='lat' dir='ltr'>Aug.</span> <span class='ocrx_word' id='word_1_44' title='bbox 1346 606 1439 648; x_wconf 85' lang='lat' dir='ltr'><strong>pag.</strong></span> <span class='ocrx_word' id='word_1_45' title='bbox 1461 595 1525 637; x_wconf 86' lang='lat'><strong><em>71.</em></strong></span> 
     </span>
    </p>
   </div>
   <div class='ocr_carea' id='block_1_5' title="bbox 7 642 1612 761">
    <p class='ocr_par' dir='ltr' id='par_1_5' title="bbox 2 642 1612 761">
     <span class='ocr_line' id='line_1_7' title="bbox 221 642 1612 744; baseline 0.006 -58.776"><span class='ocrx_word' id='word_1_46' title='bbox 221 643 328 710; x_wconf 62' lang='grc' dir='ltr'><strong><em>Ἐπὶ</em></strong></span> <span class='ocrx_word' id='word_1_47' title='bbox 357 642 609 744; x_wconf 54' lang='grc' dir='ltr'><strong><em>τραπέζηςὲ</em></strong></span> <span class='ocrx_word' id='word_1_48' title='bbox 634 644 854 710; x_wconf 54' lang='lat' dir='ltr'><strong><em>Pfafectus</em></strong></span> <span class='ocrx_word' id='word_1_49' title='bbox 883 659 1048 690; x_wconf 85' lang='lat' dir='ltr'>mensae</span> <span class='ocrx_word' id='word_1_50' title='bbox 1076 648 1355 702; x_wconf 80' lang='lat' dir='ltr'><strong><em>Imperatoris,</em></strong></span> <span class='ocrx_word' id='word_1_51' title='bbox 1384 650 1566 704; x_wconf 82' lang='lat' dir='ltr'>dignitas</span> <span class='ocrx_word' id='word_1_52' title='bbox 1581 658 1612 692; x_wconf 91' lang='lat' dir='ltr'>D</span> 
     </span>
     <span class='ocr_line' id='line_1_8' title="bbox 7 700 1566 761; baseline 0.004 -18"><span class='ocrx_word' id='word_1_53' title='bbox 7 719 11 725; x_wconf 74' lang='lat'><em>-</em></span> <span class='ocrx_word' id='word_1_54' title='bbox 93 700 303 754; x_wconf 64' lang='lat' dir='ltr'><strong><em>Pahssma,</em></strong></span> <span class='ocrx_word' id='word_1_55' title='bbox 348 701 399 744; x_wconf 81' lang='lat' dir='ltr'><strong><em>de</em></strong></span> <span class='ocrx_word' id='word_1_56' title='bbox 449 714 532 756; x_wconf 88' lang='lat' dir='ltr'><strong><em>qua</em></strong></span> <span class='ocrx_word' id='word_1_57' title='bbox 612 701 760 744; x_wconf 83' lang='lat' dir='ltr'><strong><em>odlnus</em></strong></span> <span class='ocrx_word' id='word_1_58' title='bbox 806 702 856 745; x_wconf 86' lang='lat' dir='ltr'><strong><em>de</em></strong></span> <span class='ocrx_word' id='word_1_59' title='bbox 885 702 1003 746; x_wconf 84' lang='lat' dir='ltr'><strong>Offic.</strong></span> <span class='ocrx_word' id='word_1_60' title='bbox 1047 716 1135 759; x_wconf 85' lang='lat' dir='ltr'><strong>cap.</strong></span> <span class='ocrx_word' id='word_1_61' title='bbox 1157 706 1196 746; x_wconf 90' lang='lat'><strong><em>5.</em></strong></span> <span class='ocrx_word' id='word_1_62' title='bbox 1245 705 1298 747; x_wconf 90' lang='lat' dir='ltr'><strong><em>N.</em></strong></span> <span class='ocrx_word' id='word_1_63' title='bbox 1317 706 1383 748; x_wconf 88' lang='lat'><strong><em>33.</em></strong></span> <span class='ocrx_word' id='word_1_64' title='bbox 1425 718 1511 761; x_wconf 82' lang='lat' dir='ltr'><strong>cap.</strong></span> <span class='ocrx_word' id='word_1_65' title='bbox 1529 708 1566 749; x_wconf 90' lang='lat'><strong><em>7.</em></strong></span> 
     </span>
    </p>
   </div>
   <div class='ocr_carea' id='block_1_6' title="bbox 0 738 1566 870">
    <p class='ocr_par' dir='ltr' id='par_1_6' title="bbox 0 738 1566 870">
     <span class='ocr_line' id='line_1_9' title="bbox 7 738 1566 817; baseline 0.005 -19"><span class='ocrx_word' id='word_1_66' title='bbox 7 738 11 798; x_wconf 41' lang='lat' dir='ltr'>s</span> <span class='ocrx_word' id='word_1_67' title='bbox 91 757 147 801; x_wconf 86' lang='lat' dir='ltr'><strong><em>N.</em></strong></span> <span class='ocrx_word' id='word_1_68' title='bbox 167 758 236 800; x_wconf 83' lang='lat'><strong><em>21.</em></strong></span> <span class='ocrx_word' id='word_1_69' title='bbox 257 758 326 800; x_wconf 88' lang='grc'><strong><em>23.</em></strong></span> <span class='ocrx_word' id='word_1_70' title='bbox 347 759 416 800; x_wconf 86' lang='grc'><strong><em>30.</em></strong></span> <span class='ocrx_word' id='word_1_71' title='bbox 432 758 501 801; x_wconf 88' lang='lat'><strong><em>33.</em></strong></span> <span class='ocrx_word' id='word_1_72' title='bbox 533 756 750 801; x_wconf 76' lang='lat' dir='ltr'><strong>Constant.</strong></span> <span class='ocrx_word' id='word_1_73' title='bbox 771 759 1028 815; x_wconf 86' lang='lat' dir='ltr'><strong>Porphyrog.</strong></span> <span class='ocrx_word' id='word_1_74' title='bbox 1046 760 1096 803; x_wconf 85' lang='lat' dir='ltr'><strong><em>de</em></strong></span> <span class='ocrx_word' id='word_1_75' title='bbox 1111 760 1234 804; x_wconf 90' lang='lat' dir='ltr'><strong>Adm.</strong></span> <span class='ocrx_word' id='word_1_76' title='bbox 1254 761 1359 816; x_wconf 90' lang='lat' dir='ltr'><strong>Imp.</strong></span> <span class='ocrx_word' id='word_1_77' title='bbox 1391 774 1478 817; x_wconf 85' lang='lat' dir='ltr'><strong>cap.</strong></span> <span class='ocrx_word' id='word_1_78' title='bbox 1500 763 1566 806; x_wconf 89' lang='lat'><strong><em>51.</em></strong></span> 
     </span>
     <span class='ocr_line' id='line_1_10' title="bbox 0 814 927 870; baseline 0.001 -13"><span class='ocrx_word' id='word_1_79' title='bbox 0 822 6 827; x_wconf 73' lang='grc'><em>”</em></span> <span class='ocrx_word' id='word_1_80' title='bbox 90 814 367 870; x_wconf 84' lang='lat' dir='ltr'><strong><em>Pachymeres</em></strong></span> <span class='ocrx_word' id='word_1_81' title='bbox 393 814 468 857; x_wconf 89' lang='lat' dir='ltr'><strong>lib.</strong></span> <span class='ocrx_word' id='word_1_82' title='bbox 489 814 528 858; x_wconf 89' lang='grc'><strong><em>4.</em></strong></span> <span class='ocrx_word' id='word_1_83' title='bbox 559 827 648 869; x_wconf 84' lang='lat' dir='ltr'><strong>cap.</strong></span> <span class='ocrx_word' id='word_1_84' title='bbox 671 815 740 857; x_wconf 86' lang='lat'><strong><em>28.</em></strong></span> <span class='ocrx_word' id='word_1_85' title='bbox 770 816 811 857; x_wconf 76' lang='lat' dir='ltr'><strong><em>et</em></strong></span> <span class='ocrx_word' id='word_1_86' title='bbox 840 815 927 858; x_wconf 87' lang='lat' dir='ltr'><strong><em>alii.</em></strong></span> 
     </span>
    </p>
   </div>
   <div class='ocr_carea' id='block_1_7' title="bbox 91 874 1796 994">
    <p class='ocr_par' dir='ltr' id='par_1_7' title="bbox 91 874 1796 994">
     <span class='ocr_line' id='line_1_11' title="bbox 229 874 1796 942; baseline 0.006 -19"><span class='ocrx_word' id='word_1_87' title='bbox 229 884 320 924; x_wconf 87' lang='grc' dir='ltr'><strong><em>Τοῦ</em></strong></span> <span class='ocrx_word' id='word_1_88' title='bbox 344 874 635 939; x_wconf 72' lang='grc' dir='ltr'>Ἀνθρώπου]</span> <span class='ocrx_word' id='word_1_89' title='bbox 669 881 750 935; x_wconf 83' lang='lat' dir='ltr'><strong><em>Qui</em></strong></span> <span class='ocrx_word' id='word_1_90' title='bbox 779 895 903 937; x_wconf 84' lang='lat' dir='ltr'><strong><em>supra</em></strong></span> <span class='ocrx_word' id='word_1_91' title='bbox 931 880 1110 939; x_wconf 82' lang='grc' dir='ltr'><strong><em>οἰκέτης.</em></strong></span> <span class='ocrx_word' id='word_1_92' title='bbox 1141 884 1217 927; x_wconf 78' lang='lat' dir='ltr'><strong><em>Est</em></strong></span> <span class='ocrx_word' id='word_1_93' title='bbox 1237 885 1364 930; x_wconf 75' lang='lat' dir='ltr'><strong><em>etiam</em></strong></span> <span class='ocrx_word' id='word_1_94' title='bbox 1393 878 1568 940; x_wconf 76' lang='grc' dir='ltr'><em>ὄῖνθρω-</em></span> <span class='ocrx_word' id='word_1_95' title='bbox 1581 894 1796 942; x_wconf 76' lang='lat' dir='ltr'><strong>Pag.378.B</strong></span> 
     </span>
     <span class='ocr_line' id='line_1_12' title="bbox 91 937 1569 994; baseline 0.005 -14"><span class='ocrx_word' id='word_1_96' title='bbox 91 953 181 988; x_wconf 84' lang='grc' dir='ltr'><strong><em>πος</em></strong></span> <span class='ocrx_word' id='word_1_97' title='bbox 210 937 487 982; x_wconf 73' lang='lat' dir='ltr'><strong><em>Constantino</em></strong></span> <span class='ocrx_word' id='word_1_98' title='bbox 517 939 671 994; x_wconf 89' lang='lat' dir='ltr'><strong>Porph.</strong></span> <span class='ocrx_word' id='word_1_99' title='bbox 717 940 759 982; x_wconf 77' lang='lat' dir='ltr'><strong><em>et</em></strong></span> <span class='ocrx_word' id='word_1_100' title='bbox 807 938 963 983; x_wconf 87' lang='lat' dir='ltr'><strong><em>Codino</em></strong></span> <span class='ocrx_word' id='word_1_101' title='bbox 1004 940 1198 983; x_wconf 84' lang='lat' dir='ltr'><strong>famulus.</strong></span> <span class='ocrx_word' id='word_1_102' title='bbox 1257 941 1370 985; x_wconf 84' lang='lat' dir='ltr'><strong><em>Galli</em></strong></span> <span class='ocrx_word' id='word_1_103' title='bbox 1413 942 1569 986; x_wconf 78' lang='lat' dir='ltr'><strong><em>homme</em></strong></span> 
     </span>
    </p>
   </div>
   <div class='ocr_carea' id='block_1_8' title="bbox 2 995 1570 1052">
    <p class='ocr_par' dir='ltr' id='par_1_8' title="bbox 2 995 1570 1052">
     <span class='ocr_line' id='line_1_13' title="bbox 2 995 1570 1052; baseline 0.003 -15"><span class='ocrx_word' id='word_1_104' title='bbox 2 1028 4 1030; x_wconf 88' lang='lat'><strong>.</strong></span> <span class='ocrx_word' id='word_1_105' title='bbox 92 995 269 1038; x_wconf 77' lang='lat' dir='ltr'><strong>dicimus</strong></span> <span class='ocrx_word' id='word_1_106' title='bbox 298 995 442 1038; x_wconf 78' lang='lat' dir='ltr'><strong><em>eadem</em></strong></span> <span class='ocrx_word' id='word_1_107' title='bbox 471 995 656 1038; x_wconf 74' lang='lat' dir='ltr'><strong><em>notione.</em></strong></span> <span class='ocrx_word' id='word_1_108' title='bbox 729 995 965 1051; x_wconf 85' lang='lat' dir='ltr'><strong>Symmach.</strong></span> <span class='ocrx_word' id='word_1_109' title='bbox 1009 997 1080 1040; x_wconf 84' lang='lat' dir='ltr'><strong>lib.</strong></span> <span class='ocrx_word' id='word_1_110' title='bbox 1106 999 1144 1039; x_wconf 84' lang='lat'><strong><em>2.</em></strong></span> <span class='ocrx_word' id='word_1_111' title='bbox 1183 997 1315 1052; x_wconf 78' lang='lat' dir='ltr'><strong><em>Epist.</em></strong></span> <span class='ocrx_word' id='word_1_112' title='bbox 1336 999 1403 1042; x_wconf 87' lang='lat'><strong><em>54.</em></strong></span> <span class='ocrx_word' id='word_1_113' title='bbox 1467 998 1570 1043; x_wconf 86' lang='lat' dir='ltr'><strong><em>Utor</em></strong></span> 
     </span>
    </p>
   </div>
   <div class='ocr_carea' id='block_1_9' title="bbox 90 1052 1567 1110">
    <p class='ocr_par' dir='ltr' id='par_1_9' title="bbox 90 1052 1567 1110">
     <span class='ocr_line' id='line_1_14' title="bbox 90 1052 1567 1110; baseline 0.003 -16"><span class='ocrx_word' id='word_1_114' title='bbox 90 1052 138 1094; x_wconf 83' lang='lat' dir='ltr'><strong><em>in</em></strong></span> <span class='ocrx_word' id='word_1_115' title='bbox 170 1065 220 1095; x_wconf 87' lang='lat' dir='ltr'><strong><em>ea</em></strong></span> <span class='ocrx_word' id='word_1_116' title='bbox 248 1065 296 1094; x_wconf 90' lang='lat' dir='ltr'><strong><em>re</em></strong></span> <span class='ocrx_word' id='word_1_117' title='bbox 322 1052 558 1095; x_wconf 81' lang='lat' dir='ltr'><strong><em>testimonio</em></strong></span> <span class='ocrx_word' id='word_1_118' title='bbox 588 1052 802 1095; x_wconf 72' lang='lat' dir='ltr'><strong><em>hominum</em></strong></span> <span class='ocrx_word' id='word_1_119' title='bbox 830 1057 1008 1106; x_wconf 83' lang='lat' dir='ltr'><strong><em>tuorum,</em></strong></span> <span class='ocrx_word' id='word_1_120' title='bbox 1053 1055 1124 1108; x_wconf 88' lang='lat' dir='ltr'><strong><em>qui</em></strong></span> <span class='ocrx_word' id='word_1_121' title='bbox 1167 1054 1325 1098; x_wconf 83' lang='lat' dir='ltr'><strong><em>dudum</em></strong></span> <span class='ocrx_word' id='word_1_122' title='bbox 1352 1056 1433 1099; x_wconf 82' lang='lat' dir='ltr'><strong><em>sibi</em></strong></span> <span class='ocrx_word' id='word_1_123' title='bbox 1461 1055 1567 1110; x_wconf 73' lang='lat' dir='ltr'><strong><em>Epi-</em></strong></span> 
     </span>
    </p>
   </div>
   <div class='ocr_carea' id='block_1_10' title="bbox 2 1108 1149 1161">
    <p class='ocr_par' dir='ltr' id='par_1_10' title="bbox 2 1108 1149 1161">
     <span class='ocr_line' id='line_1_15' title="bbox 2 1108 1149 1161; baseline 0.002 -10"><span class='ocrx_word' id='word_1_124' title='bbox 2 1132 10 1161; x_wconf 65' lang='lat'><em>5</em></span> <span class='ocrx_word' id='word_1_125' title='bbox 89 1108 243 1152; x_wconf 90' lang='lat' dir='ltr'><strong><em>stolam</em></strong></span> <span class='ocrx_word' id='word_1_126' title='bbox 268 1108 475 1152; x_wconf 74' lang='lat' dir='ltr'><strong><em>traditam</em></strong></span> <span class='ocrx_word' id='word_1_127' title='bbox 506 1108 720 1152; x_wconf 79' lang='lat' dir='ltr'><em>tabellarii</em></span> <span class='ocrx_word' id='word_1_128' title='bbox 748 1109 849 1151; x_wconf 87' lang='lat' dir='ltr'><strong><em>vitio</em></strong></span> <span class='ocrx_word' id='word_1_129' title='bbox 884 1110 1149 1154; x_wconf 84' lang='lat' dir='ltr'><strong><em>distulerunt.</em></strong></span> 
     </span>
    </p>
   </div>
   <div class='ocr_carea' id='block_1_11' title="bbox 85 1160 1805 1618">
    <p class='ocr_par' dir='ltr' id='par_1_11' title="bbox 85 1160 1805 1618">
     <span class='ocr_line' id='line_1_16' title="bbox 226 1160 1805 1233; baseline 0.004 -27"><span class='ocrx_word' id='word_1_130' title='bbox 226 1161 358 1207; x_wconf 81' lang='grc' dir='ltr'><strong><em>Μετὰ</em></strong></span> <span class='ocrx_word' id='word_1_131' title='bbox 407 1160 655 1230; x_wconf 45' lang='grc' dir='ltr'><em>βαρυτάτη-1)</em></span> <span class='ocrx_word' id='word_1_132' title='bbox 700 1161 889 1218; x_wconf 67' lang='grc' dir='ltr'><strong><em>ἱστόλου]</em></strong></span> <span class='ocrx_word' id='word_1_133' title='bbox 960 1166 1151 1210; x_wconf 74' lang='lat' dir='ltr'><strong>Pulcher.</strong></span> <span class='ocrx_word' id='word_1_134' title='bbox 1197 1166 1386 1233; x_wconf 42' lang='lat' dir='ltr'><strong>Gaffiot..</strong></span> <span class='ocrx_word' id='word_1_135' title='bbox 1428 1168 1499 1233; x_wconf 52' lang='lat' dir='ltr'><strong><em>iib.</em></strong></span> <span class='ocrx_word' id='word_1_136' title='bbox 1530 1168 1568 1209; x_wconf 87' lang='lat'><strong>2</strong></span> <span class='ocrx_word' id='word_1_137' title='bbox 1582 1177 1805 1224; x_wconf 70' lang='lat' dir='ltr'><strong>Png.379.D</strong></span> 
     </span>
     <span class='ocr_line' id='line_1_17' title="bbox 91 1221 1569 1335; baseline 0.001 -14"><span class='ocrx_word' id='word_1_138' title='bbox 91 1222 301 1321; x_wconf 47' lang='lat' dir='ltr'><strong><em>{aiffa</em></strong></span> <span class='ocrx_word' id='word_1_139' title='bbox 329 1221 1093 1333; x_wconf 50' lang='lat' dir='ltr'><strong><em>ss‘ib‘ifitiiguglttuss?mss²izffit⁰5?</em></strong></span> <span class='ocrx_word' id='word_1_140' title='bbox 1095 1224 1569 1335; x_wconf 46' lang='lat' dir='ltr'><strong><em>2²34“1{bY·13?²‘{3z.²‘2{51</em></strong></span> 
     </span>
     <span class='ocr_line' id='line_1_18' title="bbox 94 1333 1571 1390; baseline 0.001 -12"><span class='ocrx_word' id='word_1_141' title='bbox 94 1333 241 1378; x_wconf 83' lang='lat' dir='ltr'><strong><em>Erant</em></strong></span> <span class='ocrx_word' id='word_1_142' title='bbox 280 1334 356 1378; x_wconf 71' lang='lat' dir='ltr'><strong><em>&#39;illi</em></strong></span> <span class='ocrx_word' id='word_1_143' title='bbox 390 1345 477 1378; x_wconf 86' lang='lat' dir='ltr'><strong>XII.</strong></span> <span class='ocrx_word' id='word_1_144' title='bbox 522 1335 661 1379; x_wconf 87' lang='lat' dir='ltr'><strong><em>millia</em></strong></span> <span class='ocrx_word' id='word_1_145' title='bbox 701 1337 884 1390; x_wconf 83' lang='lat' dir='ltr'><strong><em>equitum</em></strong></span> <span class='ocrx_word' id='word_1_146' title='bbox 919 1340 1211 1390; x_wconf 76' lang='lat' dir='ltr'><strong><em>puqnatorum</em></strong></span> <span class='ocrx_word' id='word_1_147' title='bbox 1265 1341 1303 1379; x_wconf 90' lang='lat' dir='ltr'><strong><em>et</em></strong></span> <span class='ocrx_word' id='word_1_148' title='bbox 1329 1347 1406 1380; x_wconf 85' lang='lat' dir='ltr'><strong><em>Lx.</em></strong></span> <span class='ocrx_word' id='word_1_149' title='bbox 1435 1336 1571 1380; x_wconf 88' lang='lat' dir='ltr'><strong><em>millia</em></strong></span> 
     </span>
     <span class='ocr_line' id='line_1_19' title="bbox 85 1391 1571 1448; baseline 0.001 -14"><span class='ocrx_word' id='word_1_150' title='bbox 85 1392 281 1445; x_wconf 85' lang='lat' dir='ltr'><strong><em>peditum</em></strong></span> <span class='ocrx_word' id='word_1_151' title='bbox 308 1392 498 1435; x_wconf 87' lang='lat' dir='ltr'><strong><em>virorum</em></strong></span> <span class='ocrx_word' id='word_1_152' title='bbox 525 1391 785 1435; x_wconf 77' lang='lat' dir='ltr'><strong><em>bellatorum.</em></strong></span> <span class='ocrx_word' id='word_1_153' title='bbox 815 1394 1059 1447; x_wconf 88' lang='lat' dir='ltr'><strong><em>Anonymus</em></strong></span> <span class='ocrx_word' id='word_1_154' title='bbox 1090 1393 1296 1448; x_wconf 80' lang='lat' dir='ltr'><strong><em>BarensiS‚</em></strong></span> <span class='ocrx_word' id='word_1_155' title='bbox 1327 1393 1379 1436; x_wconf 80' lang='lat' dir='ltr'><strong><em>A.</em></strong></span> <span class='ocrx_word' id='word_1_156' title='bbox 1400 1403 1571 1438; x_wconf 85' lang='lat' dir='ltr'><strong>MCVIII.</strong></span> 
     </span>
     <span class='ocr_line' id='line_1_20' title="bbox 95 1447 1570 1503; baseline 0.001 -13"><span class='ocrx_word' id='word_1_157' title='bbox 95 1447 250 1491; x_wconf 85' lang='lat' dir='ltr'><strong><em>Indiet.</em></strong></span> <span class='ocrx_word' id='word_1_158' title='bbox 270 1458 302 1491; x_wconf 87' lang='grc' dir='ltr'><strong><em>Ι.</em></strong></span> <span class='ocrx_word' id='word_1_159' title='bbox 331 1457 504 1493; x_wconf 86' lang='lat' dir='ltr'><strong>MOVHI.</strong></span> <span class='ocrx_word' id='word_1_160' title='bbox 522 1473 577 1479; x_wconf 93' lang='lat'><strong>—</strong></span> <span class='ocrx_word' id='word_1_161' title='bbox 597 1449 748 1492; x_wconf 85' lang='lat' dir='ltr'><strong><em>deinde</em></strong></span> <span class='ocrx_word' id='word_1_162' title='bbox 767 1450 963 1503; x_wconf 73' lang='lat' dir='ltr'><strong><em>perrexit</em></strong></span> <span class='ocrx_word' id='word_1_163' title='bbox 992 1449 1049 1492; x_wconf 89' lang='lat' dir='ltr'><strong><em>ad</em></strong></span> <span class='ocrx_word' id='word_1_164' title='bbox 1057 1453 1231 1503; x_wconf 86' lang='lat' dir='ltr'><strong><em>portum</em></strong></span> <span class='ocrx_word' id='word_1_165' title='bbox 1260 1450 1570 1494; x_wconf 82' lang='lat' dir='ltr'><strong><em>Brundisinum</em></strong></span> 
     </span>
     <span class='ocr_line' id='line_1_21' title="bbox 94 1505 1570 1562; baseline 0.002 -15"><span class='ocrx_word' id='word_1_166' title='bbox 94 1518 189 1547; x_wconf 85' lang='lat' dir='ltr'><strong><em>eum</em></strong></span> <span class='ocrx_word' id='word_1_167' title='bbox 215 1514 408 1549; x_wconf 79' lang='lat' dir='ltr'><strong>XXXIIII.</strong></span> <span class='ocrx_word' id='word_1_168' title='bbox 456 1505 596 1548; x_wconf 85' lang='lat' dir='ltr'><strong><em>millia</em></strong></span> <span class='ocrx_word' id='word_1_169' title='bbox 643 1507 754 1549; x_wconf 86' lang='lat' dir='ltr'><strong><em>inter</em></strong></span> <span class='ocrx_word' id='word_1_170' title='bbox 797 1511 999 1560; x_wconf 73' lang='lat' dir='ltr'><strong><em>equestres</em></strong></span> <span class='ocrx_word' id='word_1_171' title='bbox 1040 1506 1167 1549; x_wconf 88' lang='lat' dir='ltr'><strong><em>simul</em></strong></span> <span class='ocrx_word' id='word_1_172' title='bbox 1211 1509 1249 1549; x_wconf 87' lang='lat' dir='ltr'><strong><em>et</em></strong></span> <span class='ocrx_word' id='word_1_173' title='bbox 1277 1507 1504 1562; x_wconf 77' lang='lat' dir='ltr'><strong><em>pedestres,</em></strong></span> <span class='ocrx_word' id='word_1_174' title='bbox 1533 1509 1570 1549; x_wconf 86' lang='lat' dir='ltr'><strong><em>et</em></strong></span> 
     </span>
     <span class='ocr_line' id='line_1_22' title="bbox 97 1561 1234 1618; baseline 0 -13"><span class='ocrx_word' id='word_1_175' title='bbox 97 1561 239 1605; x_wconf 88' lang='lat' dir='ltr'><strong><em>Naves</em></strong></span> <span class='ocrx_word' id='word_1_176' title='bbox 265 1575 448 1618; x_wconf 75' lang='lat' dir='ltr'><strong><em>maqnae</em></strong></span> <span class='ocrx_word' id='word_1_177' title='bbox 476 1562 540 1604; x_wconf 89' lang='lat' dir='ltr'><strong><em>vel</em></strong></span> <span class='ocrx_word' id='word_1_178' title='bbox 559 1576 727 1616; x_wconf 88' lang='lat' dir='ltr'><strong><em>parvae</em></strong></span> <span class='ocrx_word' id='word_1_179' title='bbox 751 1571 820 1605; x_wconf 86' lang='lat' dir='ltr'><strong><em>CC.</em></strong></span> <span class='ocrx_word' id='word_1_180' title='bbox 854 1566 892 1605; x_wconf 88' lang='lat' dir='ltr'><strong><em>et</em></strong></span> <span class='ocrx_word' id='word_1_181' title='bbox 920 1571 1033 1604; x_wconf 80' lang='lat' dir='ltr'><strong>XXX.</strong></span> <span class='ocrx_word' id='word_1_182' title='bbox 1063 1562 1234 1606; x_wconf 76' lang='lat' dir='ltr'><strong><em>Galeae.</em></strong></span> 
     </span>
    </p>
   </div>
   <div class='ocr_carea' id='block_1_12' title="bbox 88 1625 1806 1969">
    <p class='ocr_par' dir='ltr' id='par_1_12' title="bbox 88 1625 1806 1969">
     <span class='ocr_line' id='line_1_23' title="bbox 223 1625 1806 1688; baseline 0.002 -16"><span class='ocrx_word' id='word_1_183' title='bbox 223 1625 513 1685; x_wconf 80' lang='grc' dir='ltr'>Ἐπιδάμνου]</span> <span class='ocrx_word' id='word_1_184' title='bbox 551 1630 822 1673; x_wconf 80' lang='lat' dir='ltr'><strong><em>Fulcherius:</em></strong></span> <span class='ocrx_word' id='word_1_185' title='bbox 879 1629 961 1683; x_wconf 75' lang='lat' dir='ltr'><strong><em>Qui</em></strong></span> <span class='ocrx_word' id='word_1_186' title='bbox 1009 1643 1101 1673; x_wconf 84' lang='lat' dir='ltr'><strong><em>cum</em></strong></span> <span class='ocrx_word' id='word_1_187' title='bbox 1136 1634 1296 1685; x_wconf 86' lang='lat' dir='ltr'><strong><em>tempus</em></strong></span> <span class='ocrx_word' id='word_1_188' title='bbox 1333 1630 1390 1674; x_wconf 88' lang='lat' dir='ltr'><strong><em>ad</em></strong></span> <span class='ocrx_word' id='word_1_189' title='bbox 1432 1634 1569 1674; x_wconf 86' lang='lat' dir='ltr'><strong><em>trans-</em></strong></span> <span class='ocrx_word' id='word_1_190' title='bbox 1588 1640 1770 1688; x_wconf 79' lang='lat' dir='ltr'><strong>Pag.380.</strong></span> <span class='ocrx_word' id='word_1_191' title='bbox 1783 1640 1806 1677; x_wconf 84' lang='grc' dir='ltr'><strong><em>Δ</em></strong></span> 
     </span>
     <span class='ocr_line' id='line_1_24' title="bbox 88 1685 1569 1741; baseline 0.001 -13"><span class='ocrx_word' id='word_1_192' title='bbox 88 1685 337 1739; x_wconf 81' lang='lat' dir='ltr'><strong><em>fretandum</em></strong></span> <span class='ocrx_word' id='word_1_193' title='bbox 380 1690 635 1740; x_wconf 73' lang='lat' dir='ltr'><strong><em>eoepeetasset</em></strong></span> <span class='ocrx_word' id='word_1_194' title='bbox 684 1690 986 1741; x_wconf 84' lang='lat' dir='ltr'><strong><em>opportunum,</em></strong></span> <span class='ocrx_word' id='word_1_195' title='bbox 1029 1697 1111 1730; x_wconf 89' lang='lat' dir='ltr'><strong><em>VH.</em></strong></span> <span class='ocrx_word' id='word_1_196' title='bbox 1153 1686 1220 1730; x_wconf 87' lang='lat' dir='ltr'><strong>Id.</strong></span> <span class='ocrx_word' id='word_1_197' title='bbox 1264 1686 1399 1730; x_wconf 82' lang='lat' dir='ltr'><strong><em>Oetob.</em></strong></span> <span class='ocrx_word' id='word_1_198' title='bbox 1443 1700 1569 1730; x_wconf 86' lang='lat' dir='ltr'><strong><em>naves</em></strong></span> 
     </span>
     <span class='ocr_line' id='line_1_25' title="bbox 93 1741 1568 1799; baseline 0.001 -14"><span class='ocrx_word' id='word_1_199' title='bbox 93 1743 277 1798; x_wconf 76' lang='lat' dir='ltr'><strong><em>inyressi</em></strong></span> <span class='ocrx_word' id='word_1_200' title='bbox 312 1741 572 1798; x_wconf 77' lang='lat' dir='ltr'><strong><em>Bulqariam</em></strong></span> <span class='ocrx_word' id='word_1_201' title='bbox 612 1745 936 1799; x_wconf 64' lang='lat' dir='ltr'><strong><em>navigaverunt,</em></strong></span> <span class='ocrx_word' id='word_1_202' title='bbox 977 1747 1014 1786; x_wconf 93' lang='lat' dir='ltr'><strong><em>et</em></strong></span> <span class='ocrx_word' id='word_1_203' title='bbox 1056 1743 1261 1787; x_wconf 87' lang='lat' dir='ltr'><strong><em>Avalonis</em></strong></span> <span class='ocrx_word' id='word_1_204' title='bbox 1291 1747 1466 1797; x_wconf 84' lang='lat' dir='ltr'><strong><em>portum</em></strong></span> <span class='ocrx_word' id='word_1_205' title='bbox 1493 1757 1568 1797; x_wconf 89' lang='lat' dir='ltr'><strong><em>ap-</em></strong></span> 
     </span>
     <span class='ocr_line' id='line_1_26' title="bbox 92 1799 1568 1853; baseline 0 -11"><span class='ocrx_word' id='word_1_206' title='bbox 92 1799 345 1853; x_wconf 84' lang='lat' dir='ltr'><strong><em>plicuerunt,</em></strong></span> <span class='ocrx_word' id='word_1_207' title='bbox 395 1803 436 1843; x_wconf 88' lang='lat' dir='ltr'><strong><em>et</em></strong></span> <span class='ocrx_word' id='word_1_208' title='bbox 488 1799 679 1843; x_wconf 85' lang='lat' dir='ltr'><strong><em>Avalone</em></strong></span> <span class='ocrx_word' id='word_1_209' title='bbox 723 1801 920 1843; x_wconf 77' lang='lat' dir='ltr'><strong><em>citissime</em></strong></span> <span class='ocrx_word' id='word_1_210' title='bbox 967 1803 1102 1853; x_wconf 84' lang='lat' dir='ltr'><strong><em>capta,</em></strong></span> <span class='ocrx_word' id='word_1_211' title='bbox 1157 1800 1386 1844; x_wconf 79' lang='lat' dir='ltr'><strong><em>Duratium</em></strong></span> <span class='ocrx_word' id='word_1_212' title='bbox 1427 1799 1568 1842; x_wconf 87' lang='lat' dir='ltr'><strong><em>urbem</em></strong></span> 
     </span>
     <span class='ocr_line' id='line_1_27' title="bbox 93 1856 1567 1911; baseline -0.001 -12"><span class='ocrx_word' id='word_1_213' title='bbox 93 1856 297 1899; x_wconf 79' lang='lat' dir='ltr'><strong><em>adeuntes</em></strong></span> <span class='ocrx_word' id='word_1_214' title='bbox 322 1867 391 1900; x_wconf 90' lang='grc' dir='ltr'><strong><em>ΠΙ.</em></strong></span> <span class='ocrx_word' id='word_1_215' title='bbox 421 1856 489 1900; x_wconf 86' lang='lat' dir='ltr'><strong>Id.</strong></span> <span class='ocrx_word' id='word_1_216' title='bbox 511 1856 648 1900; x_wconf 83' lang='lat' dir='ltr'><strong><em>Oetob.</em></strong></span> <span class='ocrx_word' id='word_1_217' title='bbox 681 1857 937 1900; x_wconf 85' lang='lat' dir='ltr'><strong><em>obsederunt.</em></strong></span> <span class='ocrx_word' id='word_1_218' title='bbox 994 1857 1237 1911; x_wconf 85' lang='lat' dir='ltr'><strong><em>Anonymus</em></strong></span> <span class='ocrx_word' id='word_1_219' title='bbox 1265 1856 1474 1910; x_wconf 85' lang='lat' dir='ltr'><strong><em>Barensis,</em></strong></span> <span class='ocrx_word' id='word_1_220' title='bbox 1500 1856 1567 1898; x_wconf 90' lang='lat' dir='ltr'><strong><em>de·</em></strong></span> 
     </span>
     <span class='ocr_line' id='line_1_28' title="bbox 92 1913 1566 1969; baseline -0.001 -13"><span class='ocrx_word' id='word_1_221' title='bbox 92 1913 198 1956; x_wconf 86' lang='lat' dir='ltr'><strong><em>eimo</em></strong></span> <span class='ocrx_word' id='word_1_222' title='bbox 228 1913 298 1956; x_wconf 91' lang='lat' dir='ltr'><strong><em>die</em></strong></span> <span class='ocrx_word' id='word_1_223' title='bbox 326 1914 515 1957; x_wconf 77' lang='lat' dir='ltr'><strong><em>intrante</em></strong></span> <span class='ocrx_word' id='word_1_224' title='bbox 546 1913 683 1957; x_wconf 87' lang='lat' dir='ltr'><strong><em>Octob.</em></strong></span> <span class='ocrx_word' id='word_1_225' title='bbox 724 1913 1014 1966; x_wconf 74' lang='lat' dir='ltr'><strong><em>transfretavit</em></strong></span> <span class='ocrx_word' id='word_1_226' title='bbox 1035 1913 1226 1969; x_wconf 78' lang='lat' dir='ltr'><strong><em>pelaqus,</em></strong></span> <span class='ocrx_word' id='word_1_227' title='bbox 1255 1913 1492 1966; x_wconf 78' lang='lat' dir='ltr'><strong><em>devenitque</em></strong></span> <span class='ocrx_word' id='word_1_228' title='bbox 1519 1913 1566 1954; x_wconf 83' lang='lat' dir='ltr'><strong><em>in</em></strong></span> 
     </span>
    </p>
   </div>
   <div class='ocr_carea' id='block_1_13' title="bbox 5 1968 1566 2024">
    <p class='ocr_par' dir='ltr' id='par_1_13' title="bbox 5 1968 1566 2024">
     <span class='ocr_line' id='line_1_29' title="bbox 5 1968 1566 2024; baseline -0.001 -12"><span class='ocrx_word' id='word_1_229' title='bbox 5 1995 7 1998; x_wconf 60' lang='lat'>&lt;</span> <span class='ocrx_word' id='word_1_230' title='bbox 92 1969 191 2023; x_wconf 86' lang='lat' dir='ltr'><strong><em>ipsa</em></strong></span> <span class='ocrx_word' id='word_1_231' title='bbox 217 1969 393 2022; x_wconf 77' lang='lat' dir='ltr'><strong><em>Valona,</em></strong></span> <span class='ocrx_word' id='word_1_232' title='bbox 422 1971 602 2014; x_wconf 85' lang='lat' dir='ltr'><strong><em>intravit</em></strong></span> <span class='ocrx_word' id='word_1_233' title='bbox 628 1971 675 2013; x_wconf 85' lang='lat' dir='ltr'><strong><em>in</em></strong></span> <span class='ocrx_word' id='word_1_234' title='bbox 702 1985 752 2013; x_wconf 90' lang='lat' dir='ltr'><strong><em>ea</em></strong></span> <span class='ocrx_word' id='word_1_235' title='bbox 768 1970 958 2024; x_wconf 75' lang='lat' dir='ltr'><strong><em>pacifice,</em></strong></span> <span class='ocrx_word' id='word_1_236' title='bbox 987 1969 1180 2012; x_wconf 83' lang='lat' dir='ltr'><strong><em>similiter</em></strong></span> <span class='ocrx_word' id='word_1_237' title='bbox 1208 1972 1245 2012; x_wconf 88' lang='lat' dir='ltr'><strong><em>et</em></strong></span> <span class='ocrx_word' id='word_1_238' title='bbox 1273 1970 1369 2022; x_wconf 87' lang='lat' dir='ltr'><strong><em>ipsa</em></strong></span> <span class='ocrx_word' id='word_1_239' title='bbox 1391 1968 1566 2022; x_wconf 73' lang='lat' dir='ltr'><strong><em>canina,</em></strong></span> 
     </span>
    </p>
   </div>
   <div class='ocr_carea' id='block_1_14' title="bbox 94 2025 1609 2266">
    <p class='ocr_par' dir='ltr' id='par_1_14' title="bbox 94 2025 1609 2266">
     <span class='ocr_line' id='line_1_30' title="bbox 94 2025 1566 2081; baseline -0.001 -12"><span class='ocrx_word' id='word_1_240' title='bbox 94 2026 246 2069; x_wconf 82' lang='lat' dir='ltr'><strong><em>deinde</em></strong></span> <span class='ocrx_word' id='word_1_241' title='bbox 289 2028 480 2081; x_wconf 78' lang='lat' dir='ltr'><strong><em>perrexit</em></strong></span> <span class='ocrx_word' id='word_1_242' title='bbox 507 2027 738 2079; x_wconf 70' lang='lat' dir='ltr'><strong><em>DuraeMo,</em></strong></span> <span class='ocrx_word' id='word_1_243' title='bbox 788 2030 826 2069; x_wconf 90' lang='lat' dir='ltr'><strong><em>et</em></strong></span> <span class='ocrx_word' id='word_1_244' title='bbox 865 2025 1022 2069; x_wconf 83' lang='lat' dir='ltr'><strong><em>obsedit</em></strong></span> <span class='ocrx_word' id='word_1_245' title='bbox 1051 2040 1111 2079; x_wconf 85' lang='lat' dir='ltr'><strong><em>ea,</em></strong></span> <span class='ocrx_word' id='word_1_246' title='bbox 1150 2039 1223 2069; x_wconf 87' lang='lat' dir='ltr'><strong><em>nec</em></strong></span> <span class='ocrx_word' id='word_1_247' title='bbox 1239 2026 1382 2080; x_wconf 85' lang='lat' dir='ltr'><strong><em>potuit</em></strong></span> <span class='ocrx_word' id='word_1_248' title='bbox 1409 2038 1566 2079; x_wconf 78' lang='lat' dir='ltr'><strong><em>capere,</em></strong></span> 
     </span>
     <span class='ocr_line' id='line_1_31' title="bbox 95 2082 1609 2195; baseline -0.001 -69"><span class='ocrx_word' id='word_1_249' title='bbox 95 2082 196 2136; x_wconf 82' lang='lat' dir='ltr'><strong><em>feeit</em></strong></span> <span class='ocrx_word' id='word_1_250' title='bbox 214 2096 404 2195; x_wconf 49' lang='grc' dir='ltr'>,Ιὲἓεῖἑᾟ</span> <span class='ocrx_word' id='word_1_251' title='bbox 425 2084 812 2185; x_wconf 49' lang='lat' dir='ltr'><strong><em>egmhfgifflatore.</em></strong></span> <span class='ocrx_word' id='word_1_252' title='bbox 1579 2137 1609 2172; x_wconf 87' lang='lat' dir='ltr'>B</span> 
     </span>
     <span class='ocr_line' id='line_1_32' title="bbox 226 2155 1606 2266; baseline -0.001 -17"><span class='ocrx_word' id='word_1_253' title='bbox 226 2155 441 2262; x_wconf 59' lang='grc' dir='ltr'><strong><em>Ποῖαμοῦ</em></strong></span> <span class='ocrx_word' id='word_1_254' title='bbox 474 2174 757 2266; x_wconf 44' lang='grc' dir='ltr'><strong><em>ὲΙιαβόλεῷς]</em></strong></span> <span class='ocrx_word' id='word_1_255' title='bbox 789 2207 1054 2251; x_wconf 83' lang='lat' dir='ltr'><strong><em>Macedoniae</em></strong></span> <span class='ocrx_word' id='word_1_256' title='bbox 1078 2206 1239 2258; x_wconf 86' lang='lat' dir='ltr'><strong><em>fluvius,</em></strong></span> <span class='ocrx_word' id='word_1_257' title='bbox 1267 2206 1338 2261; x_wconf 91' lang='lat' dir='ltr'><strong><em>qui</em></strong></span> <span class='ocrx_word' id='word_1_258' title='bbox 1362 2205 1606 2249; x_wconf 80' lang='lat' dir='ltr'><strong><em>Diabolusc</em></strong></span> 
     </span>
    </p>
   </div>
   <div class='ocr_carea' id='block_1_15' title="bbox 94 2263 1567 2378">
    <p class='ocr_par' dir='ltr' id='par_1_15' title="bbox 94 2263 1567 2378">
     <span class='ocr_line' id='line_1_33' title="bbox 96 2263 1565 2317; baseline -0.001 -11"><span class='ocrx_word' id='word_1_259' title='bbox 96 2263 474 2309; x_wconf 78' lang='lat' dir='ltr'><strong><em>diciturWillelmo</em></strong></span> <span class='ocrx_word' id='word_1_260' title='bbox 490 2265 850 2309; x_wconf 80' lang='lat' dir='ltr'><strong><em>Malmesburiensi</em></strong></span> <span class='ocrx_word' id='word_1_261' title='bbox 866 2265 936 2307; x_wconf 89' lang='lat' dir='ltr'><strong>lib.</strong></span> <span class='ocrx_word' id='word_1_262' title='bbox 957 2266 996 2307; x_wconf 87' lang='lat'><strong><em>4.</em></strong></span> <span class='ocrx_word' id='word_1_263' title='bbox 1026 2264 1075 2306; x_wconf 82' lang='lat' dir='ltr'><strong><em>de</em></strong></span> <span class='ocrx_word' id='word_1_264' title='bbox 1090 2263 1202 2306; x_wconf 79' lang='lat' dir='ltr'><strong><em>Gest.</em></strong></span> <span class='ocrx_word' id='word_1_265' title='bbox 1223 2263 1349 2317; x_wconf 86' lang='lat' dir='ltr'><strong>Angl.</strong></span> <span class='ocrx_word' id='word_1_266' title='bbox 1366 2275 1459 2317; x_wconf 85' lang='lat' dir='ltr'><strong><em>pag.</em></strong></span> <span class='ocrx_word' id='word_1_267' title='bbox 1475 2263 1565 2304; x_wconf 88' lang='grc'>136.</span> 
     </span>
     <span class='ocr_line' id='line_1_34' title="bbox 94 2319 1567 2378; baseline -0.001 -16"><span class='ocrx_word' id='word_1_268' title='bbox 94 2319 231 2363; x_wconf 82' lang='lat' dir='ltr'><strong><em>Multi</em></strong></span> <span class='ocrx_word' id='word_1_269' title='bbox 258 2322 306 2364; x_wconf 87' lang='lat' dir='ltr'><strong><em>in</em></strong></span> <span class='ocrx_word' id='word_1_270' title='bbox 344 2323 464 2375; x_wconf 86' lang='lat' dir='ltr'><strong><em>vado,</em></strong></span> <span class='ocrx_word' id='word_1_271' title='bbox 496 2323 606 2378; x_wconf 85' lang='lat' dir='ltr'><strong><em>quod</em></strong></span> <span class='ocrx_word' id='word_1_272' title='bbox 638 2336 725 2376; x_wconf 90' lang='lat' dir='ltr'><strong><em>pro</em></strong></span> <span class='ocrx_word' id='word_1_273' title='bbox 763 2322 994 2375; x_wconf 80' lang='lat' dir='ltr'><strong><em>rapiditate</em></strong></span> <span class='ocrx_word' id='word_1_274' title='bbox 1028 2319 1203 2363; x_wconf 84' lang='lat' dir='ltr'><strong><em>Diaboli</em></strong></span> <span class='ocrx_word' id='word_1_275' title='bbox 1243 2319 1408 2370; x_wconf 83' lang='lat' dir='ltr'><strong><em>dieitur,</em></strong></span> <span class='ocrx_word' id='word_1_276' title='bbox 1437 2319 1567 2361; x_wconf 85' lang='lat' dir='ltr'><strong><em>inter-</em></strong></span> 
     </span>
    </p>
   </div>
   <div class='ocr_carea' id='block_1_16' title="bbox 0 2376 794 2434">
    <p class='ocr_par' dir='ltr' id='par_1_16' title="bbox 0 2376 794 2434">
     <span class='ocr_line' id='line_1_35' title="bbox 0 2376 794 2434; baseline 0 -14"><span class='ocrx_word' id='word_1_277' title='bbox 0 2409 6 2428; x_wconf 84' lang='lat'><strong><em>·.</em></strong></span> <span class='ocrx_word' id='word_1_278' title='bbox 92 2378 214 2431; x_wconf 82' lang='lat' dir='ltr'><strong><em>cepti.</em></strong></span> <span class='ocrx_word' id='word_1_279' title='bbox 254 2376 506 2422; x_wconf 82' lang='lat' dir='ltr'><strong><em>Guillelmus</em></strong></span> <span class='ocrx_word' id='word_1_280' title='bbox 536 2379 794 2434; x_wconf 83' lang='lat' dir='ltr'><strong><em>Apuliensis:</em></strong></span> 
     </span>
    </p>
   </div>
   <div class='ocr_carea' id='block_1_17' title="bbox 229 2442 1433 2557">
    <p class='ocr_par' dir='ltr' id='par_1_17' title="bbox 229 2442 1433 2557">
     <span class='ocr_line' id='line_1_36' title="bbox 765 2442 1428 2499; baseline -0.005 -11"><span class='ocrx_word' id='word_1_281' title='bbox 765 2445 870 2489; x_wconf 76' lang='lat' dir='ltr'><strong><em>Dux</em></strong></span> <span class='ocrx_word' id='word_1_282' title='bbox 896 2445 973 2488; x_wconf 73' lang='lat' dir='ltr'><strong><em>liae</em></strong></span> <span class='ocrx_word' id='word_1_283' title='bbox 998 2445 1210 2499; x_wconf 75' lang='lat' dir='ltr'><strong><em>diqressus</em></strong></span> <span class='ocrx_word' id='word_1_284' title='bbox 1236 2443 1288 2486; x_wconf 88' lang='lat' dir='ltr'><strong><em>ab</em></strong></span> <span class='ocrx_word' id='word_1_285' title='bbox 1316 2442 1428 2498; x_wconf 89' lang='lat' dir='ltr'><strong><em>urbe,</em></strong></span> 
     </span>
     <span class='ocr_line' id='line_1_37' title="bbox 229 2499 1433 2557; baseline -0.003 -12"><span class='ocrx_word' id='word_1_286' title='bbox 229 2500 428 2546; x_wconf 85' lang='lat' dir='ltr'><strong><em>Pervenit</em></strong></span> <span class='ocrx_word' id='word_1_287' title='bbox 456 2502 514 2546; x_wconf 86' lang='lat' dir='ltr'><strong><em>ad</em></strong></span> <span class='ocrx_word' id='word_1_288' title='bbox 532 2503 761 2557; x_wconf 85' lang='lat' dir='ltr'><strong><em>quemdam,</em></strong></span> <span class='ocrx_word' id='word_1_289' title='bbox 794 2502 860 2545; x_wconf 85' lang='lat' dir='ltr'><strong><em>eui</em></strong></span> <span class='ocrx_word' id='word_1_290' title='bbox 879 2515 1025 2544; x_wconf 80' lang='lat' dir='ltr'><strong><em>nomen</em></strong></span> <span class='ocrx_word' id='word_1_291' title='bbox 1039 2499 1232 2555; x_wconf 83' lang='lat' dir='ltr'><strong><em>Divalus,</em></strong></span> <span class='ocrx_word' id='word_1_292' title='bbox 1260 2513 1433 2542; x_wconf 89' lang='lat' dir='ltr'><strong><em>amnem.</em></strong></span> 
     </span>
    </p>
   </div>
   <div class='ocr_carea' id='block_1_18' title="bbox 92 2565 1566 2747">
    <p class='ocr_par' dir='ltr' id='par_1_18' title="bbox 0 2538 1566 2747">
     <span class='ocr_line' id='line_1_38' title="bbox 95 2565 1566 2623; baseline -0.001 -11.121"><span class='ocrx_word' id='word_1_293' title='bbox 95 2567 430 2613; x_wconf 87' lang='lat' dir='ltr'><strong><em>Daemoniorum</em></strong></span> <span class='ocrx_word' id='word_1_294' title='bbox 452 2570 630 2623; x_wconf 76' lang='lat' dir='ltr'><strong><em>fluvium</em></strong></span> <span class='ocrx_word' id='word_1_295' title='bbox 658 2572 780 2613; x_wconf 75' lang='lat' dir='ltr'><strong><em>vocat</em></strong></span> <span class='ocrx_word' id='word_1_296' title='bbox 799 2569 1025 2611; x_wconf 79' lang='lat' dir='ltr'><strong><em>Malaterra</em></strong></span> <span class='ocrx_word' id='word_1_297' title='bbox 1054 2568 1125 2610; x_wconf 91' lang='lat' dir='ltr'><strong>lib.</strong></span> <span class='ocrx_word' id='word_1_298' title='bbox 1147 2569 1186 2610; x_wconf 90' lang='lat'><strong>3.</strong></span> <span class='ocrx_word' id='word_1_299' title='bbox 1218 2579 1307 2622; x_wconf 85' lang='lat' dir='ltr'><strong>cap.</strong></span> <span class='ocrx_word' id='word_1_300' title='bbox 1328 2567 1393 2609; x_wconf 86' lang='lat'><strong><em>27.</em></strong></span> <span class='ocrx_word' id='word_1_301' title='bbox 1451 2565 1566 2610; x_wconf 88' lang='lat' dir='ltr'><strong><em>Dae-</em></strong></span> 
     </span>
     <span class='ocr_line' id='line_1_39' title="bbox 92 2622 1566 2679; baseline -0.002 -11"><span class='ocrx_word' id='word_1_302' title='bbox 92 2626 229 2669; x_wconf 86' lang='lat' dir='ltr'><strong><em>monis</em></strong></span> <span class='ocrx_word' id='word_1_303' title='bbox 266 2626 425 2678; x_wconf 72' lang='lat' dir='ltr'><strong><em>flumen</em></strong></span> <span class='ocrx_word' id='word_1_304' title='bbox 452 2627 699 2670; x_wconf 72' lang='lat' dir='ltr'><strong><em>Fulcherms</em></strong></span> <span class='ocrx_word' id='word_1_305' title='bbox 728 2627 800 2668; x_wconf 92' lang='lat' dir='ltr'><strong>lib.</strong></span> <span class='ocrx_word' id='word_1_306' title='bbox 826 2628 861 2667; x_wconf 80' lang='lat'><strong><em>1.</em></strong></span> <span class='ocrx_word' id='word_1_307' title='bbox 893 2637 979 2679; x_wconf 85' lang='lat' dir='ltr'><strong>cap.</strong></span> <span class='ocrx_word' id='word_1_308' title='bbox 1002 2626 1040 2668; x_wconf 91' lang='lat'><strong><em>3.</em></strong></span> <span class='ocrx_word' id='word_1_309' title='bbox 1104 2622 1252 2678; x_wconf 80' lang='lat' dir='ltr'><strong><em>Itaque</em></strong></span> <span class='ocrx_word' id='word_1_310' title='bbox 1279 2623 1566 2679; x_wconf 70' lang='lat' dir='ltr'><strong><em>Bidqarorum</em></strong></span> 
     </span>
     <span class='ocr_line' id='line_1_40' title="bbox 93 2680 1564 2747; baseline -0.001 -23"><span class='ocrx_word' id='word_1_311' title='bbox 93 2683 286 2747; x_wconf 75' lang='lat' dir='ltr'><strong><em>reqiones</em></strong></span> <span class='ocrx_word' id='word_1_312' title='bbox 306 2697 390 2736; x_wconf 87' lang='lat' dir='ltr'><strong><em>per</em></strong></span> <span class='ocrx_word' id='word_1_313' title='bbox 436 2684 639 2726; x_wconf 86' lang='lat' dir='ltr'><strong><em>montium</em></strong></span> <span class='ocrx_word' id='word_1_314' title='bbox 656 2685 896 2736; x_wconf 74' lang='lat' dir='ltr'><strong><em>praerupta</em></strong></span> <span class='ocrx_word' id='word_1_315' title='bbox 939 2684 978 2722; x_wconf 84' lang='lat' dir='ltr'><strong><em>et</em></strong></span> <span class='ocrx_word' id='word_1_316' title='bbox 1008 2680 1099 2723; x_wconf 86' lang='lat' dir='ltr'><strong><em>loca</em></strong></span> <span class='ocrx_word' id='word_1_317' title='bbox 1124 2682 1230 2723; x_wconf 87' lang='lat' dir='ltr'><strong><em>satis</em></strong></span> <span class='ocrx_word' id='word_1_318' title='bbox 1258 2681 1419 2724; x_wconf 86' lang='lat' dir='ltr'><strong><em>deserta</em></strong></span> <span class='ocrx_word' id='word_1_319' title='bbox 1449 2683 1564 2723; x_wconf 82' lang='lat' dir='ltr'><strong><em>tran-</em></strong></span> 
     </span>
    </p>
   </div>
   <div class='ocr_carea' id='block_1_19' title="bbox 0 2736 1565 2809">
    <p class='ocr_par' dir='ltr' id='par_1_19' title="bbox 0 2736 1565 2809">
     <span class='ocr_line' id='line_1_41' title="bbox 0 2736 1565 2809; baseline -0.002 -27"><span class='ocrx_word' id='word_1_320' title='bbox 0 2764 5 2809; x_wconf 69' lang='lat'><strong><em>³}</em></strong></span> <span class='ocrx_word' id='word_1_321' title='bbox 93 2740 280 2794; x_wconf 75' lang='lat' dir='ltr'><strong><em>sivinms,</em></strong></span> <span class='ocrx_word' id='word_1_322' title='bbox 301 2739 534 2783; x_wconf 85' lang='lat' dir='ltr'><strong><em>Daemonis</em></strong></span> <span class='ocrx_word' id='word_1_323' title='bbox 563 2740 619 2783; x_wconf 87' lang='lat' dir='ltr'><strong><em>ad</em></strong></span> <span class='ocrx_word' id='word_1_324' title='bbox 641 2740 795 2792; x_wconf 78' lang='lat' dir='ltr'><strong><em>flumen</em></strong></span> <span class='ocrx_word' id='word_1_325' title='bbox 822 2738 1083 2780; x_wconf 83' lang='lat' dir='ltr'><strong><em>convenimus</em></strong></span> <span class='ocrx_word' id='word_1_326' title='bbox 1111 2750 1259 2792; x_wconf 86' lang='lat' dir='ltr'><strong><em>omnes,</em></strong></span> <span class='ocrx_word' id='word_1_327' title='bbox 1286 2736 1396 2792; x_wconf 86' lang='lat' dir='ltr'><strong><em>quod</em></strong></span> <span class='ocrx_word' id='word_1_328' title='bbox 1423 2738 1484 2779; x_wconf 85' lang='lat' dir='ltr'><strong><em>sic</em></strong></span> <span class='ocrx_word' id='word_1_329' title='bbox 1513 2736 1565 2779; x_wconf 91' lang='lat' dir='ltr'><strong><em>ab</em></strong></span> 
     </span>
    </p>
   </div>
   <div class='ocr_carea' id='block_1_20' title="bbox 0 2792 1563 2908">
    <p class='ocr_par' dir='ltr' id='par_1_20' title="bbox 0 2792 1563 2908">
     <span class='ocr_line' id='line_1_42' title="bbox 0 2792 1563 2850; baseline -0.003 -12"><span class='ocrx_word' id='word_1_330' title='bbox 0 2826 5 2850; x_wconf 25' lang='grc' dir='ltr'>μ</span> <span class='ocrx_word' id='word_1_331' title='bbox 95 2795 249 2839; x_wconf 82' lang='lat' dir='ltr'><strong><em>ineolis</em></strong></span> <span class='ocrx_word' id='word_1_332' title='bbox 279 2800 418 2840; x_wconf 89' lang='lat' dir='ltr'><strong><em>terrae</em></strong></span> <span class='ocrx_word' id='word_1_333' title='bbox 445 2798 664 2848; x_wconf 83' lang='lat' dir='ltr'><strong><em>vocitatur,</em></strong></span> <span class='ocrx_word' id='word_1_334' title='bbox 703 2799 740 2838; x_wconf 89' lang='lat' dir='ltr'><strong><em>et</em></strong></span> <span class='ocrx_word' id='word_1_335' title='bbox 770 2795 936 2837; x_wconf 86' lang='lat' dir='ltr'><strong><em>merito:</em></strong></span> <span class='ocrx_word' id='word_1_336' title='bbox 965 2794 1145 2836; x_wconf 84' lang='lat' dir='ltr'><strong><em>vidimus</em></strong></span> <span class='ocrx_word' id='word_1_337' title='bbox 1172 2794 1282 2836; x_wconf 84' lang='lat' dir='ltr'><strong><em>enim</em></strong></span> <span class='ocrx_word' id='word_1_338' title='bbox 1309 2794 1356 2835; x_wconf 86' lang='lat' dir='ltr'><strong><em>in</em></strong></span> <span class='ocrx_word' id='word_1_339' title='bbox 1383 2792 1458 2835; x_wconf 89' lang='lat' dir='ltr'><strong><em>illo</em></strong></span> <span class='ocrx_word' id='word_1_340' title='bbox 1484 2792 1563 2844; x_wconf 78' lang='lat' dir='ltr'><strong><em>flu-</em></strong></span> 
     </span>
     <span class='ocr_line' id='line_1_43' title="bbox 0 2849 1561 2908; baseline -0.003 -12"><span class='ocrx_word' id='word_1_341' title='bbox 0 2855 12 2907; x_wconf 65' lang='grc' dir='ltr'>ξ</span> <span class='ocrx_word' id='word_1_342' title='bbox 102 2853 215 2895; x_wconf 88' lang='lat' dir='ltr'><strong><em>mine</em></strong></span> <span class='ocrx_word' id='word_1_343' title='bbox 238 2852 458 2907; x_wconf 83' lang='lat' dir='ltr'><strong><em>diabolico,</em></strong></span> <span class='ocrx_word' id='word_1_344' title='bbox 479 2853 757 2908; x_wconf 73' lang='lat' dir='ltr'><strong><em>quamplures,</em></strong></span> <span class='ocrx_word' id='word_1_345' title='bbox 778 2852 878 2895; x_wconf 82' lang='lat' dir='ltr'><strong><em>dum</em></strong></span> <span class='ocrx_word' id='word_1_346' title='bbox 896 2851 1053 2894; x_wconf 88' lang='lat' dir='ltr'><strong><em>vadare</em></strong></span> <span class='ocrx_word' id='word_1_347' title='bbox 1059 2851 1313 2905; x_wconf 84' lang='lat' dir='ltr'><strong><em>pedetentim</em></strong></span> <span class='ocrx_word' id='word_1_348' title='bbox 1324 2849 1561 2904; x_wconf 73' lang='lat' dir='ltr'><strong><em>sperabant,</em></strong></span> 
     </span>
    </p>
   </div>
  </div>
 </body>
</html>
