1812 3184
577 243 843 280 ALEXIADIS
873 243 967 280 LIB.
999 243 1044 280 X.
1077 241 1141 280 ll.
1548 241 1601 282 61

101 365 380 422 διαπερᾶσαι,
420 364 494 408 ἳνα
520 360 582 424 μὴ
612 361 803 416 ὲνωθεὶς
845 362 940 419 μετ’
988 357 1135 407 αὐτῶν
1178 362 1604 421 καταλαμβανόντων

100 428 184 494 ἤδη
213 434 288 479 καὶ
321 431 401 487 τὰς
446 433 626 477 ἐκείνων
669 431 955 489 διαστρέψειε
999 429 1188 490 γνώμας.
1260 431 1513 479 εἰσελθόντι
1555 435 1604 479 δὲ

101 500 255 560 ἱλαρὸν
275 499 414 555 εὖθὺς
441 501 691 554 ἑνατενίσας
707 498 763 544 τὰ
791 496 903 544 κατὰ
931 497 1011 558 τὴν
1031 499 1296 557 ὁδοιπορίαν
1324 500 1604 548 ἐπυνθάνετο

101 572 176 617 καὶ
209 568 328 617 ὅπου
358 568 465 624 τούς
487 567 683 628 κόμητας
711 569 934 615 κατέλιπε.
974 571 1056 613 τοῦ
1095 569 1144 614 δὲ
1178 567 1355 614 ἅπαντα
1385 569 1604 631 διασαφή·

67 653 263 694 ὕσαντος
294 635 428 700 αὐτῷ,
462 636 524 692 ὦς
553 633 644 694 εἶχε
673 635 860 696 γνώμης,
892 631 1205 694 ἆστεὶζόμενος
1237 637 1262 683 ὁ
1291 637 1500 696 βασιλεὺς
1532 642 1605 685 καὶ

100 715 192 754 τῶν
219 706 331 753 κατὰ
368 706 422 753 τὸ
462 704 712 765 Δυρράχιον
754 707 827 751 καὶ
870 704 953 765 τήν
989 703 1226 764 Λάρισσαν
1268 709 1605 767 τετολμημένων

61 823 64 825 Α
101 779 208 836 παρ’
240 772 378 823 αὐτοῦ
405 772 728 836 ἇναμιμνήσκει
756 783 992 836 τηνικαῦτα
1022 777 1096 820 καὶ
1125 784 1203 836 τῆς
1233 775 1402 835 ἔχθρας
1426 778 1604 837 ἐκείνης.

102 845 128 892 ὅ
158 848 208 892 δὲ
236 844 356 903 πρὸς
383 840 521 891 αὖτδν
554 844 703 904 ἔλεγεν
733 842 797 899 ὦς
844 843 1016 903 “ἑ’γωγε
1056 842 1137 889 κᾶν
1167 843 1333 903 ἐχθρὸς
1362 843 1442 890 κᾶν
1471 848 1605 892 πολέ-

101 933 205 973 μιος
232 913 326 960 τότ’
356 906 421 974 ἦν,
454 909 566 959 ἀλλὰ
594 921 670 959 νῦν
698 910 949 971 αὐτόμολος
978 911 1071 974 ἥκω
1104 914 1238 975 φίλος
1266 921 1344 975 τῆς
1373 922 1453 975 σῆς
1481 919 1649 972 βασι-Β

46 996 91 1031 10
102 985 275 1039 λείας”.
338 985 364 1030 ὅ
394 985 443 1029 δὲ
471 978 758 1041 αὐτοκράτωρ
789 981 864 1028 διά
892 985 1075 1028 πολλῶν
1104 982 1342 1041 μετελθών
1369 980 1504 1029 αὐτὸν
1532 985 1606 1030 καὶ
1617 990 1662 1027 V.
1690 993 1760 1028 239

100 1049 357 1113 άκροθιγῶς
381 1070 484 1107 πως
510 1049 825 1110 ἆποπειράσας
853 1050 932 1097 τὸν
967 1048 1106 1098 αὐτοῦ
1135 1051 1357 1111 λογισμόν,
1390 1054 1491 1098 ἐπεὶ
1519 1054 1606 1099 διέ-

100 1142 188 1184 γνω
215 1121 541 1169 κατανεύσαντα
582 1129 743 1168 τοῦτον
779 1119 908 1178 όρκια
935 1119 1075 1167 πιστὰ
1116 1123 1267 1167 δοῦναι
1311 1120 1429 1179 πρὸς
1470 1118 1606 1167 αὐτὸν

103 1193 192 1254 ἔφη
232 1191 323 1238 “vti
353 1200 428 1238 νῦν
454 1192 536 1250 μὲν
563 1188 865 1237 κεκοπιακότα
893 1207 944 1236 σε
976 1185 1069 1235 απὸ
1111 1198 1189 1252 τῆς
1233 1188 1497 1249 οδοιπορίας
1524 1209 1603 1251 χρη

101 1258 369 1308 απελθόντα
397 1258 802 1314 διαναπαύσασθαι,
844 1260 890 1314 ἐς
930 1260 1072 1305 νέωτα
1111 1261 1160 1305 δὲ
1203 1260 1309 1318 περὶ
1354 1250 1417 1304 ὦν
1446 1258 1603 1317 βουλό-

44 1339 89 1374 15
100 1336 227 1390 μεθα
255 1328 575 1390 ομιλήσομενἏ
624 1326 874 1375 ἀπελθόντι
906 1347 984 1374 ουν
1013 1328 1077 1383 εἷς
1096 1347 1148 1374 το
1169 1329 1432 1387 Κοσμίδιον,
1463 1346 1604 1386 ουπερ

100 1398 156 1446 τὰ
183 1408 263 1462 τῆς
289 1400 516 1454 κατοικίας
541 1394 662 1459 αι’»τῳ
682 1399 1059 1482 προηιτρέπιστο,
1081 1395 1279 1456 τράπεζα
1298 1395 1443 1457 τοίτῳ
1463 1415 1605 1454 παρα-

99 1471 279 1515 τίθεται
289 1466 505 1552 δαψιλὴς
533 1468 762 1513 παντοίων
782 1462 916 1525 ὄψων
945 1467 1019 1511 καὶ
1040 1465 1295 1524 ἐδεσμάτων
1312 1485 1464 1527 μεστη.
1507 1462 1605 1511 εἶτα

99 1539 174 1583 καὶ
203 1533 303 1595 ωμὰ
333 1538 439 1595 κρέα
469 1537 688 1594 χερσαίων
716 1553 765 1581 τε
783 1537 858 1581 καὶ
886 1542 1067 1617 πτηνῶν
1087 1533 1213 1593 ζώων
1232 1533 1605 1594 προσενεγκόντες

102 1625 145 1653 οι
175 1602 400 1664 οψοποιοὶ
422 1605 597 1666 ἔφασαν
629 1603 686 1631 “‘
664 1609 769 1667 ημῖν
786 1623 867 1663 μεν
885 1599 977 1649 ‘cd'
961 1600 1070 1663 ὄψα,
1093 1602 1156 1658 ιῦς
1175 1603 1295 1668 ὁρᾷς,
1320 1601 1646 1664 ηὖτρέπισταιο

41 1673 210 1720 2οκατὰ
236 1673 289 1720 τὸ
321 1672 535 1734 σύνηθες·
567 1672 606 1719 εἶ
637 1675 686 1719 δὲ
715 1672 777 1735 μὴ
807 1670 972 1731 ἆρεστά
1000 1690 1072 1719 σοι
1101 1681 1248 1728 ταῦτα,
1284 1672 1382 1719 ἶδοὺ
1403 1674 1477 1718 καὶ
1504 1671 1604 1730 ὠμὰ

97 1744 171 1789 καὶ
200 1741 694 1802 κατασκευασθητωσαν
723 1739 846 1786 καθά
874 1759 921 1800 γε
952 1739 1108 1798 βούλει
1122 1742 1160 1787 ”.
1222 1739 1340 1787 οὕτω
1370 1740 1451 1800 γὰρ
1479 1738 1602 1798 παρὰ

98 1820 180 1858 τοῦ
207 1807 535 1870 αὐτοκράτορος
563 1808 887 1857 κατασκευάσαι
916 1829 965 1856 τε
995 1812 1070 1856 καὶ
1107 1810 1254 1857 εἰπεῖν
1292 1811 1605 1869 ἐντεταλμένον

237 1928 273 1963 3.
298 1924 343 1963 τὰ
369 1927 415 1973 A,
438 1938 512 1963 om.
539 1926 579 1962 P.
740 1929 773 1963 4.
798 1923 896 1962 ὅπου
923 1927 1002 1974 FA,
1028 1924 1104 1971 ὅπη
1129 1927 1168 1963 Ρ.
1317 1928 1351 1963 5.
1377 1923 1604 1984 ιἰσιειῖζόμε-

236 1987 300 2015 νος
322 1975 363 2012 Ρ.
467 1977 501 2012 8.
528 1971 600 2012 κᾶν
623 1977 806 2024 πολέμιος
829 1976 937 2021 FAC,
959 1979 1022 2012 καὶ
1046 1978 1227 2024 πολέμιος
1252 1975 1292 2012 Ρ.
1403 1974 1436 2011 9.
1462 1989 1533 2020 ηκα
1559 1976 1604 2024 τῇ

236 2026 407 2084 βασιλείᾳ
424 2023 468 2061 G.
606 2038 649 2074 τῃ
676 2036 722 2074 σῃ
747 2026 916 2072 βασιλείᾳ
927 2004 1514 2082 Ο.11.ἀποπειράσας
1529 2023 1604 2068 FC,

239 2069 560 2120 ἆποπειρώσαςΡ.
712 2075 768 2110 16.
795 2076 914 2114 οἰκίας
937 2073 1019 2110 AG.
1171 2074 1227 2110 17.
1251 2069 1384 2120 ὄψεων
1409 2072 1454 2109 G.

101 2192 198 2228 quae
222 2180 386 2227 diceret,
422 2192 600 2228 eumque,
634 2193 681 2217 ne
717 2193 803 2218 eum
832 2181 907 2217 illis
940 2181 1165 2218 coniunctus
1196 2181 1342 2216 animos
1366 2192 1496 2216 eorum
1522 2191 1606 2227 per-

101 2233 278 2275 verteret,
316 2232 404 2266 ante
441 2229 579 2266 horum
616 2230 820 2266 adventum
849 2230 897 2266 ad
922 2229 1176 2267 traiciendum
1201 2241 1445 2266 commovere.
1478 2229 1605 2265 simul-

101 2282 216 2326 atque
250 2279 420 2323 intravit,
458 2279 589 2315 statim
622 2290 705 2314 eum
741 2279 916 2315 renidens
948 2282 987 2315 et
1026 2279 1073 2315 de
1096 2279 1159 2315 via
1184 2281 1223 2314 et
1252 2278 1319 2314 ubi
1343 2278 1499 2314 comites
1521 2277 1605 2313 reli-

102 2329 256 2375 quisset,
281 2329 552 2374 interrogavit3
579 2340 654 2375 quo
670 2328 718 2364 ad
736 2328 872 2374 omnia,
901 2331 1016 2374 prout
1040 2340 1135 2374 opus
1153 2339 1231 2363 esse
1256 2327 1428 2374 putabat,
1452 2338 1605 2372 respon-

101 2376 214 2413 dente
239 2376 479 2413 familiariter
504 2377 712 2424 imperator
733 2389 865 2413 eorum
895 2389 991 2423 quae
1017 2378 1049 2412 is
1067 2377 1114 2413 ad
1131 2376 1380 2423 Dyrrachium
1397 2375 1602 2411 Larissam-

101 2437 175 2472 que
202 2425 291 2462 olim
326 2438 438 2462 ausus
472 2430 569 2462 esset
592 2429 632 2462 et
657 2426 945 2463 inimicitiarum
970 2425 1123 2461 illarum
1150 2425 1373 2461 memoriam
1396 2424 1603 2461 refricavit.

101 2473 167 2510 sed
190 2474 255 2510 ille
278 2474 432 2511 “Tune”
468 2474 594 2522 inquit
628 2474 770 2511 “hostis
795 2478 834 2511 et
859 2474 1017 2510 infestus
1051 2474 1121 2519 fui,
1147 2485 1249 2515 nunc
1279 2485 1370 2510 vero
1391 2473 1493 2510 ultro
1518 2474 1605 2508 veni

102 2524 161 2560 tui
183 2523 336 2569 imperii
361 2523 539 2560 amicus”.
580 2535 711 2560 verum
729 2524 938 2570 imperator
963 2523 1098 2559 leviter
1116 2535 1200 2558 eum
1232 2522 1347 2558 vax-iis
1372 2522 1606 2558 sermonibus

101 2575 373 2619 pertemptans,
397 2583 483 2608 cum
508 2571 557 2608 ad
582 2572 844 2613 iusiurandum
870 2583 954 2608 eum
980 2571 1260 2618 paratissimum
1287 2571 1445 2616 videret,
1472 2570 1606 2606 “Nunc

102 2620 217 2657 vero”
265 2621 391 2666 inquit
429 2620 515 2656 “via
539 2624 578 2657 te
602 2621 739 2657 fessum
766 2624 920 2667 oportet
944 2621 1071 2667 quiete
1096 2620 1191 2664 frui3
1230 2631 1318 2655 nam
1342 2619 1390 2656 de
1414 2620 1472 2665 iis,
1510 2630 1605 2666 quae

102 2669 288 2714 volumus,
324 2672 455 2715 postea
479 2669 739 2706 disseremus’z
793 2671 849 2706 ita
878 2681 965 2705 eum
999 2670 1039 2705 in
1068 2668 1297 2705 Cosmidium
1333 2669 1498 2710 abiisset,
1539 2667 1606 2703 ubi

102 2717 311 2764 hospitium
339 2718 374 2753 ei
399 2722 574 2764 paratum
600 2718 737 2764 fuerat,
777 2730 940 2754 mensam
978 2719 1123 2764 reperit
1159 2717 1334 2753 omnibus
1362 2717 1540 2754 carnibus
1567 2720 1605 2751 et

102 2767 199 2803 cibis
223 2767 379 2813 opipare
414 2770 617 2814 structam3
651 2767 739 2804 dein
765 2766 919 2803 crudam
948 2778 1096 2812 quoque
1121 2766 1362 2802 terrestrium
1395 2766 1605 2802 voluerum-

103 2827 176 2862 que
211 2827 364 2852 earnem
402 2815 582 2852 exhibent
607 2816 718 2872 coqui
753 2815 811 2852 his
843 2816 984 2852 verbis:
1026 2816 1048 2834 “
1039 2815 1128 2850 ‘Nos
1152 2814 1316 2861 quidem,
1343 2814 1386 2850 ut
1419 2814 1533 2871 vides,
1562 2825 1606 2848 ex

103 2875 209 2900 more
231 2866 363 2900 nostro
388 2864 546 2900 obsonia
568 2865 755 2911 coximus3
781 2876 877 2911 quae
903 2865 934 2900 si
959 2864 1084 2900 minus
1107 2863 1181 2899 tibi
1205 2863 1387 2909 arrident,
1412 2875 1459 2900 en
1484 2864 1607 2899 incoc-

102 2915 161 2949 tas
185 2925 298 2960 escas,
335 2924 443 2959 quae,
474 2916 591 2960 prout
616 2913 779 2960 iusseris,
805 2914 1054 2960 parabuntur.
1056 2913 1079 2931 ‘³
1125 2913 1179 2949 sie
1207 2912 1255 2948 ab
1284 2913 1515 2959 imperatore
1541 2923 1606 2958 pa-
