1794 3132
497 222 552 256 m
579 222 869 258 ALEXJADEM
900 223 1063 260 NOTAE
1370 260 1373 263 ,
1438 220 1519 263 481

36 338 87 382 de
115 338 295 403 Topogr.
326 336 454 381 Urbis
484 336 644 379 Romae
674 349 763 391 cap.
786 338 826 379 3.
869 337 980 380 Hinc
1011 338 1255 394 σεκρετικοὶ
1284 341 1328 384 in
1355 341 1461 385 Nov.
1480 343 1519 385 2.

37 394 304 439 Constantini
332 392 486 448 Porph.
520 393 563 436 et
592 392 704 448 apud
734 393 904 436 Annam
949 394 1054 437 dicti
1082 394 1300 439 Senatores
1330 399 1372 440 et
1403 398 1521 441 Iudi·

36 465 132 496 cum
168 463 415 495 assessores:
458 446 713 504 σεκρετικὸν
757 443 942 504 ἀξίωμα,
988 451 1175 507 dignitas
1218 452 1410 506 curialis,
1449 468 1520 498 seu

36 507 272 560 Senatoria,
300 507 345 550 in
377 506 474 550 Iure
502 506 808 550 Graeco-Rom.
1246 537 1252 542 .

171 564 469 619 Προεστῶτος
502 563 595 605 τῶν
622 562 870 620 Σεκρέτων]
917 564 1108 618 Quatuor
1143 566 1407 620 potissimum
1446 566 1561 610 Se-B

35 622 150 665 creta
201 634 274 665 seu
300 621 410 664 Fora
440 620 583 663 civilia
619 621 804 663 recenset
835 620 1006 664 Manuel
1037 620 1182 665 Comn.
1212 622 1255 664 in
1284 623 1394 666 Nov.
1426 623 1520 665 Pri-

37 691 167 731 mum,
197 677 347 734 Magni
375 677 629 733 Drungarii3
663 676 914 729 Secundum,
949 678 1036 721 eius
1064 679 1137 733 qui
1166 675 1522 738 Προκαθήμενος

35 736 125 778 τῶν
150 735 433 791 δημοσιακῶν
461 731 754 790 δικαστηρίων
782 733 1022 784 dicebatur;
1053 735 1256 788 Tertium,
1286 737 1365 778 τοῦ
1387 739 1522 791 Πρω-

35 791 326 846 τοσεκρέτους
369 791 579 846 Quartum
608 790 799 846 denique,
829 791 909 832 τοῦ
926 787 1231 835 Δικαιοδότου.
1276 793 1356 836 His
1388 794 1523 836 omni-

34 850 113 893 bus
156 849 230 905 qui
267 849 457 904 praeerat
498 844 742 902 Προεστώς
783 849 874 889 τῶν
914 847 1141 903 Σεκρέτων
1175 849 1331 892 dicitur
1362 851 1521 893 Annae.

36 906 203 950 Laudat
230 917 354 961 porro
383 905 495 948 hunc
520 905 662 948 locum
691 903 887 947 Cuiacius
917 905 970 948 ad
1003 905 1071 948 tit.
1091 906 1128 948 7.
1161 905 1205 949 C.
1235 906 1286 950 de
1307 907 1521 950 Primieer.

36 963 109 1007 lib.
134 964 200 1006 12.
246 961 354 1006 Vide
380 961 543 1005 Notata
574 961 629 1005 ad
655 974 754 1016 pag.
777 962 871 1004 157.

37 1075 69 1120 C
96 1076 140 1120 di
172 1017 417 1076 Κοίμησιν]
457 1018 799 1073 Assumptionem
832 1018 1050 1073 Deiparae.
1108 1018 1215 1062 Vide
1247 1018 1429 1063 Gretzer.
1470 1019 1522 1063 ad
1537 1022 1564 1058 C

70 1091 94 1118 ‹,
142 1090 182 1119 n·
220 1103 226 1109 ⁸
1689 1107 1699 1121 Ι

170 1126 406 1187 Λιῖξήσεις
435 1133 606 1189 ρογῶν]
653 1132 773 1188 Roga
803 1132 883 1175 hoc
912 1132 1003 1175 loco
1033 1133 1095 1174 est
1125 1133 1407 1185 honorarium,
1438 1133 1732 1185 sivePag.85.A

36 1190 297 1243 donativum,
329 1189 441 1245 quod
470 1190 524 1232 ab
553 1189 811 1244 Imperatore
842 1189 1068 1243 quotannis
1095 1189 1419 1244 Magistratibus
1449 1190 1525 1233 da-

35 1247 173 1299 batur,
201 1247 289 1290 sive
323 1247 590 1302 erogabatur,
629 1245 757 1296 (unde
786 1247 828 1288 et
858 1245 972 1299 vocis
1001 1246 1188 1301 etymon)
1226 1248 1272 1290 ut
1306 1247 1417 1289 infra
1446 1247 1525 1289 hoc

36 1303 111 1347 lib.
156 1299 183 1360 ἡ
217 1299 326 1361 ρόγα
353 1305 444 1345 τῶν
469 1301 700 1346 δοθέντων
729 1297 870 1345 εἴκοσι
897 1295 1173 1356 ἀξιωμάτων.
1217 1305 1259 1346 et
1286 1303 1359 1346 lib.
1380 1305 1419 1346 6.
1452 1302 1523 1345 καὶ

39 1354 176 1403 αὐτὸν
203 1359 282 1402 τὸν
310 1361 465 1403 Aoum
495 1358 704 1410 Βενετίας
738 1359 801 1416 τῷ
839 1361 930 1401 τῶν
959 1357 1355 1413 Πρωτοσεβάστων
1392 1353 1525 1413 ἀξιώ-

33 1432 139 1471 ματι
181 1414 295 1471 μετὰ
337 1417 418 1474 τῆς
462 1410 676 1472 ἀναλόγου
716 1413 848 1473 ῥόγας
875 1414 1090 1472 ἐτίμησεν.
1164 1416 1524 1470 Quemadmodum

38 1487 135 1518 vero
176 1474 379 1518 eiusmodi
413 1474 561 1529 Rogae
600 1474 924 1529 Magistratibus
958 1485 1008 1516 ac
1046 1473 1293 1516 Proceribus
1340 1474 1393 1516 ab
1434 1474 1524 1528 ipso

38 1532 233 1587 Augusto
276 1531 640 1583 distribuerentur,
685 1530 792 1573 belle
832 1531 979 1573 narrat
1020 1530 1334 1585 Luithprandus
1376 1530 1449 1572 lib.
1484 1531 1523 1572 6.

35 1588 149 1630 Hist.
180 1601 270 1643 cap.
291 1589 332 1631 5.
359 1588 432 1643 qui
460 1587 504 1630 id
533 1587 623 1630 fieri
653 1587 826 1630 solitum
856 1586 1004 1630 scribit
1036 1600 1084 1629 ea
1104 1586 1387 1639 Hebdomade,
1419 1599 1525 1641 quae

36 1645 192 1688 Ramos
212 1644 458 1688 Palmarum
487 1644 712 1700 praecedit.
762 1643 833 1687 Sic
856 1644 983 1687 etiam
1006 1644 1213 1686 vocabant
1243 1643 1356 1686 dona
1378 1657 1526 1686 annua

35 1701 230 1753 militum,
270 1701 321 1744 de
361 1701 512 1756 quibus
545 1700 803 1744 Hincmarus
844 1700 894 1743 de
923 1699 1023 1744 Ord.
1055 1699 1194 1742 Palat.
1234 1713 1267 1742 c.
1290 1701 1356 1742 22.
1388 1700 1525 1743 aliave

34 1757 249 1809 donativa,
298 1771 405 1813 quae
446 1758 596 1801 iisdem
641 1758 925 1813 erogabantur
968 1757 1021 1799 ab
1066 1757 1285 1812 Augustis,
1329 1756 1438 1799 unde
1483 1757 1524 1798 et

34 1814 318 1870 Auyustatica
363 1814 563 1857 dicuntur
607 1814 855 1857 Marcellino
900 1813 1067 1856 Comiti.
1127 1813 1379 1856 Anastasius
1412 1812 1523 1855 Bibl.

36 1871 80 1914 in
111 1871 154 1915 S.
185 1871 298 1915 Deus
326 1871 443 1915 dedit
471 1871 556 1914 ΡΡ.
605 1870 667 1914 Et
696 1871 799 1914 data
827 1884 934 1926 roya
964 1869 1181 1921 militibus,
1202 1883 1299 1923 pax
1323 1869 1440 1922 facta
1465 1872 1525 1911 est

37 1929 84 1972 in
113 1932 200 1972 tota
227 1927 377 1972 Italia.
436 1928 555 1971 Idem
584 1928 628 1970 in
660 1928 702 1972 S.
733 1927 943 1979 severino,
973 1926 1106 1968 Miles
1132 1928 1211 1969 iste
1241 1925 1349 1968 nihil
1373 1925 1524 1968 exinde

34 1984 262 2028 subventus
287 1984 423 2037 habet,
450 1985 653 2039 quomodo
681 1989 719 2027 et
747 1998 876 2039 royac
908 1987 1080 2038 vestrae,
1117 1996 1222 2037 quas
1251 1982 1302 2024 D.
1334 1982 1523 2036 Impera-

35 2046 102 2085 tor
130 2042 246 2085 vobis
281 2055 365 2096 per
402 2042 512 2085 vices
544 2041 775 2092 mandavit,
810 2041 870 2083 ibi
893 2044 993 2082 sunt
1023 2055 1051 2082 a
1077 2038 1121 2082 S.
1151 2040 1241 2081 viro
1271 2039 1522 2081 reconditae.

37 2098 157 2141 Wiss.
187 2098 340 2154 Tyrius
378 2098 452 2141 lib.
483 2099 549 2142 18.
586 2111 674 2153 cap.
707 2099 774 2140 25.
820 2096 976 2150 Effusa
1014 2097 1062 2138 in
1088 2095 1298 2149 populum
1327 2095 1521 2146 civitatis,

35 2169 151 2198 more
177 2155 301 2199 solito
343 2169 452 2210 roya
479 2155 792 2198 liberalissima.
842 2153 1061 2196 Interdum
1091 2165 1193 2206 roga
1220 2164 1292 2206 pro
1317 2151 1522 2206 stipendio

36 2213 231 2255 sumitur.
294 2189 407 2255 ilinc
431 2225 522 2277 ‘non
551 2212 700 2277 semel:
730 2210 899 2253 Milites
928 2211 974 2252 in
1002 2223 1108 2264 roya
1136 2208 1426 2272 Imperatoris,
1455 2206 1523 2250 De

35 2268 485 2369 ffagdridrdlssaeDolens.
503 2265 1338 2376 lgfffflismgffigmssggegtgffesugnassn
1349 2264 1522 2375 Glligg'o}

36 2382 111 2425 lib.
130 2383 171 2424 2.
202 2382 356 2426 Indict.
378 2383 419 2425 2.
450 2382 582 2436 Epist.
605 2383 672 2424 32.
703 2382 776 2423 lib.
794 2381 831 2422 7.
862 2379 1013 2421 Indict.
1035 2380 1074 2420 2.
1104 2378 1235 2432 Epist.
1260 2378 1351 2419 130.

170 2435 450 2496 Συνηθειιῦν]
494 2435 733 2497 Συνήθειαι
765 2436 935 2480 Graecis
964 2437 1061 2477 sunt
1088 2434 1261 2484 tributa,
1283 2432 1567 2488 vectigalia.A

38 2495 175 2539 Gloss.
206 2495 443 2540 Graecolat.
475 2495 707 2546 Salarium,
738 2489 924 2550 πάροχὴ,
957 2486 1183 2548 συνήθεια.
1226 2490 1307 2532 Leo
1338 2490 1383 2531 in
1402 2488 1520 2553 ssact.

37 2564 128 2608 cap.
153 2553 216 2596 19.
248 2552 286 2608 ξ.
307 2554 372 2596 18.
411 2547 439 2611 ἢ
476 2549 528 2594 τὸ
572 2548 747 2594 οἶονοῦν
789 2551 934 2603 δῶρον
963 2547 1066 2602 παρ’
1100 2541 1246 2588 αι’·τῶν
1289 2545 1523 2599 λαμβανειν

41 2604 66 2621 ’“
93 2608 172 2660 τὰς
199 2608 435 2665 λεγομένας
463 2608 715 2665 συνηθείας.
777 2607 846 2650 Sic
886 2605 1047 2648 Latinis
1092 2602 1420 2647 Consuetudines
1453 2614 1523 2644 ea-

38 2625 132 2708 dem
164 2666 344 2718 notione,
382 2666 493 2721 apud
523 2665 706 2709 Cassiod.
745 2665 815 2706 lib.
842 2664 876 2704 1.
907 2661 1041 2716 Epist.
1062 2661 1101 2702 2.
1138 2660 1209 2702 lib.
1231 2661 1269 2701 3.
1301 2658 1432 2712 Epist.
1455 2659 1522 2700 23.

36 2722 110 2765 lib.
129 2723 168 2765 7.
203 2723 337 2778 Epist.
358 2724 384 2765 2
419 2725 497 2766 etc.
547 2722 721 2777 Gregor.
765 2720 919 2762 Turon.
961 2717 1033 2760 lib.
1062 2717 1101 2759 9.
1139 2729 1229 2770 cap.
1258 2716 1326 2758 30.
1367 2713 1523 2757 willel.

38 2779 137 2835 Tyr.
168 2778 241 2823 lib.
260 2781 301 2822 3.
332 2792 422 2835 cap.
446 2781 483 2822 1.
514 2779 587 2822 lib.
612 2780 677 2821 12.
709 2790 797 2831 cap.
822 2777 888 2818 15.
918 2774 990 2816 lib.
1012 2774 1081 2815 20.
1113 2785 1201 2827 cap.
1224 2773 1292 2814 20.
1332 2772 1524 2814 Anastas.

36 2835 83 2878 in
112 2835 187 2879 vit.
213 2835 300 2880 ΡΡ.
331 2850 426 2892 pag.
448 2837 545 2879 213.
576 2835 675 2878 edit.
705 2834 809 2888 Reg.
841 2832 883 2875 et
913 2830 1017 2873 alios
1050 2829 1219 2884 passim.

109 2918 227 2955 Anna
249 2918 444 2956 Comana.
500 2920 558 2955 Π.
1226 2911 1268 2948 31
