1768 3152
685 255 976 292 PRAEFATIO.
1530 262 1585 296 XI

86 377 282 425 sarium
317 375 597 439 integrum,
646 393 713 425 ne
747 374 988 425 deessent
1026 375 1094 425 ad
1133 393 1266 442 quae
1301 377 1391 427 ille
1427 396 1584 443 saepe

84 455 382 519 respiceret.
460 454 859 504 adnotationum
906 472 1046 518 vero,
1106 472 1234 520 quas
1280 455 1582 523 Schopenus

85 552 139 584 se
185 533 488 584 additurum
538 538 649 583 esse
693 533 955 600 pollicitus
1006 543 1117 584 erat
1169 534 1311 584 haud
1363 553 1481 585 raro
1529 537 1583 586 in

83 622 338 679 apparatu
372 612 549 662 critico
579 612 646 662 ad
676 630 761 662 eas
786 612 1008 662 lectores
1039 613 1306 679 ablegans,
1342 614 1474 663 nihil
1502 633 1582 665 re-

83 691 263 742 lictum
301 701 391 742 est.

219 770 307 820 Bis
343 771 646 838 typothetae
683 788 778 837 per
822 770 1031 837 longius
1070 771 1320 835 temporis
1356 773 1581 838 spatium

84 850 503 900 intermiserunt:
541 867 644 916 quo
677 851 875 900 factum
902 859 980 900 est
1009 859 1067 900 ut
1102 850 1188 900 hic
1208 851 1344 901 liber
1371 868 1465 917 per
1492 852 1583 900 tri-

83 930 295 979 ennium
332 930 428 979 sub
465 929 613 996 prelo
654 939 798 980 esset.
869 938 1028 996 atque
1066 930 1169 979 iam
1206 929 1435 980 sedecim
1473 931 1582 980 eius

82 1007 327 1074 plagulae
364 1005 606 1072 (1—256)
642 1009 778 1075 typis
812 1009 1100 1075 exscriptae
1146 1018 1307 1072 erant,
1348 1027 1466 1059 cum
1514 1010 1583 1059 ad

81 1105 166 1136 me
200 1088 470 1154 perfertur
503 1087 652 1151 liber,
708 1088 791 1137 cui
827 1088 1154 1138 inscribitur:
1219 1088 1454 1139 ‘Recueil
1491 1089 1582 1139 des

80 1165 358 1216 historiens
408 1166 499 1216 des
554 1168 816 1217 croisades
865 1167 1046 1231 publie
1083 1185 1180 1234 par
1222 1167 1298 1218 les
1340 1169 1479 1218 soins
1517 1168 1583 1219 de

79 1245 386 1296 l'academie
439 1246 529 1296 des
567 1247 903 1311 inscriptions
954 1256 1005 1297 et
1056 1246 1147 1296 des
1186 1247 1349 1298 belles
1386 1248 1581 1298 lettres.

80 1324 374 1374 Historiens
425 1326 603 1378 Grec-s.
649 1326 813 1376 Tome
864 1326 1110 1390 premier.
1183 1326 1345 1391 Paris,
1400 1327 1582 1391 impri-

82 1404 244 1454 merie
290 1405 570 1469 nationale,
609 1406 988 1451 MDGCOLXXV?
1032 1407 1087 1456 in
1140 1424 1243 1473 quo
1291 1407 1348 1456 E.
1387 1406 1584 1456 Milleri

82 1500 206 1533 cura
241 1482 515 1534 Alexiadis
562 1503 624 1535 ea
660 1485 836 1535 omnia
873 1485 1014 1536 edita
1050 1494 1182 1549 sunt,
1233 1503 1368 1552 quae
1400 1486 1466 1535 ad
1503 1504 1582 1535 sa-

82 1581 222 1613 cram
262 1563 651 1629 expeditionem
684 1573 932 1629 spectant,
972 1565 1028 1614 id
1065 1574 1154 1628 est,
1194 1575 1252 1614 ut
1286 1583 1435 1616 meae
1472 1565 1582 1615 edi-

80 1641 236 1691 tionis
278 1643 485 1709 paginis
527 1644 871 1710 versibusque
919 1653 1051 1707 utar,
1103 1646 1182 1709 28,
1238 1647 1487 1708 13—141,
1536 1648 1582 1695 4.

82 1724 193 1785 146,
233 1723 483 1782 ‘gl—151,
529 1724 574 1771 8.
628 1725 739 1786 165,
780 1725 996 1787 1-175,
1040 1726 1118 1773 16.
1172 1726 1286 1787 182,
1332 1726 1579 1788 14-248‚

81 1803 160 1850 22.
199 1803 312 1865 253,
349 1803 596 1866 19—267,
640 1806 716 1852 11.
765 1805 878 1867 270,
918 1805 1169 1866 19—276,
1206 1805 1284 1852 12.
1337 1804 1418 1853 cui
1457 1821 1581 1869 ope·
1666 1813 1670 1817 ·

80 1898 169 1931 rae
195 1880 348 1930 valde
384 1881 561 1931 nocuit
603 1881 746 1948 quod
778 1882 1015 1932 Millerus
1059 1882 1254 1932 codicis
1290 1882 1583 1933 Florentini

80 1978 181 2025 ope
225 1960 498 2012 destitutus
549 1962 676 2011 suit:
737 1960 793 2010 id
845 1962 987 2027 quod
1033 1962 1249 2011 minime
1295 1979 1581 2026 conpensa-

79 2040 233 2090 batur
278 2057 416 2089 nova
459 2039 770 2091 Coisliniani
816 2050 863 2091 et
910 2041 1182 2091 Leidensis
1226 2042 1336 2091 sive
1373 2042 1580 2094 Grono-

78 2120 219 2169 viani
255 2119 568 2170 conlatione.
629 2120 804 2186 itaque
842 2120 1103 2187 permulta
1141 2120 1335 2170 menda
1369 2121 1423 2170 in
1464 2121 1580 2171 Mil-

77 2197 175 2248 leri
220 2199 450 2249 editione
497 2198 818 2263 resederunt,
872 2217 1094 2266 querum
1130 2199 1387 2250 nonnulla
1424 2201 1580 2250 etiam

78 2278 187 2328 sine
224 2277 511 2345 exemplari
548 2278 743 2344 corrigi
777 2287 1036 2345 poterant.
1093 2278 1334 2328 absoluto
1367 2279 1578 2328 demum

76 2356 212 2406 libro
251 2356 487 2407 Millerus
517 2356 879 2408 Florentinum
917 2357 1153 2408 codicem
1192 2357 1324 2408 adiit
1363 2359 1579 2424 eiusque

76 2436 373 2485 testimonia
416 2437 735 2500 praefationi
782 2437 1062 2488 subiunxit.
1147 2437 1334 2503 quibus
1378 2437 1578 2502 perlus-

78 2515 226 2564 tratis
273 2515 499 2581 suspicio
550 2515 685 2581 quae
732 2516 860 2566 mihi
906 2517 1011 2566 iam
1055 2518 1275 2567 subnata
1310 2524 1420 2565 erat
1457 2533 1578 2565 con-

78 2594 282 2644 firmata
318 2603 410 2656 est,
447 2613 478 2644 a
504 2595 562 2644 L.
585 2595 860 2662 Schopeno
893 2596 1095 2662 aliquot
1130 2596 1411 2660 scripturas
1443 2595 1579 2644 inter

77 2673 526 2723 transcribendum
548 2674 810 2740 neglectas
847 2693 986 2726 esse:
1028 2693 1207 2725 rursus
1244 2674 1386 2724 haud
1412 2691 1579 2739 pauca

78 2753 236 2802 etiam
255 2752 520 2803 Millerum
560 2755 826 2820 fugerunt.
882 2763 1022 2805 certe
1058 2754 1305 2820 equidem
1342 2753 1484 2816 olim,
1523 2762 1578 2802 ut

77 2849 143 2881 ne
182 2832 307 2898 quid
343 2834 830 2899 praetermitterem,
873 2834 966 2898 bis,
1011 2833 1272 2883 interdum
1313 2833 1446 2884 adeo
1498 2843 1578 2882 ter
