1794 3132
513 211 568 246 m
594 211 885 246 ALEXIADEM
912 213 1075 247 NOTAE
1450 209 1532 251 471

53 325 165 369 idem
194 325 369 369 Hicetas
407 324 453 368 in
482 325 616 368 Isaac.
645 325 720 368 lib.
738 326 779 368 3.
809 339 898 382 cap.
920 328 959 370 5.
991 327 1041 370 de
1073 328 1288 373 Theodoro
1320 330 1536 375 033131110-

53 383 144 426 nita
170 382 368 434 scribens,
400 381 468 424 001
495 394 634 424 1010111
664 395 873 426 summam
910 384 1095 427 Isaacius
1134 386 1367 441 Imperator
1404 388 1536 431 tradi-

52 439 195 482 derat:
226 429 282 494 ἧν
310 437 349 481 δ’
380 427 512 489 οὗτος
540 438 648 492 περὶ
677 436 948 494 πραγμάτων
977 439 1216 498 ἐγχείρησιν
1246 443 1315 485 καὶ
1349 441 1536 497 μάλιστα

50 495 156 551 περὶ
182 498 262 546 τὰς
280 493 496 552 δημοσίας
523 492 821 552 συνεισφοράς
856 493 1122 550 δεξιώτατος
1174 499 1245 541 καὶ
1283 496 1424 555 λόγων
1460 516 1535 543 σο-

92 550 274 606 ωτέρων
285 551 484 606 μέτοχος,
516 545 567 594 ὃν
594 551 669 594 καὶ
687 552 958 609 Λογοθέτην
977 556 1067 596 τῶν
1085 555 1311 609 Σεκρέτων
1341 557 1536 610 προβαλ-

88 604 246 663 ’μενος,
278 610 358 653 010.
413 609 475 652 Ex
504 608 656 663 quibus
682 609 858 653 Nicetae
888 611 1024 654 verbis
1060 612 1162 654 data
1191 613 1360 655 videtur
1389 613 1536 657 Casta—

48 666 235 709 monitae
276 665 464 720 dignitas
508 665 767 720 Logothetae
812 666 1075 710 Secretorum
1116 670 1283 723 propter
1337 683 1458 712 usum
1494 670 1534 713 et

49 722 346 777 experientiam
374 722 420 764 in
448 735 493 765 re
523 722 686 765 aeraria
716 736 788 766 seu
811 724 1024 778 vectigali.
1086 725 1141 767 Et
1174 739 1272 768 sane
1301 726 1441 769 studio
1463 726 1534 769 isti

49 792 216 834 operam
245 779 496 834 impendisse
531 791 627 822 mox
658 780 812 834 prodit,
852 792 947 822 cum
984 781 1046 823 ait
1085 781 1398 825 Castamonitae
1437 796 1535 826 con-

48 835 219 879 00331330
245 835 455 880 1333010111
501 835 746 879 facultatem
792 836 927 879 literis
971 838 1169 892 puniceis,
1216 852 1393 893 quarum
1435 852 1535 882 usus

47 892 177 936 solius
202 892 390 948 Augusti
418 893 521 944 erat,
562 888 950 947 ὑποσημαίνεσθαι
986 891 1091 945 τοὺς
1118 892 1283 948 τόμοι-ς
1311 894 1535 950 δημοσίων

47 945 203 1004 λόγων,
234 948 279 992 id
308 949 384 1001 aet,
415 949 705 992 subscribendi
743 950 907 993 libellos
949 951 1211 1005 publicarum
1250 952 1533 1002 exactionum3

47 1001 261 1063 δημόσιον
299 1006 412 1049 enim
457 1008 520 1049 ost
563 1006 761 1060 vectigal,
804 1007 915 1061 quod
960 1008 1102 1050 Latini
1139 1008 1362 1051 Publicum
1406 1009 1534 1064 vulgo

48 1063 213 1106 vocant.
273 1062 410 1106 Gloss.
437 1061 674 1106 Graeculat.
715 1062 929 1119 δημόσιον
965 1060 1185 1116 τελώνιον,
1227 1064 1532 1108 Publicarium.

47 1114 336 1176 δημοσιώνης,
361 1118 637 1163 Publicanus.
697 1119 944 1164 Tribunalia
977 1134 1074 1164 vero
1103 1122 1147 1163 in
1180 1122 1333 1176 quibus
1359 1122 1457 1165 lites
1484 1121 1534 1165 de

45 1176 218 1220 tributis
246 1178 289 1220 et
318 1176 596 1231 vectigalibus
640 1177 682 1219 et
710 1177 761 1220 de
803 1191 946 1222 eorum
988 1179 1258 1221 immunitate
1300 1180 1533 1233 pertracta·

48 1234 214 1285 bantur,
256 1228 505 1301 ὀημοσιακὰ
546 1231 737 1289 Σέκρετα
784 1236 982 1279 (1101111101
1025 1234 1220 1286 Cedreno,
1261 1237 1310 1277 ut
1351 1235 1416 1277 his
1460 1235 1533 1290 qui

46 1290 252 1344 praeerat,
283 1305 309 1330 ο
336 1285 685 1347 προκαθήμενος
709 1292 799 1333 τῶν
837 1293 1118 1347 δημοσιακιῦν
1147 1291 1450 1348 δικαστηρίων,
1488 1291 1532 1333 in

46 1346 226 1390 Novella
254 1346 464 1390 Manuelis
494 1346 709 1390 Comneni.
759 1349 948 1403 Denique
978 1348 1186 1404 Seylitzae
1213 1348 1259 1390 in
1273 1348 1407 1391 Leone
1422 1347 1532 1390 Phil.

44 1402 260 1458 Σέκρετον
289 1404 370 1446 τοῦ
400 1404 578 1459 γενικοῦ
606 1407 875 1461 nuncupatur
903 1405 1103 1457 tribunal,
1127 1405 1237 1460 quod
1261 1405 1357 1447 aliis
1377 1403 1533 1459 Σεκρε-

47 1475 127 1502 τον
155 1456 440 1516 δημοσιακόν.
498 1460 599 1503 Fuit
634 1461 746 1504 enim
779 1466 806 1504 I
811 1458 970 1512 ξενικὸν,
1002 1462 1137 1505 Aedes
1169 1460 1532 1516 Constantinopoli

45 1531 71 1560 a
102 1517 379 1561 Constantino
392 1517 466 1569 M„
496 1518 546 1559 ut
576 1517 729 1570 ferunt,
752 1520 954 1570 extructa,
983 1519 1260 1574 vectigalibus
1290 1519 1331 1560 et
1359 1517 1531 1561 tributis

45 1574 328 1626 recondendis,
359 1575 409 1617 ut
437 1575 562 1617 autor
591 1575 655 1617 est
676 1574 863 1619 Codinus
892 1577 937 1618 in
966 1575 1083 1631 Orig.
1113 1576 1166 1619 ab
1186 1575 1347 1617 1333010
1368 1574 1531 1629 Angelo

45 1631 213 1674 demum
245 1643 387 1674 eversa
417 1632 459 1674 et
488 1631 716 1674 destructa.
775 1633 915 1676 Huius
945 1632 1101 1675 Secreti
1122 1632 1292 1674 Praeses
1321 1629 1532 1686 Λογοθέ-

45 1703 124 1744 της
152 1684 333 1743 γενικὰς,
365 1700 437 1731 300
465 1689 546 1730 τοῦ
575 1693 747 1743 γενικοῦ
775 1690 931 1733 (1101101
960 1689 1093 1732 eidem
1125 1687 1295 1739 Codin0,
1326 1687 1531 1730 Constan-

45 1744 135 1787 tino
163 1745 209 1789 in
235 1744 411 1797 Basilio,
443 1743 654 1800 Gregorae
681 1745 756 1788 lib.
774 1747 811 1790 7.
841 1748 883 1790 et
912 1746 1020 1788 aliis.
1066 1745 1325 1799 Nicephorus
1345 1743 1426 1787 ΟΡ.
1457 1742 1531 1785 καὶ

42 1802 134 1844 τῶν
163 1799 389 1857 δημοσίων
417 1796 573 1858 φόρων
602 1799 816 1860 λογιστὴν,
861 1797 911 1846 ὃν
938 1801 1207 1856 Λογοθέτην
1238 1796 1407 1855 γενικὸν
1434 1793 1528 1842 οἶδε

43 1857 192 1900 καλεῖν
219 1854 245 1916 ἦ
277 1854 500 1916 συνήθεια.
561 1859 779 1902 Interdum
808 1859 1055 1914 simpliciter
1084 1853 1263 1907 Ιενικός
1290 1857 1401 1911 apud
1433 1856 1529 1899 Sui-

43 1915 141 1958 dam
169 1915 216 1957 in
237 1914 479 1966 Anastasio,
501 1914 725 1970 Soylitzem
754 1917 798 1958 in
815 1915 945 1960 Basil.
962 1915 1125 1958 Maced.
1141 1915 1318 1957 Leonem
1335 1913 1443 1956 Nov.
1460 1913 1527 1955 44.

44 1973 122 2014 010.
180 1971 283 2015 Inde
318 1970 615 2026 Loyothesium
652 1971 860 2016 Generale
898 1971 1009 2026 apud
1047 1971 1168 2013 Paul.
1209 1970 1326 2013 Diae.
1364 1969 1437 2011 lib.
1463 1969 1527 2010 19.

44 2028 158 2071 Hist.
188 2028 308 2071 Mise.
349 2028 428 2071 Est
455 2028 591 2083 igitur
609 2029 845 2084 Logotheta
874 2030 950 2071 τοῦ
972 2028 1164 2078 Ιίνικοῦ,
1197 2027 1269 2081 qui
1298 2025 1530 2080 promiscue

44 2084 327 2140 Scriptoribus
365 2083 634 2140 Λογοθέτης
681 2086 771 2128 τῶν
812 2084 1038 2140 Σεκρέτων
1082 2084 1328 2138 appellatur,
1384 2093 1529 2135 nempe

43 2141 268 2184 subaudita
298 2154 398 2186 voce
425 2141 718 2198 δημοσιακιῦν,
750 2144 923 2197 eratque
951 2142 1196 2196 praecipuus
1228 2139 1351 2181 istius
1377 2138 1529 2180 Tribu-

45 2198 154 2242 nalis
181 2198 324 2242 Iudex.
394 2199 508 2241 Hinc
537 2200 711 2242 Nicetas
741 2199 966 2242 Choniates
1024 2198 1066 2240 in
1112 2198 1314 2240 librorum
1357 2207 1526 2237 suorum

44 2255 283 2311 Epigraphe
328 2255 484 2298 dicitur
514 2257 664 2299 obiisse
694 2256 879 2299 officium
910 2256 987 2297 τοῦ
1020 2250 1230 2309 aleydam)
1258 2249 1526 2306 Λογοθὲτου

42 2311 136 2354 τῶν
163 2311 392 2367 Σεκρέτων
422 2311 495 2354 καὶ
525 2311 600 2355 ἐπὶ
629 2312 817 2368 κρίσεων
846 2312 924 2354 τοῦ
960 2310 1152 2353 [levanni.

173 2364 403 2426 Ῥαδηνός]
450 2369 719 2413 Radenorum
749 2369 927 2412 illustris
956 2368 1039 2410 fuit
1070 2363 1431 2418 Constantinopoli
1462 2363 1571 2407 fa-A

42 2425 176 2481 milia,
219 2426 269 2468 ut
296 2428 421 2470 autor
460 2427 523 2469 oet
551 2426 752 2482 Scylitzes
789 2438 884 2480 pag.
911 2426 1005 2467 723.
1044 2426 1085 2467 et
1123 2423 1294 2466 Nicetes
1332 2421 1376 2463 in
1405 2420 1524 2462 Alex.

42 2482 155 2537 Aug.
184 2482 257 2526 lib.
278 2483 318 2525 3.
350 2482 405 2525 N.
429 2484 464 2526 1.
512 2484 562 2526 V.
590 2484 752 2526 Notata
782 2482 836 2525 ad
867 2494 961 2536 pag.
984 2483 1051 2523 64.

176 2533 245 2590 Ἐς
262 2535 342 2581 τὶν
360 2544 440 2582 τοῦ
459 2539 770 2594 Περιβλέπτοι·
790 2535 955 2596 μονήν]
990 2535 1291 2579 Monasterium
1320 2532 1525 2586 Deiparae
1537 2540 1569 2574 A

42 2607 220 2647 sacrum,
251 2609 277 2639 a
302 2568 495 2651 1101113110
522 2598 690 2652 Argyro
722 2597 826 2649 Imp.
857 2595 1105 2643 extructum,
1137 2593 1185 2633 ut
1215 2591 1371 2633 habent
1391 2588 1524 2631 Zona-

42 2664 123 2703 133,
153 2652 367 2708 Scylitzes‚
399 2652 552 2710 Glycas
577 2656 618 2696 et
648 2653 873 2703 Manasses‚
907 2652 1023 2694 cuius
1053 2650 1155 2692 haec
1179 2650 1296 2712 sunt:

237 2703 318 2761 Ὃς
335 2705 447 2766 ἄγαν
474 2710 829 2765 μεγαλοπρεπῶς
855 2709 909 2766 τῇ
941 2702 1148 2761 &somme
1178 2719 1287 2761 κορῃ

241 2761 569 2823 ’Λνεδομήσαῑο
591 2763 758 2823 ΠΙονὴν,
780 2756 808 2824 ᾗ
828 2763 1137 2819 Περίβλεπτος
1156 2759 1320 2815 κλῆσις.

43 2822 113 2867 Ad
149 2823 386 2868 maritimos
414 2825 540 2870 Urbis
573 2836 715 2867 muros
752 2821 936 2867 extitisse
971 2819 1131 2863 indicat
1168 2818 1331 2874 praeter
1356 2816 1523 2859 Annam
