1812 3184
254 234 308 279 60
770 238 936 273 ANNAE
969 232 1237 270 COMNENAE

257 361 326 407 “el
356 358 557 417 πόλεμον
584 355 687 402 τότε
722 357 863 414 ζητῶν
894 347 974 407 οὐχ
1017 341 1161 407 εὗρες,
1206 346 1398 404 πάρεστι’
1437 362 1511 390 σοι
1541 344 1695 401 καιρός
1726 341 1750 389 ὃ

257 431 437 476 πολλῶν
468 445 518 474 σε
550 425 761 482 πολέμων
792 418 1049 480 ἐιιπλήσων·
1087 418 1403 474 παρεγγυῶμαι
1434 414 1483 459 δέ
1510 429 1603 468 σοι,
1640 409 1752 474 μήτε

257 497 373 557 πρὸς
417 493 624 579 οὐραγίαν
668 490 778 553 μήτε
832 486 948 547 πρὸς
1005 487 1210 544 λοχαγίαν
1248 485 1468 529 ι’στασθαι
1512 480 1753 542 φάλαγγος,

257 565 367 613 αλλὰ
396 564 448 611 τὸ
480 565 616 623 μέσον
649 561 764 617 ἔχειν
807 562 896 603 τῶν
943 555 1224 614 ἶμιλοχιτῶν·
1271 549 1520 614 ἐπιστήμην
1560 568 1642 610 γαρ
1679 554 1757 610 τῆς

259 634 482 717 μεθόδου
502 636 592 678 τῶν
632 630 844 686 πολέμων
882 628 972 671 τῶν
1008 622 1218 681 Τοὺρκων
1257 623 1302 666 ἐκ
1345 623 1518 679 μακροῦ
1551 618 1754 679 ε’σχηκα”.
1770 629 1793 665 5

261 700 341 750 οὐκ
362 698 482 761 αὗτῷ
503 703 551 746 δὲ
573 697 697 757 μόνω
719 700 862 741 ταῦτα
884 690 1216 750 συνεβούλευεν,
1250 690 1361 736 ἀλλὰ
1390 691 1464 734 καὶ
1483 692 1582 742 τοῖς
1603 683 1759 741 ἄλλοις

260 776 399 818 πᾶσιν
442 767 592 815 ὁπόσα
642 764 819 818 τούτοις
872 759 1157 823 συναντήσειν
1209 759 1390 817 ἔμελλεν
1433 754 1759 816 ἀπερχομένοις

259 838 371 885 κατὰ
400 837 479 898 τὴν
509 834 615 883 ὁδὸν
639 834 878 918 προλέγων
915 847 1112 888 παρηγγι
1116 830 1197 873 ἇτο
1243 829 1303 889 μὴ
1334 823 1538 884 ακρατῶς
1566 824 1756 880 διώκειν,

261 907 452 967 ὁπηνίκα
490 924 569 966 την
607 904 727 962 νίκην
768 896 923 954 αὗτοῖς
961 916 1072 943 κατα
1101 901 1190 942 τῶν
1232 893 1469 955 βαρβάρων
1499 895 1599 954 δοίη
1630 891 1756 948 θεός,

258 979 331 1022 ι’να
359 995 420 1037 μη
451 978 548 1027 τοῖς
577 969 854 1029 ἐνεδρεύουσι
880 971 1086 1026 λοχαγοῖς
1107 966 1462 1023 περιπίπτοντες
1481 960 1758 1021 αναιρῶνται.
1774 973 1812 1010 10

215 1057 250 1094 D
377 1047 443 1090 11.
502 1039 640 1086 Ἀλλα
663 1043 805 1084 ταῦτα
824 1039 904 1096 μὲν
924 1035 978 1081 τὰ
1007 1034 1119 1080 κατὰ
1148 1033 1226 1079 τόν
1247 1040 1286 1078 Ι
1283 1034 1476 1094 οντοφρέ
1506 1034 1579 1078 καὶ
1605 1030 1761 1077 Ῥαουλ

261 1114 334 1158 καὶ
362 1110 468 1165 τούς
505 1106 666 1163 αλλους
695 1107 801 1162 τοὺς
837 1105 1167 1163 συνεπομένους
1204 1099 1461 1156 aniz-0190
1493 1102 1542 1147 δέ
1571 1119 1619 1158 γε
1652 1104 1761 1146 Βαϊ-

259 1185 451 1240 μοῦντος
480 1197 593 1237 μετα
621 1181 710 1222 τῶν
740 1171 886 1221 αλλων
927 1171 1136 1235 κομὴτων
1181 1168 1441 1253 καταλαβων
1481 1169 1562 1216 τόν
1577 1165 1762 1228 ’Ἀπρον

260 1251 334 1295 καὶ
364 1247 464 1310 μήτ’
496 1249 545 1303 ἐξ
573 1247 759 1305 εὐγενῶν
789 1262 932 1305 φυντα
963 1240 1120 1287 ἑαυτὸν
1155 1238 1461 1300 ἐπιγινώσκων
1490 1257 1602 1301 μητε
1634 1236 1763 1284 δυνά-

260 1336 359 1376 μεις
389 1315 558 1369 πολλὰς
588 1315 945 1372 συνεπαγόμενος
982 1313 1035 1356 δι’
1067 1329 1119 1373 ην
1147 1306 1238 1366 εἶχε
1277 1307 1440 1355 σπάνιν
1478 1312 1568 1354 τῶν
1596 1305 1764 1367 χρημά-
1779 1321 1812 1356 ιε

261 1404 363 1442 των,
382 1384 460 1447 τὴν
475 1388 555 1429 τοῦ
571 1380 900 1440 αὐτοκράτορος
915 1378 1191 1438 βουλόμενος
1208 1376 1556 1425 ἐπισπάσασθαι
1573 1372 1760 1432 851101001,

262 1453 353 1513 α’μα
383 1456 432 1500 δε
464 1471 537 1498 και
567 1449 845 1511 συγκαλύψαι
866 1467 923 1495 τα
945 1450 1037 1493 κατ’
1059 1444 1197 1493 αυτόν
1217 1449 1402 1503 ἐθέλων,
1434 1446 1547 1507 μετὰ
1566 1447 1671 1492 δέκα
1691 1446 1764 1490 καὶ

262 1521 413 1581 μόνων
443 1524 627 1567 Κελτῶν
657 1516 950 1578 προεξελθων
995 1520 1084 1562 τῶν
1129 1511 1275 1562 αλλων
1314 1514 1521 1575 κομήτων
1569 1514 1763 1561 ἔσπευσε

262 1594 526 1649 καταλαβεῖν
566 1589 645 1652 τὴν
686 1585 1021 1647 βασιλεύουσαν.
1098 1584 1121 1631 ὁ
1168 1587 1216 1632 δὲ
1253 1584 1462 1643 βασιλευς
1505 1582 1585 1638 τὰς
1627 1580 1765 1629 αὐτοῦ

262 1659 456 1720 μηχανὰς
484 1657 710 1718 γινώσκων
740 1658 813 1702 καὶ
847 1675 900 1702 το
940 1654 1140 1701 ὕπουλον
1177 1656 1250 1700 καὶ
1290 1652 1592 1712 ἐνεδρευτικὸν
1621 1649 1763 1698 αὐτοῦ
1777 1667 1812 1703 2(

263 1722 381 1810 ηθος
421 1730 468 1774 ἐκ
509 1730 681 1786 μακροῦ
719 1723 1015 1782 ἐπιστάμενος
1056 1724 1250 1769 ἔσπευσε
1294 1722 1386 1782 πρὸ
1426 1727 1508 1769 τοῦ
1551 1723 1627 1767 καὶ
1661 1720 1767 1776 τοὺς

113 1815 153 1851 P
180 1815 251 1850 302
263 1794 424 1852 αλλους
463 1799 728 1853 καταλαβεῖν
767 1793 964 1854 κόμητας
1009 1791 1218 1855 ομιλῆσαί
1261 1811 1310 1838 τε
1355 1794 1429 1838 καὶ
1458 1788 1648 1838 ακοῢσαι
1676 1794 1767 1837 τῶν

263 1868 370 1925 παρ’
401 1863 538 1912 αὐτοῦ
567 1865 815 1924 λεγομένων
835 1865 908 1908 καὶ
940 1867 1094 1908 πεῖσαι
1134 1861 1224 1921 πρὸ
1258 1865 1337 1924 τῆς
1367 1862 1549 1907 ἐκείνων
1569 1856 1768 1922 αφίξεως

401 1991 434 2025 3.
460 1990 670 2048 λογχαγίαν
690 1987 733 2024 G.
895 1988 928 2022 5.
957 1988 1137 2035 πολέμων
1160 1986 1235 2022 τῶν
1259 1985 1302 2032 F,
1328 1996 1400 2021 om.
1429 1984 1501 2043 CG,
1526 1983 1601 2020 τῶν
1626 1994 1698 2019 om.
1726 1981 1766 2018 P.

400 2039 433 2073 7.
458 2035 574 2073 ἅπασι
606 2037 649 2072 A.
861 2037 895 2071 9.
922 2036 995 2071 τῶν
1023 2047 1096 2071 om.
1122 2034 1165 2071 G.
1375 2035 1432 2069 10.
1458 2030 1693 2091 ιἰιαιροῦνται
1722 2031 1767 2067 A.

402 2089 459 2122 13.
477 2081 634 2134 ’Ἁπρων
659 2085 736 2121 FG.
887 2086 942 2120 14.
971 2082 1057 2133 ¹11711’
1083 2085 1128 2130 A,
1152 2080 1246 2132 μήτε
1272 2083 1313 2119 Ρ.
1447 2083 1504 2118 17.
1529 2080 1590 2128 τὰ]
1619 2079 1700 2120 τοὺς
1722 2080 1767 2116 Α.

264 2198 378 2234 tunc”
419 2197 542 2243 inquit
580 2197 744 2242 “bellum
775 2208 959 2242 quaerens
993 2207 1069 2231 non
1101 2195 1293 2240 invenisti,
1323 2198 1473 2241 tempus
1503 2192 1678 2228 imminet
1710 2195 1769 2228 sat

265 2246 454 2283 bellorum
479 2246 821 2302 suppeditaturum.
863 2246 936 2281 tibi
960 2256 1051 2280 vero
1078 2243 1230 2289 suadeo,
1254 2255 1302 2279 ne
1328 2246 1395 2278 aut
1418 2244 1459 2279 in
1485 2245 1679 2288 postrema
1701 2244 1768 2277 aut

265 2297 305 2331 in
331 2295 455 2352 prima
481 2296 560 2331 acie
586 2298 624 2331 te
649 2295 817 2339 colloces,
844 2294 911 2330 sed
928 2293 1093 2329 medium
1119 2292 1452 2328 hemilochitarum
1475 2291 1602 2327 locum
1627 2293 1768 2326 teneas.

265 2345 355 2380 novi
384 2345 483 2379 enim
510 2343 652 2379 iamdiu
678 2343 889 2378 Turcarum
921 2354 1063 2378 morem
1090 2341 1269 2378 bellandi.
1274 2342 1295 2360 ”
1345 2353 1416 2377 nec
1440 2340 1541 2375 hunc
1567 2339 1691 2376 solum
1714 2339 1769 2374 ita

266 2393 425 2434 monuit,
453 2392 520 2429 sed
540 2392 694 2438 reliquis
712 2392 898 2434 omnibus,
927 2402 1186 2438 quaecumque
1203 2390 1242 2425 in
1267 2390 1404 2425 itinere
1423 2392 1607 2425 eventura
1632 2391 1768 2433 essent,

266 2441 459 2487 praedixit
493 2441 663 2482 suadens,
689 2440 841 2486 quando
875 2419 936 2475 dei
971 2443 1068 2476 nutu
1101 2439 1286 2475 baxbaros
1312 2439 1503 2484 vicissent,
1534 2449 1582 2473 ne
1615 2436 1778 2473 effusius*

268 2501 334 2525 eos
361 2490 553 2535 sequendo
578 2490 624 2525 in
642 2488 800 2524 insidias
825 2489 1037 2526 inciderent
1061 2488 1318 2535 perirentque.

406 2540 461 2573 11.
512 2538 584 2574 Sed
610 2538 703 2575 haec
730 2537 777 2573 de
792 2537 1014 2582 Gotofredo,
1039 2536 1159 2572 Raule
1184 2537 1399 2582 ceterisque
1424 2547 1488 2571 eos
1513 2533 1768 2581 sequentibus.

266 2585 507 2622 Boemundus
532 2588 659 2622 autem
686 2598 770 2622 cum
797 2586 881 2622 aliis
906 2585 1108 2622 comitibus
1128 2597 1213 2622 cum
1228 2586 1373 2632 Aprum
1391 2584 1639 2631 pervenisset,
1666 2581 1770 2629 quod

267 2646 389 2681 neque
416 2647 438 2670 a
462 2635 654 2671 nobilibus
681 2647 720 2671 se
744 2634 948 2671 oriundum
976 2635 1091 2671 sciret
1115 2646 1184 2671 nec
1209 2638 1370 2680 propter
1394 2633 1576 2679 pecuniae
1600 2632 1770 2678 inopiam

267 2694 447 2730 magnum
480 2684 688 2720 exercitum
727 2683 895 2730 haberet,
934 2686 977 2719 ut
1017 2686 1055 2718 et
1089 2683 1331 2729 imperatoris
1368 2682 1440 2718 sibi
1478 2681 1646 2718 favorem
1684 2692 1771 2717 con-

267 2732 415 2767 ciliaret
452 2734 492 2767 et
523 2744 591 2767 sua
628 2732 783 2768 consilia
808 2732 1032 2777 occultaret,
1065 2744 1150 2768 cum
1185 2732 1316 2768 decem
1348 2731 1462 2767 modo
1488 2729 1607 2766 Gallis
1632 2729 1770 2766 ceteris

268 2781 470 2816 comitibus
497 2792 746 2826 praecurrens
771 2781 992 2827 propeiavit
1019 2780 1387 2827 Constantinopolin.
1415 2780 1637 2826 imperator,
1667 2777 1770 2824 quod

267 2828 342 2866 viri
370 2828 563 2865 machinas
602 2827 847 2875 fallacemque
890 2829 971 2864 eius
1014 2832 1052 2864 et
1085 2828 1303 2865 insidiosam
1340 2831 1516 2865 naturam
1550 2827 1617 2863 diu
1644 2829 1770 2873 norat,

268 2878 491 2927 priusquam
518 2879 637 2914 ceteri
661 2879 820 2914 comites
851 2877 1038 2925 adessent,
1066 2878 1270 2914 convenire
1302 2889 1388 2915 eum
1414 2877 1536 2915 voluit
1561 2879 1599 2914 et
1623 2876 1769 2923 audire,
