1768 3152
483 276 492 278 s
552 261 815 323 Anmmms
846 286 942 322 Lm.
972 284 1016 322 x.
1049 284 1087 322 9.
1510 274 1565 320 47

69 402 274 460 ταλαβιδν
309 401 391 462 τήν
428 400 730 461 μεγαλόπολιν
766 403 872 459 περὶ
911 400 966 446 τὰ
1005 402 1116 461 μέρη
1146 405 1223 462 τῆς
1254 403 1570 459 Προποντίδος

8 518 9 521 ¹
67 473 361 531 κατατίθησιν
397 466 534 516 αὗτοῦ
574 470 626 515 τὸ
665 469 928 528 στράτευμα,
967 473 1119 530 διῆκον
1159 468 1252 514 ἀπὸ
1283 475 1365 529 τῆς
1395 470 1569 529 ἔγγιστα

69 544 149 587 τοῦ
182 542 432 599 Κοσμιδιόυ
475 541 752 599 διακειμένης
792 538 987 600 γεφύρας
1031 541 1157 597 μέχρι
1206 541 1279 584 καὶ
1323 535 1459 584 αὔτοῦ
1489 543 1569 583 τοῦ

67 609 192 669 ἇγίου
211 614 359 655 Φωκᾶ.
399 610 812 667 παρακελευομένου
839 610 888 653 δὲ
905 604 1024 668 αὐτῷ
1050 612 1130 653 τοῦ
1151 609 1370 665 βασιλέως
1393 607 1472 652 τὸν
1491 612 1571 666 τῆς

36 680 388 737 5Προποντίδος
411 676 678 735 διαπεράσαι
699 678 916 735 πορθμόν
947 675 1115 735 ἡμέραν
1138 678 1187 733 ἐξ
1208 674 1371 738 ἡμέρας
1391 675 1572 734 ὑπερτι-

73 750 266 805 θέμενος
281 748 354 792 καὶ
373 746 518 792 αἰτίαν
537 746 658 806 αἰτίᾳ
679 746 892 803 συνείρων
921 741 1203 802 ἀνεβάλλετο·
1235 744 1287 790 τὸ
1308 747 1357 790 δὲ
1375 749 1478 804 πᾶν,
1494 744 1573 805 τὴν

71 820 157 861 τοῦ
188 814 470 873 Βαῖμούντου
500 817 572 860 καὶ
602 819 692 859 τῶν
722 817 896 859 λοιπῶν
931 812 1138 871 κομίτων
1172 810 1379 872 ἆνέμενεν
1408 809 1570 874 ἄφιξιν.

72 886 145 930 καὶ
173 883 253 943 γὰρ
284 884 309 929 ὁ
337 885 419 941 μὲν
449 885 625 941 Πέτρος
654 884 704 940 ἐξ
729 879 864 944 α’ὗτῆς
901 878 1036 943 ἀρχῆς
1067 883 1131 937 εἷς
1161 881 1461 942 προσκύνησιν
1492 887 1571 927 τοῖ·
1585 890 1623 926 Ρ.
1652 892 1723 927 294

71 955 197 1012 ἁγίου
227 951 374 1014 τάφου
404 951 488 1012 τήν
517 951 737 1011 τοσαύτην
765 951 1031 1010 ὁδοιπορίαν
1068 949 1316 1008 ἀνεδέξατο,
1355 950 1396 996 οἱ
1436 953 1485 997 δέ
1525 970 1571 1010 γε

2 1020 61 1070 ³10
73 1023 228 1067 λοιποὶ
257 1019 448 1080 κόμητες
476 1022 549 1066 καὶ
579 1018 752 1065 τούτων
780 1022 950 1077 μᾶλλον
991 1020 1014 1064 ὁ
1062 1023 1339 1077 Βαϊμοῦντος
1382 1018 1574 1065 παλαιὰν

72 1093 206 1150 μῆνιν
234 1089 346 1135 κατὰ
372 1093 452 1134 τοῦ
483 1085 813 1147 αὐτοκράτορος
858 1089 1099 1149 τρέφοντες
1137 1090 1209 1134 καὶ
1244 1084 1467 1147 εὖκαιριάν
1507 1091 1574 1147 ζη-

74 1162 254 1213 τοῦντες
296 1159 534 1204 ἀντίποινα
575 1156 721 1216 τούτῳ
766 1162 1013 1214 παρασχεῖν
1060 1162 1139 1218 τῆς
1173 1160 1381 1215 λαμπρᾶς
1410 1159 1576 1215 ἐκείνης

75 1230 206 1287 νίκης,
239 1224 295 1287 ἣν
323 1222 464 1287 ἤρατο
493 1229 586 1271 κατ’
618 1223 768 1284 αι’-τοῖ’,
800 1225 941 1272 ὁπότε
972 1226 1084 1272 κατὰ
1112 1225 1196 1285 τήν
1226 1226 1463 1283 Λάρισσαν
1497 1225 1576 1270 τὸν

74 1299 171 1355 μετ’
203 1293 339 1343 αὕτοῦ
369 1300 543 1358 συνῆψε
574 1294 789 1353 πόλεμον,
831 1294 1281 1357 ὁμογνωμονὴσαντες
1325 1297 1398 1340 καὶ
1441 1291 1576 1353 αὐτὴν

18 1387 63 1420 15
76 1364 155 1424 τὴν
197 1363 499 1424 μεγαλόπολιν
541 1369 776 1420 κατασχεῖν
823 1360 1164 1422 ὀνειρώττοντες
1213 1364 1277 1418 εἷς
1321 1363 1400 1425 τὴν
1442 1359 1576 1424 α’ἕτὴν

77 1431 369 1492 ἐληλύθεισαν
397 1431 573 1492 γνώμην
602 1433 696 1491 (καὶ
734 1431 896 1478 τούτου
936 1430 1152 1486 πολλάκις
1192 1430 1577 1491 ἐμνημονεύσαμεν

76 1497 289 1556 ὄῖνωθεν),
316 1505 380 1562 τῷ
406 1502 487 1559 μὲν
517 1502 772 1561 φαινομένῳ
804 1499 882 1561 τὴν
913 1500 1030 1557 πρὸς
1055 1500 1110 1545 τὰ
1134 1500 1420 1559 Ἱεροσόλυμα
1458 1499 1618 1545 ‹idol-B

78 1572 242 1629 ποριάν
286 1569 565 1628 ποιούμενοι,
609 1575 661 1632 τῇ
707 1572 746 1615 δ’
791 1567 985 1630 ἀληθείᾳ
1029 1571 1107 1614 τὸν
1149 1565 1455 1628 αὐτοκράτορα
1499 1573 1577 1630 τῆς

77 1634 187 1696 ἅρχῐ
190 1657 213 1693 ς
241 1641 493 1696 παραλῦσαι
523 1641 596 1684 καὶ
626 1637 705 1699 τὴν
734 1637 1035 1697 μεγαλόπολιν
1065 1643 1300 1694 κατασχεῖν
1330 1639 1577 1690 ἐθέλοντες.

19 1734 68 1768 20
77 1703 171 1752 ἄλλ’
191 1706 215 1752 ὁ
227 1706 435 1765 βασιλεὺς
457 1706 510 1752 τὸ
529 1711 787 1766 πανοῦργον
802 1703 948 1752 αὐτῶν
971 1705 1111 1753 πάλαι
1140 1705 1367 1766 γινώσκων
1395 1705 1476 1760 τὰς
1492 1712 1581 1751 τῶν

80 1776 276 1821 ἐθνικῶν
304 1776 513 1834 δυνάμεις
542 1775 623 1821 σὺν
659 1771 813 1830 αὐτοῖς
841 1774 1024 1837 ἡγεμόσι
1063 1776 1135 1821 διὰ
1172 1779 1355 1836 γραφῶν
1395 1792 1580 1831 παρεκε-

83 1843 272 1890 λεύσατο
303 1840 397 1889 oin&
428 1849 510 1890 τοῦ
540 1841 720 1902 Ἀθῦρα
747 1847 900 1902 μέχρις
931 1841 1071 1890 αὐτοῦ
1106 1845 1244 1889 Ψιλέα
1272 1843 1425 1889 ἰλαδὸν
1450 1861 1581 1888 κατα-

217 2008 251 2043 4.
275 2004 387 2043 αὐτοῦ
399 2007 442 2043 G.
540 2008 574 2043 7.
601 2003 845 2055 Βαιμοὺνδου
857 2006 966 2048 ACG‚
983 2007 1036 2043 sic
1056 2017 1210 2052 semper.
1309 2006 1342 2040 9.
1369 2005 1519 2044 ἐδέξατο
1535 2004 1577 2040 G.

218 2058 273 2091 11.
298 2053 470 2102 ἀκαιρίαν
494 2055 538 2091 G.
677 2057 734 2092 22.
759 2059 894 2103 μέχρις
918 2056 964 2100 F,
988 2058 1104 2103 μέχρι
1129 2054 1173 2090 P.

81 2208 251 2245 confecto
266 2209 314 2245 ad
327 2209 680 2255 Constantinopolin
702 2213 925 2256 pervenerat
949 2211 1150 2256 copiasque
1175 2209 1223 2245 ad
1236 2208 1506 2256 Propontidem
1527 2209 1582 2246 ita

81 2258 288 2302 collocavit,
314 2262 358 2293 ut
385 2270 406 2293 a
432 2263 548 2304 ponte
572 2270 691 2304 prope
720 2259 950 2294 Cosmidium
976 2260 1048 2294 sito
1075 2270 1193 2305 usque
1215 2258 1263 2294 ad
1288 2261 1459 2294 sanctum
1485 2257 1580 2294 Pho-

81 2318 164 2343 cam
189 2307 493 2344 extenderentur.
545 2308 711 2343 instante
740 2311 864 2343 autem
892 2309 1131 2353 imperatore,
1169 2309 1213 2342 ut
1238 2307 1482 2353 Propontidis
1507 2306 1580 2342 fre-

82 2360 163 2390 tum
191 2356 384 2400 transiret,
421 2356 521 2391 diem
554 2367 599 2391 ex
638 2356 701 2391 die
726 2356 865 2392 ducens
888 2368 1089 2402 causasque
1128 2353 1219 2391 alias
1257 2367 1302 2390 ex
1331 2356 1415 2390 aliis
1451 2359 1580 2391 texens

82 2415 206 2439 moras
234 2405 431 2440 nectebat:
457 2416 592 2451 nempe
613 2405 866 2440 Boemundum
886 2409 1105 2451 ceterosque
1127 2405 1282 2440 comites
1299 2404 1579 2450 opperiebatur.

82 2464 244 2498 namque
279 2464 364 2489 cum
407 2454 495 2489 inde
529 2454 576 2488 ab
603 2454 717 2489 initio
742 2454 876 2489 Petrus
900 2453 948 2488 ud
973 2455 1093 2489 sancti
1133 2453 1295 2499 sepulcri
1319 2452 1580 2488 adorationem

82 2504 232 2536 tantum
257 2501 332 2536 iter
357 2503 589 2547 suscepisset,
620 2503 757 2548 reliqui
791 2506 917 2538 tamen
942 2503 1108 2538 comites,
1132 2502 1307 2547 inprimis
1334 2501 1581 2546 Boemundus‚

83 2550 133 2585 ob
155 2553 263 2585 vetus
287 2551 327 2585 in
360 2551 627 2597 imperatorem
666 2551 795 2586 odium
829 2552 1061 2586 occasionem
1096 2554 1317 2595 quaerentes
1349 2549 1582 2585 ulciscendae

84 2598 300 2644 praeclarae
325 2598 427 2635 illius
451 2600 646 2644 victoriae,
672 2612 785 2646 quam
811 2599 858 2635 ad
884 2599 1070 2634 Larissam
1100 2600 1131 2634 is
1157 2598 1202 2633 de
1222 2598 1439 2633 Boemundo
1456 2610 1582 2643 repor-

83 2650 243 2692 taverat,
281 2648 591 2693 conspiraverant
624 2649 725 2683 inter
763 2660 801 2684 se
843 2652 955 2694 atque
991 2648 1113 2694 ipsam
1143 2647 1493 2692 Constantinopolin
1524 2658 1581 2681 oc·

84 2699 286 2741 cupaturos
310 2707 348 2731 se
386 2697 615 2732 somniantes
653 2698 693 2732 in
723 2697 879 2732 eandem
905 2700 1155 2732 convenerant
1195 2695 1439 2739 sententiam3
1477 2696 1582 2730 cuius

84 2745 141 2779 rei
165 2755 280 2789 supra
304 2755 415 2791 saepe
445 2747 671 2780 mentionem
712 2745 878 2781 fecimus.
930 2757 1017 2779 nam
1050 2745 1172 2790 specie
1212 2743 1365 2790 quidem
1407 2744 1584 2779 adversus

85 2792 344 2838 Hierosolyma
380 2793 660 2839 proficiscentes
698 2806 739 2829 re
764 2806 854 2829 vera
879 2794 1145 2839 imperatorem
1182 2804 1302 2838 regno
1341 2793 1490 2837 privare
1521 2803 1582 2827 re-

85 2841 262 2887 giamque
285 2842 417 2877 urbem
459 2854 592 2887 capere
633 2842 846 2879 studebant.
909 2842 974 2877 sed
1014 2842 1221 2887 imperator
1254 2841 1420 2876 versutia
1454 2852 1583 2876 eorum

86 2892 284 2935 perspecta
335 2890 571 2926 ethnicorum
624 2892 751 2936 copias
802 2902 888 2927 cum
931 2891 1023 2936 ipsis
1079 2890 1239 2925 ducibus
1296 2889 1395 2925 datis
1444 2889 1583 2924 litteris

86 2939 136 2974 ab
177 2938 323 2984 Athyra
363 2950 481 2985 usque
519 2939 567 2974 ad
607 2939 788 2985 Phileam,
840 2940 908 2986 qui
949 2939 1052 2974 locus
1105 2939 1145 2973 in
1202 2938 1288 2983 ripa
1330 2937 1442 2973 Ponti
1487 2938 1581 2972 situs
