1794 3132
517 209 570 244 m
596 207 882 248 ALEXIADEM
911 212 1072 248 NOTAE
1452 208 1536 252 439

58 326 210 371 acriter
245 325 410 371 tutatus
452 326 527 379 est,
557 325 630 371 lib.
651 327 690 370 4.
723 340 812 382 cap.
834 328 899 372 11.
946 328 1103 373 Verum
1149 330 1272 375 illene
1300 331 1368 387 sit,
1412 346 1534 388 quem

59 384 183 427 Anna
221 383 263 426 et
296 382 518 427 Ordericus
561 385 807 436 memorant,
856 398 936 429 non
971 386 1126 430 temere
1151 386 1325 431 definio:
1368 389 1536 434 tametsi

59 453 181 495 quem
217 439 281 482 bis
310 440 427 483 terve
457 439 737 495 Rodulphum‚
763 442 888 485 semel
923 442 1151 485 Robertum
1182 444 1371 488 nominat
1400 445 1536 490 Mala-

57 498 183 540 terra.
241 495 449 539 Robertus
478 509 599 551 porro
629 496 775 540 Comes
805 498 1007 550 Loritelli,
1030 499 1205 542 Roberti
1228 500 1352 553 filius,
1370 501 1535 546 Willel-

56 566 172 596 mum
221 552 399 607 Apuliae
443 553 600 596 Ducem
647 554 873 598 comitatus
919 555 1087 610 legitur,
1132 569 1226 599 cum
1270 556 1352 599 An.
1387 568 1534 602 Mcxx.

57 609 279 653 Callistum
308 609 393 652 PP.
423 609 652 653 Beneventi
692 611 898 660 convenit,
945 624 1026 666 quo
1070 611 1152 664 ille,
1197 613 1397 666 praestito
1440 614 1535 658 fidei

55 665 328 717 sacramento,
362 666 415 709 ab
447 678 493 709 eo
523 665 566 708 in
598 666 767 710 Ducatu
797 667 1125 711 confirmaretur.
1188 668 1379 712 Occurrit
1407 671 1534 714 etiam

56 722 263 766 Robertus
303 722 412 766 alter
454 721 643 766 Loritelli
686 722 844 776 Comes,
881 724 1087 767 Willelmi
1125 725 1159 767 I.
1201 725 1329 780 Regis
1367 725 1535 770 Siciliae

57 778 404 833 consanguineus,
450 779 621 832 Rogerii
653 779 782 835 Regis
812 793 859 824 ex
886 780 994 823 frate
1019 794 1156 836 nepos,
1188 781 1238 824 de
1267 795 1347 836 quo
1378 795 1451 826 nos
1482 784 1534 826 ad

56 834 319 887 Cinnamum,
365 835 478 878 etin
511 835 703 879 Familiis
747 836 1056 880 Normannicis.
1127 837 1188 881 At
1230 838 1354 893 longe
1398 839 1533 891 aliter,

54 891 1535 1002 111133131188111230911111.ἕὲζῗ(331111ηὲῗὲ1911111ῑὸ36ήῦ

187 994 485 1060 Βαῖμοῦντοιῖ]
531 982 658 1049 Α’11113
695 1007 950 1061 postremum
995 1006 1178 1050 filiorum
1216 1007 1389 1050 Roberti
1426 1008 1578 1051 Boe-D

54 1061 258 1104 mundum
287 1061 403 1114 facit,
447 1061 669 1105 manifesto
713 1075 863 1115 errore,
908 1064 956 1105 ut
985 1064 1027 1106 et
1056 1063 1167 1107 infra
1196 1076 1291 1119 pag.
1316 1064 1408 1107 131.
1438 1077 1533 1107 cum

54 1118 201 1161 unic-us
231 1131 278 1161 ex
297 1117 521 1170 Alberada,
551 1119 687 1173 priore
706 1119 879 1162 Roberti
909 1132 1045 1172 uxore,
1075 1120 1286 1175 prodierit,
1318 1120 1366 1163 ut
1389 1121 1534 1164 scribit

55 1174 286 1217 Malaterra
315 1174 388 1218 lib.
412 1175 449 1218 1.
480 1188 569 1229 cap.
590 1176 659 1218 30.
690 1175 806 1219 Licet
831 1176 959 1219 etiam
988 1177 1082 1231 post
1100 1177 1328 1232 Rogerium
1360 1177 1533 1220 fratrem

53 1231 97 1273 in
129 1230 440 1286 Diplomatibus
483 1232 774 1287 subscripsisse
818 1233 979 1275 constet
1020 1246 1066 1276 ex
1095 1233 1277 1276 Baronio
1307 1232 1388 1276 An.
1420 1243 1533 1277 ch.

54 1287 106 1331 N.
131 1287 196 1330 19.
226 1299 321 1330 cum
342 1287 523 1342 Rogerio
550 1289 718 1343 propter
750 1289 955 1332 Ducalem
985 1289 1171 1341 titulum,
1205 1302 1286 1344 quo
1319 1289 1392 1332 ille
1417 1302 1533 1332 exor-

53 1345 178 1387 natus
208 1343 311 1396 erat,
342 1344 498 1399 primas
526 1345 640 1388 haud
669 1358 791 1401 aegre
822 1345 1083 1395 concederet3
1112 1346 1223 1401 quod
1248 1345 1413 1400 quidem
1443 1346 1533 1388 An-

53 1413 152 1444 nam
172 1400 214 1443 et
233 1400 416 1444 caeteros
434 1400 664 1456 Scriptores
684 1402 729 1444 in
749 1414 929 1445 errorem
949 1401 1126 1445 forsitan
1142 1402 1319 1445 induxit.
1351 1402 1533 1445 Traiecit

53 1470 149 1500 vero
179 1457 448 1500 Boemundus
476 1457 522 1500 in
548 1457 779 1513 Illyricum,
811 1459 982 1514 parente
1012 1459 1056 1501 in
1087 1458 1242 1513 Apulia
1279 1459 1531 1510 remanente,

52 1526 192 1557 mense
211 1511 325 1557 Maio
345 1513 397 1557 A.
416 1524 623 1557 MLXXXI.
666 1514 772 1558 Vide
800 1515 990 1558 eumdem
1019 1515 1168 1558 Malat.
1197 1515 1269 1558 lib.
1291 1516 1330 1557 3.
1360 1527 1447 1569 cap.
1465 1515 1530 1558 24.

52 1570 113 1612 At
141 1582 216 1613 6111·
246 1570 490 1614 Boemundo
521 1570 683 1614 Sanisci
714 1584 945 1627 cognomen
973 1571 1135 1615 tribuat
1164 1571 1289 1615 Anna
1318 1583 1413 1626 pag.
1436 1572 1529 1614 131.

52 1626 187 1670 fateor
215 1625 321 1669 mihi
351 1627 552 1670 hactenus
578 1627 895 1683 incompertum.

187 1681 414 1739 Κανίνων]
462 1679 646 1735 Κάνινα,
693 1697 864 1728 1111111610
906 1684 1204 1737 multitudinis,
1242 1682 1528 1727 Cantacuzeno
1541 1689 1739 1732 Pag.35.D

49 1739 124 1783 lib.
143 1741 182 1784 3.
213 1752 302 1794 cap.
323 1741 391 1783 33.
414 1740 524 1784 Urbs
544 1753 671 1796 supra
686 1741 892 1784 Aulonem
913 1741 1063 1796 posita,
1084 1740 1303 1784 Arianitae
1331 1739 1528 1783 Comneni

51 1795 152 1839 olim
195 1795 313 1851 regia
352 1796 463 1852 apud
498 1797 725 1840 Laonicum
763 1797 836 1841 lib.
859 1798 897 1840 5.
940 1796 1088 1841 Canna
1115 1796 1366 1839 Malaterrae
1394 1795 1466 1838 lib.
1488 1796 1528 1839 2.

54 1866 143 1907 cap.
164 1853 234 1895 23.
262 1852 303 1895 et
333 1851 558 1897 Guilielmo
587 1853 807 1908 Apuliensi
834 1854 906 1896 lib.
928 1854 967 1896 4.
997 1866 1079 1896 11011
1113 1852 1249 1903 3611161,
1283 1852 1355 1895 11111
1384 1853 1529 1906 captae

55 1923 80 1952 a
96 1909 278 1952 Roberto
296 1908 550 1953 Caninorum
581 1910 696 1954 urbis
725 1910 929 1953 meminit.
973 1909 1135 1953 Defecit
1159 1909 1233 1951 illa
1252 1908 1527 1963 postmodum,

54 1966 96 2009 61
128 1965 262 2009 denuo
291 1979 317 2008 a
345 1965 528 2010 Roberto
558 1967 808 2022 expugnata,
840 1966 1029 2009 funditus
1059 1965 1192 2009 excisa
1220 1965 1294 2015 est,
1326 1977 1373 2007 ea
1402 1964 1529 2007 ferme

50 2022 309 2077 tempoetate,
340 2035 424 2078 qua
453 2022 496 2065 in
529 2023 699 2067 Italiam
727 2023 935 2078 postremo
966 2023 1103 2065 rediit.
1148 2021 1253 2064 Vide
1283 2020 1444 2064 Notata
1473 2019 1526 2063 ad

51 2091 147 2134 pag.
169 2078 237 2121 93.
265 2078 308 2122 et
336 2079 503 2122 Leuncl.
533 2080 576 2122 in
606 2080 739 2123 Pand.
771 2080 893 2122 Turc.
926 2092 1013 2134 cap.
1037 2079 1130 2122 142.

181 2130 368 2193 Ἶεριχώ]
398 2135 640 2189 Malaterra,
662 2150 853 2191 parsque
867 2140 1038 2189 portum
1058 2134 1257 2189 applicat,
1278 2133 1349 2188 qui
1370 2132 1526 2176 Herico
1538 2138 1623 2180 pag.
1631 2137 1736 2172 36.A

51 2191 218 2235 dicitur.
277 2191 340 2235 De
369 2191 447 2235 hoc
472 2193 596 2247 portu
627 2193 750 2236 Anna
779 2205 944 2235 rursum
980 2205 1078 2247 pag.
1102 2191 1194 2234 107.

179 2243 356 2305 Ῥαούλ]
386 2248 634 2304 Radulphus
663 2249 755 2301 iste,
782 2248 957 2291 Roberti
986 2248 1180 2302 Legatus‚
1203 2258 1287 2288 una
1317 2258 1411 2288 cum
1440 2245 1567 2288 fra-C

49 2305 113 2347 tre
150 2304 195 2347 in
225 2306 364 2360 partes
395 2305 531 2348 Alexii
561 2305 731 2349 tandem
764 2304 977 2354 concessit,
1008 2305 1061 2347 ab
1093 2315 1220 2358 eoque
1250 2301 1367 2365 duxit
1396 2301 1526 2355 origi-

50 2373 147 2404 nem
174 2360 353 2404 illustris
383 2361 746 2416 Constantinopoli
765 2361 1020 2405 Rauliorum
1038 2359 1212 2403 familia.
1239 2370 1355 2400 culus
1382 2357 1525 2399 crebra

50 2417 232 2460 occurrit
263 2418 421 2461 mentio
447 2418 558 2473 apud
586 2418 885 2471 Pachymerem
914 2417 954 2459 et
985 2417 1166 2459 caeteros
1195 2414 1424 2468 Scriptores
1440 2413 1475 2455 B
1506 2435 1526 2443 -

50 2473 253 2525 zanfinos,
285 2473 516 2517 etiamnum
543 2476 761 2530 superstes,
803 2474 851 2516 ut
879 2473 1002 2515 autor
1037 2473 1099 2515 est
1127 2471 1275 2513 Petrus
1315 2469 1365 2511 de
1391 2468 1524 2523 Vale,

52 2529 217 2572 Nobilis
245 2530 472 2583 Romanus,
503 2531 636 2586 Epist.
658 2532 697 2573 2.
727 2543 823 2585 pag.
843 2529 909 2571 97.
940 2528 1051 2571 Edit.
1080 2527 1213 2570 Paris.
1245 2524 1455 2579 Radulphi
1483 2525 1525 2589 61

51 2586 236 2641 Rogerii‚
248 2599 350 2641 quos
361 2586 431 2629 hic
440 2587 566 2630 Anna
581 2586 891 2637 commemorat,
907 2583 1098 2627 meminit
1108 2582 1305 2626 Albertus
1316 2581 1524 2636 Aquenffls

51 2642 122 2685 lib.
147 2643 188 2684 2.
220 2655 308 2697 6311.
326 2643 365 2686 9.
396 2643 539 2698 aitque
565 2656 708 2686 eorum
741 2654 863 2696 opera
888 2653 1010 2683 usum
1040 2639 1244 2690 Alexium,
1277 2649 1358 2692 quo
1388 2635 1524 2680 Gode-

52 2698 208 2741 fridum
222 2699 466 2742 Bullonium
487 2713 513 2743 a
533 2698 852 2754 depraedatione
869 2695 1102 2740 revocaret:
1131 2694 1370 2748 Imperator
1388 2696 1524 2736 autem

53 2754 292 2810 intelliqens
328 2756 538 2811 regionem
578 2756 763 2811 yraviter
802 2752 1063 2807 depopulari,
1100 2749 1373 2814 Radulplqum
1404 2748 1525 2792 Peel-

55 2810 223 2855 de-Lan
253 2816 292 2856 et
310 2811 542 2868 Rotyerum
578 2812 717 2866 filium
735 2809 982 2865 Daqoberti,
1011 2809 1124 2852 viros
1152 2806 1446 2851 dasertasszmos
1475 2805 1525 2848 de
