1734 3120
493 252 759 290 ALEXIADIS
789 254 883 290 LIB-
912 254 1016 291 XIII.
1047 251 1084 290 ’7.
1441 251 1521 293 211

35 364 242 427 χειρήσας
288 368 394 422 τούς
440 368 618 413 ἐκεῖθεν
670 367 786 428 πρὸς
837 367 891 414 τὸ
939 366 1175 426 Ἰλλυρικόν
1222 374 1528 430 διαπερῶντας

33 431 245 493 ἄπεῖρξαι
274 434 494 496 ἡμάρτανε
523 439 602 482 τοῦ
644 439 818 483 σκοποῦ
831 452 840 461 ·
883 439 1022 496 μέσον
1062 439 1143 497 γὰρ
1185 444 1265 485 τοῦ
1310 446 1527 499 πορθμοῦ

32 503 389 562 καταλαμβάνων,
418 506 519 550 ἐπεὶ
547 504 659 559 τούς
687 505 887 560 Κελτούς
916 507 967 563 ἐξ
993 502 1145 564 οὖρίας
1163 509 1381 563 πλέοντας
1409 508 1528 566 ἑώρα

31 570 87 617 τά
106 576 157 618 θ’
177 571 296 618 ἱστία
318 571 684 629 α’ναπετάσαντας
702 577 774 620 καὶ
796 577 997 636 σφοδρὸν
1013 576 1093 621 τον
1111 573 1350 624 ἀπόπλουν
1370 597 1528 625 ποιου-

0 641 200 698 ῡμένους,
249 638 330 698 οὔχ
372 637 473 697 οἷός
514 660 562 688 τε
608 636 660 704 ἧν
693 643 810 701 πρὸς
838 642 944 698 τούς
975 646 1174 700 Κελτοῦς
1202 645 1295 704 ἅμα
1326 649 1399 692 καὶ
1423 646 1528 701 τούς

30 703 219 766 ἀνέμους
246 705 568 767 ἀπομάχεσθαι
603 711 716 757 κατὰ
744 711 930 770 πρώραν
958 717 1038 758 τοῦ
1068 713 1321 772 πνεύματος
1348 714 1525 773 ἱσταμέ-

32 790 130 821 νου·
162 774 266 823 οὗδὲ
293 777 374 837 γὰρ
403 779 483 824 τὸν
508 777 727 839 (Ηρακλέα
755 780 873 839 πρὸς
903 780 985 827 δύο
1016 785 1149 842 φασί·
1190 786 1243 846 τῇ
1272 785 1351 845 βίᾳ
1378 786 1565 833 τοίνυνΟ

29 849 111 890 τοῦ
138 844 392 903 πνεύματος
434 849 706 905 παλίνορσος
747 850 944 908 ἐγίνετο),
992 849 1071 896 ἐπὶ
1110 850 1293 907 τούτοις
1333 851 1357 897 ὃ
1394 850 1527 898 αὖτο-

30 911 206 972 κράτωρ
236 916 486 972 διεπρίετο·
532 916 735 975 Amyntai-g
764 919 824 971 δέ,
858 916 928 963 ὅτι
966 915 1046 975 οῧχ
1076 918 1171 979 ὅπη
1202 919 1420 981 προσήκει
1449 920 1528 965 τον

0 981 272 1039 υῬωμαΐκόν
318 982 481 1029 στόλον
523 983 548 1029 ὁ
593 986 966 1046 Κοντοστέφανος
1009 986 1301 1046 προσώρμισε
1343 990 1416 1034 καὶ
1456 988 1529 1034 διὰ
1540 993 1583 1030 V·
1610 994 1681 1029 314

30 1052 165 1095 τοῦτο
210 1048 346 1097 abab·
390 1049 432 1097 οἳ
473 1050 593 1098 νότοι
639 1049 932 1112 ἀπείργουσιν
975 1049 1172 1100 εἷῖθετον
1211 1062 1309 1111 τοῖς
1340 1059 1530 1111 Κελτοῖς

29 1120 198 1176 μᾶλλον
225 1119 306 1165 τὸν
334 1122 478 1165 πλοῦν
507 1121 816 1179 παρεχόμενοι,
862 1121 1115 1182 διαγράψας
1143 1123 1223 1186 τὴν
1250 1128 1330 1185 τῆς
1362 1131 1529 1185 Λογγι-

29 1189 214 1244 βαρδίας
241 1184 369 1248 ἧΐὸνα
411 1190 484 1234 καὶ
527 1192 609 1235 τοῦ
653 1186 890 1248 Ἰλλυρικοῦ
932 1194 1005 1237 καὶ
1045 1191 1151 1247 τούς
1195 1197 1302 1252 παρ’
1345 1193 1530 1252 ἑκάτερα

31 1255 333 1312 διακειμένους
355 1258 533 1314 λιμένας
557 1254 796 1304 οἷπέστειλε
827 1262 890 1319 τῷ
914 1260 1271 1321 Κοντοστεφάνῳ
1291 1260 1530 1318 ὑποδείξας

0 1323 79 1371 Βὲν
106 1321 341 1381 γράμμασι,
374 1327 446 1370 καὶ
477 1324 568 1387 ὅπη
599 1329 671 1372 δεῖ
697 1329 999 1386 προσορμίσαι
1043 1328 1122 1383 τὰς
1161 1332 1266 1384 ναῦς
1302 1332 1374 1375 καὶ
1416 1329 1529 1376 ὅθεν

32 1386 185 1448 οὐρίου
200 1390 324 1448 τύχοι
339 1396 419 1438 τοῦ
440 1393 694 1453 πνεύματος
705 1395 817 1442 κατὰ
834 1399 926 1442 τῶν
940 1399 1332 1456 διαπλωὶζομὲνων
1347 1401 1530 1444 Κελτῶν

34 1459 247 1519 ἐξορμῶν.
292 1459 517 1520 ἄνέρρωσέ
546 1482 596 1509 τε
624 1457 761 1519 αὖθις
789 1465 869 1510 τὸν
891 1467 1265 1527 Κοντοστέφανον
1291 1469 1364 1512 καὶ
1396 1466 1527 1526 ἔργον

29 1527 244 1587 ἅψασθαι
276 1528 521 1578 ἀνέπεισεν.
580 1528 939 1592 ἀνακτησάμενος
968 1527 1046 1580 οῦν
1079 1534 1236 1581 ἑαυτὸν
1263 1534 1289 1581 ὁ
1316 1532 1529 1590 Ἰσαάκιος

30 1599 105 1642 καὶ
132 1598 392 1657 καταλαβών
425 1592 568 1659 οὗπερ
608 1600 632 1646 ὃ
677 1598 964 1660 αὐτοκράτωρ
1010 1599 1131 1663 αὖτῴ
1170 1602 1572 1662 παρεκελεύσατοῐ)

0 1663 109 1719 οτάς
137 1670 241 1720 ναῦς
270 1666 561 1724 προσώκειλε.
637 1671 709 1714 καὶ
742 1669 896 1728 καιρὸν
939 1670 1223 1730 ἐπιτηρήσας,
1265 1670 1456 1730 ὁπηνίκα
1484 1669 1525 1716 οἳ

29 1729 123 1778 άπὸ
153 1738 483 1794 Λογγιβαρδίας
518 1737 630 1794 μετὰ
658 1740 829 1799 πολλῆς
854 1742 1137 1797 παρασκευῗς
1164 1738 1281 1797 πρὸς
1311 1738 1364 1784 τὸ
1395 1736 1526 1784 Ἰλλυ-

30 1801 155 1859 ρικὸν
197 1802 279 1849 τόν
325 1800 565 1851 ἆπόπλουν
607 1807 857 1862 ἐποιοῦντο,
890 1804 1054 1864 ἀνέμου
1099 1810 1246 1863 δεξιοῦ
1289 1810 1527 1867 τηνικαῦτα

164 1926 199 1960 2.
223 1927 346 1972 μέσου
370 1925 411 1962 F.
533 1927 568 1962 9.
591 1922 667 1971 ὅπη
692 1927 737 1973 F,
760 1923 857 1962 ὅπου
879 1926 919 1963 P.
996 1923 1173 1973 προσήκει
1201 1927 1247 1970 F,
1271 1923 1454 1975 προσήκω
1482 1926 1523 1963 Ρ.

167 1974 224 2008 15.
251 1970 328 2018 ὅπη
354 1973 397 2018 F,
423 1970 510 2009 ὅποι
538 1974 579 2011 Ρ.
743 1977 799 2012 16.
826 1971 928 2023 τύχοι
954 1975 997 2022 F,
1022 1971 1113 2024 τύχῃ
1139 1976 1180 2012 Ρ.
1338 1978 1392 2011 17.
1419 1978 1523 2022 ανίρ·

164 2032 263 2068 ρωσε
286 2022 330 2059 F.
356 2019 527 2070 ἇνέρωσέ
548 2023 590 2059 Ρ.

28 2137 117 2174 inde
140 2138 180 2174 in
207 2138 396 2185 Illyricum
421 2142 659 2177 transeuntes
694 2153 821 2178 arcere
857 2144 1014 2177 conatus
1049 2141 1090 2178 id
1127 2141 1230 2188 quod
1266 2142 1421 2188 petebat
1445 2155 1521 2179 non

29 2191 219 2223 assecutus
244 2191 311 2224 est.
359 2188 525 2224 medium
551 2190 651 2225 enim
675 2189 816 2226 fretum
846 2193 990 2234 tenens,
1015 2202 1100 2226 cum
1126 2191 1252 2226 Gallos
1277 2194 1392 2227 vento
1417 2191 1522 2227 adiu-

28 2238 88 2271 tos
109 2236 230 2282 plenis
254 2236 347 2272 velis
370 2239 410 2272 et
433 2238 580 2284 ingenti
611 2239 755 2285 impetu
782 2240 1003 2285 navigantes
1040 2239 1198 2284 videret,
1237 2243 1371 2275 contra
1395 2239 1522 2276 Gallos

27 2287 257 2331 ventumque
297 2286 422 2331 proris
463 2286 659 2323 adversum
702 2287 814 2323 simul
851 2299 1019 2333 pugnare
1044 2299 1119 2323 non
1162 2287 1299 2333 potuit,
1343 2289 1520 2334 quoniam

30 2343 76 2368 ne
101 2332 278 2369 Hercules
302 2333 465 2380 quidem,
491 2338 535 2370 ut
558 2336 678 2380 aiunt,
715 2340 849 2371 contra
886 2336 991 2371 duos.
1051 2337 1090 2372 vi
1127 2337 1247 2382 igitur
1287 2337 1522 2382 tempestatis

28 2384 178 2417 coactus
219 2383 382 2418 recessit.
445 2383 582 2429 quibus
617 2385 820 2430 compertis
866 2384 1073 2430 imperator
1107 2384 1284 2429 dentibus
1323 2385 1521 2421 frendebat

30 2429 324 2476 intellegensque
363 2429 465 2466 haud
504 2435 593 2478 apta
627 2433 666 2467 in
708 2434 870 2469 statione
907 2445 929 2468 a
972 2433 1276 2479 Contostephano
1311 2433 1518 2469 Romanam

28 2477 182 2513 classem
207 2489 285 2514 esse
309 2481 556 2516 constitutam
580 2491 735 2527 eamque
757 2482 808 2516 ob
826 2493 976 2517 causam
999 2484 1180 2525 austrum,
1211 2481 1276 2527 qui
1301 2493 1519 2527 prosperam

29 2525 145 2562 Gallis
171 2525 449 2572 navigationem
475 2529 685 2575 praeberet,
713 2531 746 2565 ei
772 2529 968 2565 adversum
994 2541 1082 2574 esse,
1118 2529 1286 2565 tabulam
1310 2529 1520 2576 Longibar-

28 2573 134 2610 dicae
159 2575 403 2622 lllyricaeque
427 2588 526 2622 orae,
555 2578 595 2613 in
619 2590 693 2624 qua
717 2578 913 2624 utriusque
938 2581 1070 2624 portus
1097 2578 1219 2613 notati
1239 2581 1358 2620 erant,
1384 2578 1520 2614 Conto-

29 2623 212 2669 stephano
235 2625 409 2670 permisit
440 2625 580 2661 litteris
604 2626 819 2671 admonens,
852 2630 891 2662 et
915 2626 1052 2672 quibus
1081 2629 1121 2661 in
1154 2626 1246 2662 locis
1283 2626 1331 2662 ad
1363 2638 1520 2663 ancoras

28 2681 140 2707 naves
164 2683 249 2707 eum
272 2671 438 2719 deligare
471 2678 666 2720 oporteret
690 2678 729 2710 et
758 2674 857 2710 unde
881 2678 1034 2710 ventum
1058 2678 1217 2711 nanctus
1250 2675 1452 2711 secundum
1479 2678 1518 2711 in

28 2720 244 2756 traicientes
270 2720 394 2757 Gallos
419 2722 611 2759 incurrere
635 2726 770 2769 posset,
796 2734 1000 2768 rursusque
1031 2723 1199 2758 animum
1225 2723 1520 2770 Contostephani

20 2769 151 2803 erexit
181 2772 295 2814 atque
335 2773 380 2805 ut
414 2782 491 2806 rem
538 2771 808 2818 aggrederetur
842 2772 1046 2817 persuasit3
1093 2772 1311 2818 viribusque
1355 2772 1520 2808 collectis

28 2814 191 2852 Isaacius
215 2817 263 2852 ad
302 2817 426 2853 locum
464 2820 703 2865 imperatoris
742 2820 898 2856 consilio
935 2819 1120 2855 delectum
1157 2831 1270 2855 naves
1305 2821 1519 2867 applicavit.

30 2864 229 2901 observato
247 2865 383 2901 deinde
399 2871 615 2914 opportuno
632 2873 814 2914 tempore,
834 2879 908 2914 quo
923 2867 1156 2914 Longibartli
1173 2869 1212 2904 in
1227 2867 1415 2915 Illyricum
1436 2881 1520 2904 cum

30 2923 169 2959 magno
193 2918 403 2950 commeatu
427 2916 671 2962 vehebantur,
697 2916 859 2953 secundo
884 2920 997 2953 vento
1023 2917 1063 2952 in
1090 2928 1152 2952 eos
1175 2918 1370 2953 incurrens
1394 2929 1520 2953 naves-
