1806 3132
505 214 559 247 m
586 212 874 249 ALEXIADFM
903 214 1066 250 NOTAE
1445 210 1526 253 551

46 326 90 370 et
116 325 370 381 imposturas
400 326 612 370 excaecari
640 326 776 378 iussit,
817 327 866 370 ut
893 328 1019 370 autor
1048 329 1110 370 est
1141 329 1312 373 Nicetas
1341 331 1384 373 in
1415 331 1527 375 Man.

45 382 118 427 lib.
137 383 178 427 5.
198 383 242 426 et
269 383 315 426 in
342 382 533 429 Andron.
563 382 637 426 lib.
658 383 698 428 2.

181 445 416 505 Νεώτερον
445 448 693 507 ἐφεύρεμα]
725 450 833 494 Vide
853 451 898 494 in
916 451 1025 495 hane
1044 453 1296 496 sententiam
1320 454 1526 509 Nicepho-
1539 459 1719 507 Pag.164.
1734 460 1767 496 A

48 519 142 550 rum
174 506 409 563 Gregoram
440 507 514 551 lib.
535 508 575 551 5.
597 520 687 562 cap.
711 508 776 550 16.

179 567 407 630 Εὐδόξου]
459 574 655 618 Eudoxus
699 574 810 617 enim
851 574 1025 619 Cnidius
1068 577 1228 631 primus
1271 576 1573 621 GraecorumA

46 630 362 674 Astronomiam
390 644 413 674 e
442 631 726 686 penetralibus
760 631 996 688 Aegyptiae
1031 632 1325 688 Philosophiae
1364 636 1527 677 erutam

45 687 99 730 ad
133 688 354 742 populares
390 700 486 731 suos
524 687 679 740 eduxit,
718 688 783 730 uti
822 689 949 732 refert
978 689 1186 744 Diogenes
1216 690 1351 733 Laert.
1389 690 1463 733 lib.
1486 692 1527 734 8.

45 744 152 788 Vide
179 744 424 789 Vitruvium
456 745 529 788 lib.
551 745 591 787 9.
613 757 703 799 cap.
726 745 764 787 7.

177 805 640 867 Ἀποτελεσματικός]
672 812 969 856 Astronomiae
993 812 1101 856 duae
1128 814 1227 856 sunt
1257 815 1408 868 partes,
1444 828 1527 858 una
1542 822 1571 856 A

43 869 155 912 eirca
187 868 417 913 Stellarum
452 870 593 914 motus
631 870 823 912 versatur
872 870 1131 924 vocaturque
1178 870 1526 926 μετεωρολογίας

42 926 177 969 altera
205 926 270 969 est
296 926 409 969 cirea
440 926 610 969 effectus
651 926 763 980 ipsos
792 927 835 969 et
864 927 1040 969 vocatur
1073 919 1456 985 ἅποτελεσματικὴ
1486 930 1528 971 et

44 997 125 1024 ποι
179 978 264 1040 ικὴ.
294 983 525 1027 Manethon
555 983 690 1038 igitur
720 975 1154 1036 Ἀποτελεσματικὸς
1183 985 1331 1027 Annae
1359 984 1526 1037 dicitur,

45 997 179 1139 quo}t
192 1039 420 1138 plurimum
458 1038 768 1091 Genethliaeae,
809 1052 881 1082 seu
916 1039 1199 1094 Horoseopiae
1240 1053 1406 1095 operam
1447 1041 1528 1084 im-

43 1109 123 1151 pen
153 1109 214 1139 en
236 1129 246 1138 .

173 1158 476 1220 Ὡροσκόπου]
507 1162 700 1206 Sumitur
726 1176 774 1206 ea
803 1176 883 1207 vox
910 1176 984 1218 pro
1016 1163 1160 1220 Signo,
1190 1164 1303 1219 quod
1332 1160 1570 1218 ώροσκο-Α

42 1219 160 1262 ποῦν
188 1220 343 1263 vocant
372 1219 601 1274 Astrologi,
631 1232 778 1274 nempe
806 1233 879 1274 pro
909 1233 958 1263 ea
987 1221 1091 1263 caeli
1120 1223 1251 1276 parte,
1279 1235 1385 1276 quae
1411 1222 1529 1277 geni-

42 1277 164 1320 turae
191 1277 379 1332 tempore
406 1277 461 1319 ab
492 1275 662 1320 Oriente
681 1277 860 1331 emergit
879 1276 924 1318 in
942 1277 1293 1332 hemisphaerium
1325 1279 1526 1331 nostrum,

42 1333 153 1377 unde
182 1334 224 1376 et
253 1329 464 1391 Ανατολὴ
495 1332 663 1376 dicitur.
692 1333 896 1376 Manilius
924 1333 997 1376 lib.
1017 1335 1055 1377 2.
1086 1334 1257 1377 Astron.

179 1401 348 1445 Tertius
371 1415 500 1457 aeque
526 1401 595 1444 illi
619 1400 786 1455 pollens
814 1402 862 1444 in
882 1405 1025 1457 parte,
1052 1402 1252 1445 nitentem

177 1458 260 1512 Qui
287 1461 398 1501 tenet
425 1462 627 1510 exortum,
658 1471 742 1512 qua
766 1459 958 1512 primum
986 1459 1128 1501 sidera
1156 1462 1357 1515 sumant,

181 1514 302 1561 Unde
329 1515 419 1558 dies
446 1515 558 1558 redit
585 1517 624 1557 et
653 1518 815 1568 tempus
843 1515 1043 1558 describit
1069 1516 1118 1558 in
1146 1515 1286 1568 horas,

174 1571 290 1616 Hine
316 1572 430 1615 inter
458 1570 623 1618 Graias
653 1571 926 1625 Horoseopus
953 1572 1093 1615 editur
1120 1572 1255 1615 urbes.

42 1639 148 1684 Vide
176 1639 437 1683 Martianum
469 1638 712 1694 Cappellam
741 1639 816 1682 lib.
837 1640 877 1683 8.

176 1707 319 1764 Πῆξις
345 1708 438 1749 τῶν
465 1705 684 1762 κέντρων]
717 1706 908 1761 Quatuor
934 1705 1090 1761 κέντρα
1118 1705 1327 1762 γενέσεως
1362 1706 1564 1757 (LatiuiA

39 1765 248 1817 cardine-9,
276 1764 484 1832 eu-szgides,
512 1763 693 1834 qnyzdo-sj
723 1765 894 1816 vocant)
923 1764 1119 1830 statuunt
1139 1763 1368 1828 Astrologi,
1408 1757 1522 1827 ὠρό-

39 1834 330 1932 ?ssssssqu
352 1818 1523 1933 ἴξῖῗέἔὲιιῗέᾞέέὲἔέιέᾞῖῖῑῗέἔὲοἒὲαὲἒὲἴέιὲὴ3ξέ

41 1935 166 2035 goIet,
211 1892 404 1980 comat
449 1947 557 1990 quae
597 1933 652 1977 ad
694 1934 861 1976 Manilii
894 1933 967 1977 lib.
996 1935 1034 1977 2.
1072 1933 1292 1976 adnotavit
1325 1931 1523 1985 Iosephus

72 2004 121 2035 ca
186 2005 243 2037 er.
509 2006 512 2007 ⁷

122 1991 483 2114 11ἕΔιοιθιιὲμοιτος]
514 2058 686 2102 Rectius
716 2059 859 2102 Editio
892 2057 1195 2101 Hoeseheliana
1229 2052 1567 2122 διαστῇματοςᾼ

42 2115 178 2160 habet.
221 2116 291 2160 Ita
333 2116 589 2160 Plutarchus
629 2115 702 2159 lib.
745 2115 797 2158 de
839 2115 974 2157 Exilio
1011 2113 1190 2167 κέντρον
1225 2114 1267 2155 et
1304 2113 1521 2168 διαστημα

39 2172 201 2228 iungit:
236 2171 401 2229 κέντρῳ
436 2172 511 2215 καὶ
543 2168 805 2228 διαστήματι.
834 2167 1148 2226 περιγράψασα
1177 2166 1254 2235 τῂν
1283 2171 1373 2211 τῶν
1394 2163 1521 2224 ἄναγ-

40 2228 177 2272 καίων
200 2225 347 2286 φύσιν.
378 2230 554 2275 Ioannes
583 2229 833 2272 Patriarcha
863 2228 1069 2270 Hierosol.
1106 2227 1150 2269 in
1180 2228 1270 2269 vlta
1301 2226 1343 2269 S.
1376 2226 1521 2268 Ioann.

41 2285 252 2341 Chrysost.
281 2285 389 2341 περὶ
416 2284 466 2329 δὲ
494 2279 801 2340 ἀστρονομίας,
835 2280 943 2327 ὅσον
964 2282 1009 2326 ἑν
1028 2279 1290 2339 διαστήμασι
1319 2282 1390 2324 καὶ
1419 2297 1522 2337 σχη-

39 2344 291 2397 ματισμοῖς,
327 2342 401 2385 καὶ
426 2336 676 2397 ἅναλογίαις
704 2343 794 2383 τῶν
823 2334 1128 2389 ἀποστάσεων,
1167 2335 1247 2396 κᾷν
1273 2338 1382 2394 μέγα
1411 2338 1524 2392 διεξ-

41 2398 301 2512 Ξλῑῗὲάῗέξ
325 2388 1524 2513 5⁶2³?7}5{a{‚{“{5‘.}²5q0252322²;{‘‘⁰{1{311{I{{¹³fi‘1‚'’2⁰³⁰⁹

173 2523 264 2567 Nee
292 2527 510 2567 contentus
538 2524 623 2566 eris
647 2525 845 2577 percepto
874 2521 1050 2564 cardine
1079 2533 1297 2575 quoquam,

173 2579 410 2625 Intervalla
439 2581 569 2624 etiam
596 2580 769 2622 memori
796 2581 895 2620 sunt
923 2580 1056 2620 mente
1084 2576 1273 2627 tenenda,

85 2663 89 2666 ·
173 2635 262 2683 Per
290 2638 430 2681 maius
458 2637 649 2681 dimensa
676 2648 778 2678 suas
805 2634 1026 2677 reddentia
1055 2634 1167 2675 vires
1196 2633 1273 2675 etc.

41 2704 231 2770 Denique
258 2703 456 2748 Sidonius
481 2704 742 2760 Apollinaris
771 2702 844 2745 lib.
866 2703 904 2744 8.
934 2701 1065 2756 Epist.
1091 2701 1156 2745 11.
1194 2699 1306 2754 Quia
1333 2699 1522 2743 videlieet

41 2761 169 2807 amia
207 2762 420 2809 nascentis
458 2775 584 2813 anno,
629 2771 919 2815 quemcumque
953 2757 1189 2802 elementem
1208 2756 1521 2810 planetworum

40 2817 229 2865 sidem
255 2817 426 2876 globum
451 2819 500 2866 in
519 2818 764 2861 diastemate
784 2815 968 2858 Zodiaco
980 2817 1300 2868 prosper-ortus
1333 2815 1521 2855 erexerat
