1806 3132
265 184 350 230 506
787 192 966 228 eARoLI
994 192 1235 229 noeman

265 313 434 364 struxit,
466 311 577 367 quod
604 325 656 355 ea·
683 326 759 356 suo
804 313 972 356 nomine
1000 312 1194 355 Montem
1237 310 1472 355 Guiscardi
1515 311 1757 366 appellavit.

266 369 346 414 Sed
376 369 479 412 haee
508 368 603 424 post
645 369 799 413 initum
834 383 930 412 eum
959 368 1105 412 Alexio
1150 369 1356 423 praelium
1396 368 1595 412 accidere.
1654 369 1760 412 Vide

266 427 378 470 infra
437 440 461 469 a
495 460 504 469 .
530 427 624 470 114.

26 487 253 535 Pag.ll2.D
401 439 538 525 Elegea!
566 482 639 526 καὶ
669 478 953 539 Νικηφόρος]
1000 483 1167 526 Habuit
1212 483 1427 525 Romanus
1466 482 1676 536 Diogenes
1714 496 1761 525 ex

266 540 455 583 Eudoeia
484 539 682 596 Augusta
726 541 903 595 coniuge
945 540 1053 583 filios
1098 540 1215 583 duos.
1286 539 1407 582 Prior
1441 539 1522 582 Leo
1553 539 1762 594 Diogenes

267 597 530 640 Theodoram
573 597 842 649 Comnenam,
867 597 1005 640 Alexii
1049 596 1320 651 Imperatoris
1351 609 1547 651 sororem,
1591 609 1760 638 uxorem

267 654 399 697 duxit.
459 654 583 698 Alter
628 655 888 709 Nicephorus
923 654 1146 709 Diogenes
1177 654 1230 697 ab
1267 653 1412 696 eodem
1440 653 1600 706 Alexio,
1630 653 1762 696 initae

268 711 591 766 conspirationis
621 725 728 763 reus,
764 711 896 754 oeulis
933 711 1124 777 privatus
1154 711 1229 754 es'c.
1288 710 1414 753 Anna
1443 710 1516 753 lib.
1539 711 1578 753 9.
1613 711 1655 753 et
1685 710 1763 752 Zo-

270 780 394 811 naras
422 781 520 824 pag.
542 769 638 811 238.
672 768 779 812 Vide
809 769 961 824 Bryen.
992 768 1065 811 lib.
1091 769 1127 810 1.
1159 768 1213 810 N.
1235 768 1303 810 29.

33 828 257 876 Pag.114.ss
410 821 498 876 Τὰς
529 821 720 877 ὁλκάδας
750 820 1083 883 διατρήσαντες]
1130 825 1361 868 Malaterra
1395 824 1468 867 lib.
1499 826 1538 867 3.
1575 837 1663 878 cap.
1695 825 1762 866 27.

269 881 374 926 Dux
400 897 497 926 vero
536 883 683 926 videns
725 882 823 925 belli
869 886 1079 925 certamen
1122 882 1352 933 imminere,
1382 885 1430 924 ut
1470 882 1561 924 suis
1602 895 1764 924 omnem

267 953 382 993 spem
417 940 549 995 fuyae
582 939 813 993 auferendo
848 940 906 982 ad
938 939 1221 993 defensionem
1251 939 1320 981 sui
1348 939 1569 982 ardentius
1598 938 1765 990 inflam-

268 1000 415 1049 maret,
446 1011 575 1040 naves
603 1011 705 1040 suas
735 1012 760 1039 a
790 997 903 1040 mari
925 997 1142 1050 proiectas
1161 1010 1303 1039 omnes
1322 996 1555 1048 combussit,
1577 1010 1629 1038 ne
1653 995 1765 1048 forte

270 1067 363 1096 cum
389 1054 533 1097 acrius
555 1054 773 1108 praelium
801 1055 960 1097 nostris
989 1054 1237 1108 immineret,
1275 1053 1417 1096 timidi
1454 1056 1665 1096 certamen
1696 1053 1765 1095 olc-

269 1110 483 1165 elinando,
512 1125 585 1165 spe
615 1112 908 1154 transmeandi
937 1111 1131 1154 illorsum
1160 1110 1488 1165 transfuyerent.

227 1187 258 1223 B
406 1175 506 1239 Χρὴ
537 1181 800 1235 τοιγαροῦν]
835 1180 1087 1224 Guillelmus
1117 1178 1382 1234 Apuliensis:

444 1247 595 1292 Castra
626 1252 783 1292 cremat
812 1249 1001 1291 veniente
1027 1248 1097 1291 elie
1125 1247 1231 1292 Duoe
1249 1246 1461 1300 providus
1488 1245 1649 1298 horum,

447 1304 503 1349 Ut
530 1305 650 1349 Duce
679 1306 869 1361 diyresso
897 1305 926 1359 s
920 1319 969 1348 as
999 1306 1055 1348 sit
1082 1306 1320 1358 irrumpere
1349 1302 1475 1346 nulli.

225 1377 258 1412 D
411 1375 511 1416 Τῶν
540 1372 684 1416 θείων
714 1372 998 1429 μυστηρίων]
1030 1373 1275 1427 Malaterra,
1307 1372 1444 1415 Mane
1474 1374 1613 1414 autem
1636 1371 1764 1424 facto,

270 1431 376 1474 Duoe
404 1432 495 1486 ipse
525 1431 633 1475 lucis
670 1431 926 1484 crepusculo,
976 1443 1199 1485 omnesque
1238 1429 1376 1473 nostri
1412 1432 1632 1484 suryentes
1672 1442 1767 1471 cum

269 1502 435 1532 summa
478 1489 692 1532 devotione
736 1489 913 1544 hymnos
950 1488 1036 1531 Dei
1080 1502 1173 1530 eum
1214 1487 1455 1529 Missurum
1493 1485 1768 1529 celebratione

271 1546 463 1598 audiunt,
496 1545 763 1601 Presbyteris
781 1546 1066 1599 compunctive
1087 1544 1326 1599 confitentes
1353 1546 1540 1598 peccata,
1569 1543 1765 1585 muniun-

270 1606 343 1646 tur
370 1602 485 1646 sacri
513 1602 668 1646 Viatici
695 1603 957 1646 ministeriis.
1653 1603 1655 1605 ’

223 1660 258 1696 D
411 1658 484 1716 Τῷ
522 1653 759 1716 Ἀμικέτῃ]
811 1659 1007 1702 Meminit
1046 1658 1266 1701 Amieetae
1310 1657 1486 1701 Comitis
1520 1657 1767 1711 Anonymus

272 1717 471 1760 Barensis
515 1717 560 1759 in
607 1715 758 1760 Ohron.
789 1716 847 1759 A.
877 1726 1088 1760 MLXVIII.
1135 1715 1238 1759 obiit
1284 1714 1457 1770 Aryyro
1486 1713 1690 1766 Proedro,
1730 1716 1767 1755 et

270 1773 501 1828 Apochara
533 1773 684 1828 Catap.
716 1778 754 1817 et
782 1773 993 1818 Amicetta
1031 1773 1211 1816 intravit
1238 1771 1475 1815 Iuvenacie.
1545 1770 1662 1813 Idem
1703 1770 1767 1812 vi-

271 1831 407 1886 detur,
434 1831 507 1886 qui
536 1830 712 1874 Amicus
744 1829 1001 1875 Comesnon
1045 1830 1171 1872 semel
1216 1829 1453 1884 appellatur
1483 1841 1508 1871 a
1539 1826 1766 1871 Guillelmo

270 1888 397 1943 Apul.
429 1889 470 1931 et
500 1888 544 1931 in
575 1888 777 1943 rescripto
808 1888 992 1943 quodam
1021 1886 1194 1940 Rogerii
1223 1886 1406 1941 Apuliae
1436 1884 1570 1928 Ducis
1601 1884 1642 1926 eb
1659 1884 1768 1926 Boe-

271 1945 418 1988 mundi
448 1945 632 1988 fratrum
663 1945 715 1988 A.
747 1954 862 1988 MXC.
903 1957 978 1999 pro
1009 1943 1195 1987 Bantino
1228 1942 1487 1986 Monast-erio
1521 1941 1566 1984 in
1597 1940 1766 1995 Apulia,

272 2002 384 2057 quod
413 2002 475 2045 ita
506 2002 733 2045 subscribi‘o
764 2001 940 2045 Amicus
968 2001 1115 2056 qratia
1134 2000 1219 2043 Dei
1245 1999 1430 2056 inclytus
1453 1998 1605 2042 Comes.
1639 1997 1768 2040 Extat

272 2059 379 2101 illud
410 2059 522 2113 apud
553 2059 787 2102 Baronium
825 2059 904 2102 hoe
938 2071 1048 2101 anno
1077 2058 1132 2100 N.
1155 2058 1220 2100 17.
1252 2058 1294 2100 et
1327 2058 1393 2099 18.
1425 2055 1536 2110 apud
1565 2067 1688 2110 quem
1719 2054 1769 2096 fit

273 2116 488 2170 praeterea
516 2116 674 2159 mentio
706 2115 905 2168 Goffredi,
936 2115 1078 2158 Amici
1110 2114 1285 2158 Comitis
1326 2113 1416 2166 filii,
1450 2113 1495 2155 in
1525 2112 1657 2155 altero
1688 2111 1768 2154 Ur-

272 2172 372 2215 bani
401 2173 458 2215 11.
490 2173 575 2215 PP.
608 2173 862 2228 Diplomate.
918 2172 987 2215 Ab
1018 2171 1168 2214 Amico
1191 2172 1349 2226 Regem
1372 2169 1566 2213 Oroatiae
1597 2168 1768 2222 captum

274 2229 452 2272 habe‘nur
481 2230 525 2271 in
547 2229 733 2273 Archivo
754 2229 1002 2273 Monasterii
1025 2228 1098 2272 SS.
1118 2227 1292 2271 Cosmae
1313 2228 1353 2270 et
1374 2225 1575 2270 Damiani
1595 2225 1769 2268 Iadren-

274 2286 343 2338 sis,
375 2286 485 2340 apud
516 2286 633 2330 Ioan.
665 2287 842 2330 Lucium
883 2286 956 2329 lib.
980 2286 1019 2328 2.
1054 2285 1167 2327 Hist.
1200 2284 1386 2328 Dalmat.
1428 2296 1517 2338 cap.
1543 2283 1607 2325 10.
1648 2282 1689 2324 ei}
1724 2281 1769 2328 in

277 2343 365 2385 viba
396 2343 567 2386 Ioannis
589 2343 883 2399 Traguriensis
905 2342 1124 2398 Episcopi:
1154 2340 1283 2385 Anno
1311 2351 1499 2384 MLXXV.
1532 2341 1771 2393 tempestate

275 2413 359 2452 qua
392 2398 535 2443 Comes
563 2399 741 2444 Amicus
769 2400 928 2456 Reyem
971 2398 1168 2442 Oroatiae
1205 2399 1324 2452 cepit.
1398 2397 1479 2441 Sed
1523 2396 1573 2439 de
1619 2395 1769 2438 Amico

277 2455 440 2500 Gemite
469 2457 511 2500 ei
541 2457 628 2500 eius
658 2457 822 2500 familia
852 2457 973 2512 plura
1001 2469 1097 2499 mox
1127 2455 1181 2499 ad
1210 2468 1307 2510 pag.
1332 2454 1427 2497 117.

35 2527 263 2574 Pag'lffi’A
407 2520 472 2568 (H
497 2523 546 2567 δὲ
576 2522 733 2582 [hsta]
780 2525 980 2569 TOSssa'ssur
1011 2524 1140 2567 &biam
1181 2523 1434 2567 Guillelmus
1460 2522 1586 2577 Apul.
1618 2521 1662 2563 in
1691 2521 1771 2564 hoe

276 2581 691 2682 gffiglgssatssffiffz‘mis
719 2582 855 2625 instar
885 2594 1094 2637 pugnasse
1125 2581 1299 2624 Roberti
1340 2592 1509 2624 uxorem
1555 2578 1598 2622 et
1633 2578 1678 2620 in
1722 2590 1768 2620 eo

485 2705 604 2750 Uxor
632 2708 679 2750 in
709 2708 783 2751 hoc
811 2707 916 2751 bello
945 2707 1121 2750 Roberti
1145 2706 1256 2760 forte
1284 2705 1445 2760 sayitta

482 2763 678 2816 Quadam
696 2764 813 2807 laesa
829 2764 928 2818 fuit,
950 2778 1055 2819 quae
1074 2763 1245 2807 vulnere
1263 2763 1428 2815 territa,
1450 2760 1616 2804 nullam

481 2819 599 2863 Dum
625 2821 826 2875 sperabat
854 2835 985 2876 opem,
1014 2835 1058 2865 se
1075 2835 1189 2876 pene
1218 2819 1440 2876 subeyerat
1468 2818 1590 2869 hosti,
