1780 3138
502 266 769 301 ALEXIADIS
798 266 892 299 LIB.
923 266 1008 299 XII.
1041 259 1078 297 2.
1460 257 1541 297 137

46 377 263 439 Κιλικίαν,
295 385 369 444 ἐφ’
398 401 435 443 ιιι
465 379 784 441 πολιορκήσειν
811 378 948 440 αι’τνν
976 382 1047 426 καὶ
1087 385 1178 425 τῶν
1216 386 1296 426 τοῖ’
1324 384 1542 437 βασιλέως

43 451 296 535 ἀφελέσθαι
338 455 511 510 χειρῶν,
557 449 635 496 ἅτε
678 450 794 497 ἰδίαν
829 443 966 497 οὖσαν
995 452 1068 495 καὶ
1099 454 1164 510 τῶ
1194 446 1348 508 δόρατι
1381 450 1542 496 τούτου

45 525 138 568 τῶν
170 520 387 581 Τούρκων
418 517 771 581 αφαιρεθεῖσαν·
802 522 875 565 καὶ
908 515 961 564 οὔ
986 517 1125 577 μόνον
1156 518 1307 580 φήμας
1336 519 1543 574 τοιαίτας

45 588 298 648 πανταχόσε
342 591 640 647 κατέπεμπεν,
684 584 796 634 ἀλλὰ
838 590 909 634 καὶ
955 587 1029 634 δια
1067 587 1335 647 γραμμάτων
1367 586 1588 648 ἧπείλειῐ)

9 659 99 706 5τά
128 662 263 718 χείρω
291 657 487 705 τούτων·
519 655 548 703 ἃ
575 659 650 703 καὶ
678 661 742 718 τῷ
774 653 990 718 ’Λσπιέτῃ
1021 660 1126 702 καθ’
1162 656 1330 716 ἡμέραν
1359 656 1545 717 ἑκάστην

46 731 344 788 ἐνεχειρίζετο.
393 730 465 774 καὶ
490 724 571 773 οὔκ
602 725 779 787 ἠπείλει
810 727 960 784 μόνον,
993 723 1104 771 ἀλλὰ
1135 728 1318 771 καὶτῶν
1345 722 1545 771 ἀπειλῶν

46 797 284 858 πρόδρομά
303 817 402 845 τινα
419 799 493 844 καὶ
514 799 659 843 ε’ποιέι
680 798 753 842 καὶ
772 801 1126 853 καθιτιισχνεῖτο
1160 801 1310 842 ποιεῖν
1338 794 1545 853 δυνάμεις

44 887 92 914 τε
122 886 404 927 συναγηοχως
420 863 738 923 ἆπανταχοθεν
767 867 817 922 ἐξ
841 861 1089 922 Ἀρμενίων
1108 883 1157 910 τε
1178 884 1251 910 και
1270 868 1454 910 Κελτῶν
1471 867 1544 910 καὶ

45 935 232 992 τοίτοι·ς
258 939 365 983 καθ’
397 935 584 996 ἑκάστην
616 933 778 998 ἡμέραν
797 954 855 995 γι
852 955 908 981 ιιι
900 939 1029 984 α”ων
1045 939 1117 982 καὶ
1138 936 1286 993 πρὸς
1277 934 1545 993 παρατάξεις

0 1008 117 1051 tomi
145 1004 287 1064 μάχας
323 1006 594 1063 ἕξομαλίζων
621 1004 674 1050 τό
716 1003 971 1086 στράτειχιια
1006 1006 1079 1050 καὶ
1122 1004 1243 1050 ἐστιν
1279 1023 1332 1048 οι
1376 1005 1448 1048 καὶ
1480 1003 1545 1057 εἷς

44 1093 281 1133 προνομας
308 1070 608 1120 αποστέλλων
628 1075 701 1119 καὶ
731 1091 810 1118 τον
830 1071 1001 1118 καπνὸν
1030 1091 1122 1130 προ
1153 1091 1232 1118 τοι
1264 1092 1326 1117 πι
1330 1091 1408 1130 ρος
1427 1090 1546 1129 παρ-

44 1145 276 1205 εμφαίνων
303 1141 360 1188 τά
385 1161 434 1188 τε
464 1141 786 1202 πολιορκητικὰ
817 1138 980 1201 ὄργανα
1011 1140 1446 1200 κατασκειαζῆμενος
1471 1142 1546 1186 καὶ

45 1210 420 1271 παντοιοτρόπως
448 1211 566 1270 πρὸς
593 1210 672 1273 τὴν
701 1212 967 1269 πολιορκίαν
997 1210 1155 1256 ἑαυτὸν
1181 1207 1385 1256 οἷνιστῶν.
1434 1205 1544 1254 ἅλλά
1556 1213 1597 1249 Ρ.
1624 1214 1695 1249 349

44 1286 182 1328 ταῦτα
209 1283 290 1366 μὲὶν
321 1283 517 1336 ἐκεῖνος·
562 1281 587 1327 ὁ
622 1283 672 1327 δὲ
698 1277 932 1339 Ἀρμένιος
978 1277 1220 1340 ’Λσπιέτης
1258 1278 1412 1337 ὥσπερ
1462 1298 1546 1338 μη-

0 1356 34 1392 [5
45 1349 172 1405 δενὸς
216 1347 337 1412 αὗτιῇ
382 1351 663 1408 ἐπικειμένου
708 1351 819 1409 μν-δὲ
862 1352 1115 1430 φοβοῦντος
1158 1351 1270 1408 ιινδὲ
1321 1351 1545 1394 τοσοῦτον

46 1418 443 1478 ἕπικρεμαννῦντος
468 1420 669 1464 κίνδυνον
702 1417 899 1478 εκάθητο
922 1422 1142 1478 ῥᾳθιιιιῦν
1159 1416 1436 1475 βαρυτάτη-ις
1458 1434 1544 1461 πο-

45 1506 150 1542 τοις
179 1486 351 1545 νύκτωρ
381 1487 524 1548 {aad}
554 1491 784 1534 συνιστιῦν.
853 1488 998 1532 καίτοι
1036 1483 1367 1543 α’νδρικιιίτατος
1402 1503 1451 1530 τε
1491 1477 1547 1543 ἦν

46 1559 118 1602 καὶ
137 1552 319 1615 ’Ἀρεως
333 1555 618 1618 ὑπασπιστὴς
643 1553 969 1615 γενναιότατος·
1002 1554 1115 1600 ε’πάν
1131 1555 1181 1600 δὲ
1201 1555 1384 1613 Κιλικία
1404 1570 1548 1610 προσ-

47 1624 215 1680 ώκειλε,
248 1624 407 1684 πόρρω
429 1628 698 1684 δεσποτικῆς
717 1622 865 1682 χειρὸς
899 1624 1090 1682 γεγονώς
1116 1625 1190 1668 καὶ
1224 1599 1550 1680 ἐνατθιεντὴσας

0 1699 143 1748 lovois·
174 1692 404 1753 πράγμασι
428 1698 621 1754 τρυφαῖς
649 1691 807 1738 ἑαυτὸν
837 1690 1071 1737 ἐκδεδώκει
1103 1692 1348 1745 παντοίαις.
1404 1689 1548 1744 οὕτως

48 1761 72 1806 ὃ
102 1758 335 1821 Ἀρμένιος
365 1764 533 1817 ἐκεῖνος
566 1759 923 1822 ἐκθηλυνόμενος
962 1762 1037 1806 καὶ
1074 1762 1291 1818 διαρρέων
1322 1762 1544 1818 διηνεκῶς,

50 1829 206 1890 ἐπειδή
243 1828 483 1888 καταλάβοι
525 1829 551 1876 ὁ
590 1833 669 1890 τῆς
711 1831 976 1888 πολιορκίας
1013 1826 1179 1887 καιρός,
1209 1824 1549 1883 α’ναπεπτωκώς

184 1972 219 2006 8.
244 1971 291 2006 δέ
313 1970 351 2006 G.
567 1971 623 2007 16.
649 1967 986 2027 ἔπικρεμιιννὺντος
1012 1969 1086 2015 FC,
1111 1963 1482 2025 ἔπικρεμμαννὺνῐος
1505 1967 1547 2003 Ρ.

186 2021 241 2055 17.
269 2019 464 2055 καθισιῶν
490 2019 529 2055 C.
649 2031 687 2054 τε
712 2013 759 2063 ἦν
782 2018 826 2063 F,
850 2031 888 2054 τε
914 2030 976 2054 om
1002 2018 1043 2054 P.
1268 2018 1324 2053 18.
1346 2012 1477 2063 Αρεως
1503 2016 1548 2060 F,

186 2063 308 2115 Ἄρεος
330 2067 372 2104 Ρ.
519 2068 578 2103 21.
606 2068 790 2115 διαρρέων
813 2046 859 2113 F,
885 2068 1045 2113 διαρέων
1068 2065 1112 2102 Ρ.

50 2203 179 2236 turum
203 2204 242 2236 et
266 2201 507 2247 imperatoris
532 2201 706 2237 manibus
731 2212 813 2237 eam
839 2212 916 2237 esse
933 2200 1210 2246 adempturum,
1235 2197 1337 2246 quod
1362 2210 1429 2233 sua
1454 2201 1550 2234 esset

50 2250 199 2296 suisque
223 2250 338 2285 armis
362 2261 385 2285 a
409 2249 541 2286 Tui-cis
566 2249 768 2286 vindicata.
820 2261 890 2286 nec
914 2249 1008 2286 tales
1033 2248 1153 2284 solum
1177 2247 1318 2294 ubique
1331 2246 1471 2293 sparsit
1487 2259 1549 2282 ru-

50 2310 182 2342 mores,
208 2297 272 2334 sed
297 2298 450 2345 script-is
474 2299 588 2334 etiam
612 2299 751 2335 litteris
777 2299 908 2354 peiora
933 2298 1162 2342 minabatur,
1185 2308 1281 2343 quae
1305 2295 1353 2331 ad
1368 2295 1550 2341 Aspieten

48 2346 220 2393 quotidie
233 2346 510 2383 deferebantur.
543 2359 674 2383 verum
702 2359 750 2383 ne
773 2347 886 2382 minis
906 2346 1059 2393 quidem
1084 2348 1284 2382 contentus
1303 2345 1417 2380 etiam
1438 2344 1550 2380 factis

50 2397 169 2430 minas
184 2395 402 2431 inlustravit
416 2396 489 2431 alia
503 2396 610 2432 brevi
631 2408 671 2431 se
697 2400 940 2432 executurum
958 2395 1160 2441 pollicitus
1198 2393 1339 2428 milites
1364 2393 1463 2428 enim
1484 2405 1550 2427 un-

48 2443 162 2490 dique
185 2445 379 2480 contraxit
396 2445 595 2480 Armenios
613 2444 824 2491 Gallosque,
842 2456 935 2491 quos
953 2443 1124 2490 quotidie
1140 2441 1347 2478 exercendo
1365 2441 1413 2476 ad
1431 2442 1549 2477 aciem

49 2503 341 2548 congressusque
366 2493 596 2539 proeliorum
621 2493 853 2529 informavit.
901 2492 1094 2528 interdum
1120 2491 1168 2526 ad
1197 2490 1377 2538 praedam
1402 2502 1465 2526 eos
1482 2491 1547 2526 mi

48 2541 99 2576 sit
126 2541 234 2597 quasi
258 2541 404 2577 fumum
430 2542 543 2578 edens
577 2542 744 2578 secuturi
779 2542 879 2588 ignis
901 2541 1181 2587 praenuntium.
1249 2542 1328 2574 tum
1356 2538 1549 2574 machinas

47 2590 166 2625 muris
188 2589 402 2636 quatiendis
425 2594 533 2637 aptas
550 2602 593 2627 ac
610 2591 797 2637 reliquum
816 2602 967 2625 omnem
982 2588 1309 2635 oppugnationum
1324 2590 1547 2633 apparatum

7 2648 10 2649 ’
47 2638 335 2684 diligentissime
359 2639 432 2675 sibi
469 2639 715 2685 comparavit.
770 2639 863 2675 haec
890 2637 1040 2684 quidem
1068 2637 1149 2673 ille:
1180 2639 1220 2672 at
1252 2647 1342 2672 vero
1375 2636 1550 2681 Aspietes

0 2722 3 2734 ἶ
49 2687 262 2732 Armenius,
287 2690 480 2733 tamquam
507 2699 617 2724 nemo
636 2688 672 2723 ei
696 2689 911 2723 immineret
937 2690 1169 2722 terroremve
1196 2685 1355 2720 iniceret
1387 2688 1452 2720 aut
1467 2687 1549 2719 tan-

48 2738 131 2771 tum
145 2737 355 2771 minaretur
367 2737 588 2782 periculum,
597 2748 748 2773 securus
759 2735 1105 2782 compotationibus
1118 2734 1315 2770 nocturnis
1328 2733 1550 2768 immodera-

0 2799 31 2836 k
48 2783 278 2830 tissimisque
308 2788 458 2831 tempus
493 2785 586 2821 terit
608 2797 834 2831 quamquam
863 2784 1090 2820 fortissimus
1115 2782 1350 2828 maximeque
1375 2785 1550 2817 strenuus

27 2831 90 2868 .-ἰιι
113 2832 214 2868 bello
238 2833 355 2868 miles.
419 2833 484 2869 sed
516 2845 601 2870 cum
629 2833 675 2869 ad
703 2834 873 2869 Ciliciam
906 2832 1112 2878 appulisset
1148 2834 1187 2867 et
1223 2832 1391 2866 remotus
1427 2842 1449 2865 a
1485 2829 1549 2865 do-

0 2879 4 2917 ἱ
0 2864 157 2936 ³}th
189 2882 248 2916 sui
272 2881 368 2917 iuris
393 2885 500 2928 esset,
525 2882 788 2918 diversissimis
826 2893 904 2917 sese
941 2881 1114 2916 luxuriae
1136 2879 1281 2915 deliciis
1313 2878 1472 2920 dedidit,
1494 2878 1550 2913 ita

0 2922 41 2993 [ἶ
35 2932 99 2966 ut
121 2929 234 2978 plane
256 2929 492 2968 effeminatus
530 2934 568 2969 et
593 2931 712 2980 magis
737 2932 932 2980 magisque
967 2929 1121 2965 lascivia
1146 2927 1322 2964 diffluens
1354 2937 1549 2974 oppugna
