1780 3138
504 247 771 288 ALEXIADIS
801 248 898 288 Lm.
926 247 992 288 XI.
1025 245 1063 288 9.
1454 245 1533 293 113

33 364 163 419 ἔστιν,
195 363 312 423 ἅπερ
347 365 533 421 οἰκείοις
561 364 718 424 ἱδρῶσι
745 368 818 411 καὶ
847 365 1008 421 πόνοις
1041 367 1338 427 ἐκτησάμεθα,
1370 372 1574 430 ῥᾳδίωςΟ

32 431 176 488 οὕτως
189 430 568 495 ἇποποιὴσασθαι
580 436 619 489 ,·”
639 433 1023 493 ἰποστρεψάντων
1041 438 1079 480 δ’
1096 437 1275 482 ἐκεῖθεν
1289 440 1381 483 τῶν
1396 440 1535 496 πρέσ-

30 505 161 557 βεων,
193 501 257 558 ὥς
285 503 365 558 τὰς
403 507 484 549 τοῦ
515 502 797 562 Βαΐμούντου
838 501 1067 562 ’ὗπανέγνω
1106 509 1291 565 γραφάς,
1334 506 1537 565 διαγνοὺς

31 570 167 616 αὐτὸν
196 572 367 618 ἐκεῖνον
393 565 530 627 αὖθις
570 569 683 618 εἶναι
713 571 792 618 τὸν
813 576 1093 631 Βαϊμοῦντον
1121 576 1425 633 μηδοπωσοῦν
1458 576 1535 620 ἐπὶ

0 638 84 684 5τὸ
114 641 292 698 βέλτιον
317 643 671 701 μεταβληθέντα,
705 644 801 687 δεῖν
832 641 943 700 ἔγνω
984 645 1075 687 τιῦν
1103 641 1240 701 ὁρίων
1286 650 1369 703 τῆς
1410 648 1537 700 βασι-

32 709 154 763 λείας
171 707 400 768 Ῥωμαίων
428 711 694 767 ἀντέχεσθαι
724 712 798 756 καὶ
835 709 915 772 τὴν
944 706 1199 757 ἀκάθεκτον
1227 707 1363 757 αὲτοῦ
1394 711 1537 774 ὁρμὴν

33 775 95 831 ὡς
123 779 222 823 ἕνον
248 775 531 825 ἀνακόπτειν,
580 778 788 837 δυνάμεις
815 781 965 824 τοίνυν
985 778 1159 834 πολλὰς
1179 779 1293 837 μετὰ
1313 783 1392 826 τοῖ’
1418 786 1535 826 Bov-

31 847 244 903 τουμίτου
282 846 395 892 κατὰ
434 851 513 907 τῆς
547 849 753 902 Κιλικίας
782 849 1011 906 ἐξέπεμψε
1049 850 1122 894 καὶ
1151 848 1204 894 τὸ
1241 847 1533 908 ἐλλογιμώτα-

31 933 110 959 τον
147 917 227 961 τοῦ
257 919 578 974 στρατιωτικοῦ
610 915 869 976 καταλόγου,
902 913 1065 974 ἄνδρας
1092 916 1434 975 μαχιμωτάτους
1461 920 1533 963 καὶ

0 979 212 1042 θ’Ἀρεως
240 983 530 1040 ὑπασπιστὰς
555 985 760 1040 ἅπαντας
801 988 875 1031 καὶ
904 982 1038 1031 αὗτὸν
1068 986 1120 1047 δὴ
1151 986 1232 1032 τόν
1252 985 1430 1045 Βάρδαν
1459 989 1532 1032 καὶ

30 1052 110 1098 τὸν
151 1049 462 1111 α’ρχιοινοχόον
503 1052 704 1114 Μιχαήλ,
751 1051 1027 1112 ἀκμάζοντας
1076 1057 1151 1100 καὶ
1201 1051 1436 1116 ἄρτιφυεῖς
1480 1056 1531 1101 τὸ

30 1125 209 1181 γένειον.
265 1119 343 1177 οἳς
385 1121 607 1182 νηπιόθεν
643 1122 1013 1182 προσλαβόμενος
1058 1122 1083 1169 ὁ
1128 1121 1416 1183 αὖτοκράτωρ
1458 1127 1576 1170 καὶΙ)

31 1184 91 1236 τᾶ
115 1191 412 1250 στρατιωτικὰ
452 1191 745 1247 ἐκπαιδεὺσας
789 1191 851 1247 ιῦς
893 1190 1211 1252 εὐνουστέρους
1255 1199 1345 1240 τῶν
1388 1197 1533 1242 ἄλλων

30 1263 95 1320 τῶ
140 1262 423 1322 Βουτουμίτῃ
472 1263 754 1319 παραδίδωσι
798 1263 907 1319 μεθ’
949 1262 1113 1321 ετέρων
1158 1265 1310 1320 χιλίων
1358 1260 1533 1321 ἀνδρῶν

0 1330 241 1387 ὅγενναίων
270 1331 457 1375 Κελτῶν
498 1332 571 1375 καὶ
598 1328 839 1388 Ῥωμαίων,
887 1331 957 1392 ἐφ’
990 1350 1026 1374 ω
1056 1338 1454 1390 σιμπαρομαρτεῖν
1482 1351 1532 1378 τε

0 1398 151 1458 ἀὐτῷ
195 1399 269 1443 καὶ
311 1396 513 1444 ὑπείκειν
557 1399 603 1443 ἕν
645 1398 825 1452 ἅπασιν,
857 1397 950 1456 α’μα
994 1401 1044 1444 δὲ
1081 1402 1155 1446 καὶ
1198 1419 1250 1446 το
1281 1420 1415 1458 τιχον
1441 1404 1533 1447 τῶν

30 1468 137 1510 καθ’
170 1463 290 1523 ὥραν
319 1463 669 1523 ξυμπιπτόντων
698 1466 753 1510 δι’
782 1464 1053 1546 ι’,τορρήτων
1081 1466 1351 1526 γραμμάτων
1371 1470 1532 1528 δηλοῦν

30 1529 166 1593 αὐτῷ.
227 1533 420 1579 ἔσπευδε
449 1535 499 1579 δε
526 1532 606 1595 τὴν
638 1532 818 1580 α’πασαν
856 1534 1006 1617 χώραν
1041 1538 1126 1594 τῆς
1156 1539 1362 1591 Κιλικίας
1400 1555 1532 1582 κατα-

30 1607 164 1659 σχεῖν,
194 1604 239 1648 ίν
267 1605 477 1649 enez-‘hv
505 1606 614 1665 ῥᾷον
654 1604 710 1649 τὰ
739 1604 850 1650 κατὰ
894 1605 974 1666 τὴν
1014 1601 1287 1663 Λντιόχειαν
1333 1606 1530 1690 εξαρτὺῃ.
1543 1619 1581 1654 Ρ.
1609 1621 1680 1654 334

0 1668 207 1729 [ιαπάρας
237 1690 315 1717 ουν
344 1691 369 1716 ο
387 1674 695 1732 Βουτουμίτης
726 1691 807 1718 σιι
830 1672 954 1728 όλαις
983 1677 1035 1719 δι
1029 1693 1194 1733 ναμεσι
1217 1678 1290 1720 καὶ
1318 1678 1425 1734 περὶ
1452 1676 1531 1736 τὴν

28 1735 247 1786 Ἀττάλου
277 1739 506 1801 ἕφθακώς,
540 1742 642 1787 ἐπεὶ
670 1741 749 1787 τὸν
781 1742 958 1800 Βάρδαν
995 1746 1068 1789 καὶ
1104 1744 1183 1790 τὸν
1223 1740 1531 1803 αρχιοινοχόοι

30 1808 217 1868 Μιχαὴλ
244 1809 306 1869 μὴ
338 1808 608 1864 ὖπείκοντας
638 1809 758 1869 ἑώρα
786 1830 838 1871 τιι
893 1811 1056 1858 τούτου
1086 1812 1326 1872 θελήματι,
1367 1816 1440 1859 ι’να
1468 1833 1526 1871 μι-

167 1953 224 1988 10.
251 1947 382 1999 Ἄρεως
404 1952 467 1998 (ως
490 1953 529 1988 in
556 1953 646 1999 ras.)
669 1953 713 1995 F,
740 1948 863 2000 Ἄρεος
890 1953 931 1988 Ρ.

25 2086 198 2123 vicimus.
247 2098 339 2132 ergo
365 2087 426 2128 cui
450 2098 612 2133 aequum
638 2087 761 2124 videri
788 2087 919 2134 possit,
945 2099 1013 2122 nos
1040 2099 1136 2133 quae
1161 2086 1302 2122 nostris
1332 2087 1527 2122 laboribus

29 2135 304 2181 sudoribusque
340 2137 641 2182 comparavimus
675 2139 755 2171 tam
783 2136 892 2172 facile
924 2136 1120 2171 abicere‘?’'
1170 2135 1328 2171 reversis
1353 2136 1440 2171 inde
1478 2135 1527 2170 le-

29 2184 127 2230 gatis
165 2195 251 2219 eum
288 2185 496 2230 imperator
543 2184 752 2220 Boemundi
803 2185 953 2220 litteras
991 2185 1211 2231 perlegisset
1243 2188 1527 2230 cognossetque,

29 2232 189 2268 eundem
214 2244 300 2268 eum
326 2244 403 2268 esse
425 2233 686 2269 Boemundum
712 2245 780 2269 nec
805 2234 881 2269 ullo
906 2233 1017 2269 modo
1044 2233 1092 2268 ad
1118 2233 1269 2272 meliora
1292 2245 1526 2272 conversum.

29 2280 192 2317 Romani
217 2283 369 2328 imperii
393 2282 533 2318 limites
559 2282 782 2317 muniendos
806 2282 1105 2328 indomitamque
1127 2282 1229 2317 illius
1252 2282 1431 2317 ferociam
1456 2293 1526 2327 pro

28 2330 175 2366 viribus
200 2330 445 2377 frangendam
471 2332 630 2367 censuit.
680 2343 796 2377 quare
823 2331 960 2366 multas
984 2343 1069 2367 eum
1098 2330 1293 2366 Butumite
1318 2331 1446 2376 copias
1485 2331 1526 2365 in

29 2377 199 2414 Ciliciam
225 2380 330 2415 misit
365 2383 479 2426 atque
504 2381 628 2425 ipsum
655 2380 846 2415 Romanae
872 2380 1029 2415 militiae
1054 2379 1198 2420 florem,
1225 2379 1449 2414 fortissimos
1472 2379 1526 2415 vi-

27 2438 93 2463 ros
118 2427 327 2474 Martisque
363 2428 543 2464 satellites
582 2441 732 2474 omnes3
771 2429 810 2463 in
847 2429 984 2474 quibus
1021 2431 1130 2463 erant
1168 2429 1280 2463 etiam
1309 2427 1450 2463 Bardas
1487 2432 1526 2462 et

29 2475 336 2523 archipocillator
360 2477 532 2520 Michael,
571 2477 747 2512 florentes
780 2481 904 2513 aetate
942 2478 1095 2512 iuvenes
1121 2476 1310 2522 malasque
1347 2476 1525 2522 lanugine

29 2524 233 2570 signantes,
260 2537 355 2571 quos
379 2537 399 2561 a
429 2526 557 2571 pueris
585 2527 792 2572 imperator
818 2537 942 2562 secum
966 2526 1152 2561 habuerat
1176 2537 1219 2560 ae
1246 2525 1405 2560 militari
1441 2528 1524 2560 arte

29 2572 230 2610 imbuerat.
282 2574 361 2618 hos,
393 2576 534 2620 quippe
575 2586 667 2620 prae
702 2575 838 2611 ceteris
878 2575 936 2610 sui
974 2574 1278 2615 studiosissimos,
1317 2585 1402 2609 eum
1440 2573 1525 2608 aliis

28 2622 134 2657 mille
170 2623 467 2668 generosissimis
513 2623 698 2659 militibus
732 2635 801 2669 pal
804 2624 870 2658 tim
897 2623 1014 2658 Gallis
1053 2623 1194 2668 partim
1232 2622 1412 2657 Romanis
1449 2625 1525 2656 tra·

11 2669 90 2706 *dit
113 2671 345 2718 Butumitae‚
368 2671 434 2717 qui
460 2683 545 2706 eum
569 2673 844 2707 comitarentur
864 2672 975 2717 eique
998 2672 1308 2716 obtemperarent
1331 2671 1369 2706 in
1404 2671 1524 2705 omni-

0 2716 100 2759 abus
127 2720 251 2764 rebus,
290 2723 328 2756 et
353 2732 611 2766 quaecumque
635 2720 850 2756 acciderent
886 2721 1031 2756 arcanis
1070 2720 1200 2754 statim
1225 2718 1366 2754 litteris
1401 2719 1448 2754 ad
1487 2730 1525 2754 se

0 2766 233 2811 ''fideferrent
294 2770 414 2804 totius
450 2774 576 2804 autem
602 2769 754 2805 Ciliciae
786 2770 1002 2815 provinciae
1036 2779 1220 2814 occupare
1255 2768 1524 2814 possessionem

15 2814 219 2862 &cupiebat
259 2829 347 2863 quo,
367 2829 478 2863 -quae
513 2817 560 2852 de
587 2818 790 2853 Antiochia
814 2817 1054 2862 moliebatur,
1086 2816 1233 2852 facilius
1265 2828 1417 2862 exsequi
1442 2828 1525 2862 pos-

14 2867 98 2905 {bet
147 2866 391 2910 quamobrem
416 2866 629 2902 Butumites
666 2867 839 2902 omnibus
863 2866 984 2912 copiis
1009 2865 1213 2911 profectus,
1237 2865 1305 2900 ubi
1330 2865 1377 2900 ad
1404 2864 1526 2900 Attali

6 2913 161 2962 27=girbem
179 2915 283 2950 venit
307 2914 516 2950 aeBardan
541 2918 580 2951 et
594 2914 816 2951 Miehaelem
844 2913 1214 2963 archipocillatqrem
1228 2925 1315 2949 suae
1338 2913 1525 2949 voluntati

0 2983 23 3007 “⁵
107 2985 224 3021 Anna
250 2984 444 3023 Gomnena.
491 2987 549 3024 II.
1309 2987 1333 3021 8
