1734 3120
506 222 770 256 ALEXIADIS
799 223 893 256 LIB.
922 224 1027 256 XIII.
1059 219 1096 258 3.
1125 234 1129 237 ·
1472 219 1547 259 191

59 332 188 388 κότες
226 333 387 393 ἔλεγον,
430 333 489 393 μὴ
532 333 601 380 ὅτι
641 353 687 394 γε
719 331 791 389 οἷς
835 338 1148 393 προσεπέλασε
1194 341 1552 398 φρικωδέστατον

59 404 219 461 θέαμα.
281 399 371 459 εἶχε
401 404 450 448 δὲ
477 406 679 449 τοιιῦσδε.
740 402 909 462 πύργος
946 403 1118 461 ξύλινος
1147 406 1471 454 κατεσκεύαστο
1503 410 1550 453 ἐκ

56 470 331 530 τετραγώνου
360 471 537 528 βάσεως
567 472 631 526 εἷς
660 468 894 531 ἀξιόλογον
911 475 1053 532 μῆκος
1073 470 1262 533 ἠρμένος
1289 478 1362 521 καὶ
1391 479 1550 522 ‘coco'-

55 557 144 593 τον,
194 538 309 586 ὥστε
350 545 440 585 τῶν
469 545 547 600 τῆς
578 540 758 594 πόλεως
787 540 969 599 πύργων
1003 541 1286 599 ὑπερανέχειν
1321 544 1385 598 εἷς
1416 546 1548 590 πέντε

21 622 146 655 5που
177 610 251 653 καὶ
281 607 332 665 ἓξ
358 607 518 668 πήχεις
543 609 596 653 τι)
628 608 758 667 ὕψος.
819 608 910 654 ἔδει
930 608 1010 667 γὰρ
1033 608 1176 664 οὕτως
1195 611 1549 658 κατεσκευάσθαι

54 674 135 736 τον,
164 673 335 733 μόσυνα
364 679 534 731 τοῦτον,
582 679 654 722 ἵνα
696 675 770 723 διά
813 696 946 722 τινων
988 676 1270 736 ὑποβαθρών
1311 678 1550 737 μετεώρων

55 743 171 800 πρὸς
190 743 241 790 τό
262 745 616 805 χθαμαλώτερον
634 748 1011 804 καταχαλωμένων
1034 746 1086 792 τὸ
1106 752 1254 803 τεῖχος
1273 751 1351 808 τῆς
1372 747 1588 803 πόλεωςΟ

55 813 232 857 ἐκεῖθεν
262 809 457 868 εὐκόλως
488 817 844 872 καταδραμεῖται.
902 813 1023 860 οἱῖτω
1060 814 1140 873 γὰρ
1177 814 1229 860 ἂν
1265 816 1316 861 τὸ
1349 817 1549 876 σφοδρὸν

53 884 134 939 τῆς
163 879 301 940 ῥύμης
334 882 411 927 οὐκ
441 880 494 927 ἂν
522 881 803 942 ὑπενέγκοιεν
824 881 865 928 οἱ
897 881 1098 941 ἐγχώριοι
1129 880 1199 929 dei
1228 885 1345 942 πρὸς
1371 884 1424 930 τὸ
1446 904 1550 930 κατ-

0 957 42 1000 10
54 947 161 993 όπιν
188 945 459 1008 ὠθούμενοι.
493 947 681 1013 ὅπτικὴν
711 954 759 997 δὲ
789 953 873 1009 ἄρα
899 953 978 1013 τήν
1009 951 1255 1013 ἐπιστήμην
1289 952 1546 1008 ἐπλούτουν,

53 1016 116 1072 aig
147 1018 303 1074 ἔοικεν,
337 1018 379 1064 οἳ
410 1019 462 1065 vc)
480 1019 728 1078 Δυρράχιον
756 1024 1102 1079 πολιορκοῦντες
1115 1020 1346 1080 βάρβαροι.
1390 1020 1443 1068 01³·
1468 1022 1548 1083 γὰρ

52 1082 154 1132 ἄνευ
184 1086 391 1148 τοιαύτης
420 1087 650 1146 δυνάμεως
678 1088 733 1134 τὰ
761 1088 855 1149 ὕψη
885 1094 975 1134 τῶν
1007 1093 1167 1146 τειχῶν
1192 1090 1544 1149 κατελάμβανον·

53 1154 92 1201 εἰ
122 1158 171 1201 δὲ
197 1157 257 1218 μὴ
284 1154 482 1218 ὀπτικῆς,
523 1154 632 1202 ἄλλά
662 1175 708 1216 γε
739 1162 817 1218 τῆς
845 1157 938 1203 ἀπὸ
974 1162 1064 1203 τῶν
1104 1161 1332 1218 ὁιοπτρῶν
1361 1158 1547 1222 καταλή-

53 1232 192 1280 ψεως.
254 1223 278 1270 ὃ
308 1227 413 1283 γοῦν
442 1223 616 1283 πύργος
644 1226 812 1280 ἐκεῖνος
841 1226 1039 1286 φοβερὸς
1067 1228 1148 1284 μὲν
1185 1227 1307 1281 ἰδεῖν,
1341 1227 1547 1288 φοβερώ-

0 1297 39 1336 15
53 1309 182 1348 τερος
209 1294 258 1337 δὲ
297 1291 555 1350 κινούμενος
589 1296 894 1355 κατεφαίνετο.
962 1298 1115 1353 τροχοὶ
1150 1297 1230 1354 γὰρ
1267 1298 1430 1341 πολλοὶ
1469 1295 1547 1358 τὴν

50 1358 185 1417 βάσιν
214 1357 335 1421 αὐτῷ
366 1360 656 1420 μετεώριζον·
699 1359 1111 1421 οἷναμοχλευόμενος
1145 1366 1193 1409 δὲ
1233 1363 1324 1410 ὑπὸ
1357 1369 1447 1410 τῶν
1478 1364 1547 1410 ἔν-
1560 1373 1601 1408 V.
1630 1375 1699 1409 305

52 1430 130 1473 δον
158 1433 444 1487 στρατιωτῶν
466 1435 564 1485 τοῖς
589 1433 775 1489 μοχλοῖς
803 1430 985 1490 θάμβος
1012 1433 1157 1478 ἐποίει
1185 1433 1245 1493 μὴ
1281 1435 1592 1494 φαινομένηςῐ)

51 1501 133 1555 τῆς
163 1493 300 1558 ἀρχῆς
328 1502 411 1558 τῆς
438 1498 666 1558 κινήσεως,
707 1495 800 1544 ἄλλ’
834 1499 988 1558 ὥσπερ
1028 1519 1095 1554 τις
1136 1502 1256 1560 γίγας
1292 1501 1546 1562 ’ὗπερνεφὴς

52 1561 128 1624 ἀφ’
161 1565 318 1612 ἑαυτοῦ
349 1565 494 1612 ἐδόκει
525 1570 793 1625 κινούμενος.
850 1569 1083 1628 ἐστέγαστο
1115 1569 1199 1628 γάρ
1230 1568 1546 1626 ἁπανταχόθεν

0 1633 100 1677 Ξῦἒκ
128 1632 302 1691 βάσεως
345 1630 442 1693 ἷίχρι
485 1639 685 1696 κορυφῆς
729 1638 801 1682 καὶ
847 1637 912 1691 εἷς
953 1639 1108 1696 στέγας
1146 1637 1318 1692 πολλὰς
1363 1636 1544 1700 διῄρητο

51 1704 124 1747 καὶ
153 1705 309 1761 θυρίσι
339 1707 483 1765 κύκλῳ
528 1709 840 1760 παντοδαπαῖς
881 1704 1089 1766 η’νέῳκτο,
1138 1704 1210 1767 εἶφ’
1238 1700 1300 1752 ὦν
1333 1709 1543 1765 ἐξέπιπτε

50 1772 155 1830 βέλη
189 1771 346 1828 συχνά·
376 1773 494 1831 πρὸς
525 1776 573 1819 δὲ
602 1776 654 1819 τὸ
684 1771 897 1820 ἄνωτάτω
926 1778 1063 1833 μέρος
1097 1771 1253 1835 ἄνδρες
1290 1769 1400 1836 ἦσαν
1437 1778 1597 1832 ἐξω-Ρ,
1625 1793 1694 1827 385

186 1890 217 1924 6.
243 1887 473 1937 ὑποβαθρῶν
499 1891 542 1932 F,
569 1887 798 1938 ὖποβάθρων
822 1891 862 1927 Ρ.
962 1893 994 1928 8.
1024 1908 1351 1924 ιιιιιιιιιιιιιι
1379 1890 1472 1928 οὕτω
1499 1894 1543 1930 F.

186 1938 245 1973 20.
272 1941 334 1973 καὶ
362 1940 526 1986 κορυφῆς
542 1939 582 1979 Ρ,
610 1942 671 1974 καὶ
695 1951 768 1975 om.
787 1940 866 1976 FA-

51 2054 203 2097 aspectu
220 2053 401 2097 terribile,
424 2058 478 2100 ut,
494 2056 559 2101 qui
577 2056 766 2102 viderunt,
783 2056 1019 2102 confirmant,
1037 2069 1083 2094 ne
1101 2057 1221 2093 dicam
1239 2057 1286 2092 de
1305 2058 1360 2102 iis,
1386 2057 1433 2092 ad
1451 2070 1544 2104 quos

51 2100 279 2136 horrendum
306 2102 407 2138 istud
439 2105 692 2150 spectaculum
718 2106 873 2152 propius
911 2106 1072 2142 accessit.
1131 2106 1205 2141 fuit
1230 2109 1354 2141 autem
1380 2106 1478 2142 hunc
1503 2108 1543 2142 in

50 2149 202 2184 modum
228 2150 452 2187 confectum.
486 2152 611 2199 lignea
636 2155 1076 2200 eomponebatur.t1n·ris
1101 2166 1121 2190 e
1145 2154 1331 2200 quadrata
1356 2154 1436 2190 hasi
1461 2158 1543 2190 tan-

0 2212 2 2229 1
50 2201 128 2233 tam
154 2199 191 2233 in
218 2198 457 2235 altitudinem
482 2213 691 2248 assurgenS,
717 2206 760 2238 ut
787 2215 899 2249 supra
923 2203 1029 2238 urbis
1056 2206 1180 2238 turres
1204 2204 1370 2249 quinque
1395 2203 1452 2239 vel
1480 2215 1542 2239 sex

50 2246 197 2282 cubitos
221 2249 416 2284 emineret.
455 2249 509 2284 ita
534 2252 633 2286 enim
660 2263 704 2286 ea
729 2252 847 2287 turris
873 2251 1091 2287 fabricanda
1117 2251 1200 2296 fuit,
1228 2255 1270 2287 ut
1295 2252 1543 2298 hypobathris

51 2296 238 2340 suspensis
262 2308 420 2342 pronam
448 2298 622 2334 deorsum
644 2300 743 2335 viam
770 2301 1038 2346 praebentibus
1063 2299 1174 2335 facile
1199 2301 1238 2335 in
1265 2301 1413 2335 moenia
1438 2301 1542 2336 urbis

51 2343 200 2379 decurri
233 2348 368 2390 posset.
433 2347 485 2382 sic
524 2348 662 2383 incolas
687 2349 877 2395 ingentem
914 2349 990 2384 vim
1025 2349 1186 2394 impetus
1223 2348 1372 2395 longius
1398 2360 1542 2395 semper

52 2392 216 2438 repulsos
243 2397 518 2430 sustentaturus
543 2408 618 2432 non
644 2408 722 2432 esse
739 2398 935 2442 putabant.
962 2397 1075 2432 fuisse
1094 2409 1181 2433 vero
1202 2397 1451 2443 Dyrrachium
1478 2398 1542 2433 ob·

51 2440 213 2476 sidentes
235 2441 387 2477 barbari
413 2443 608 2480 doctrinae
633 2447 782 2491 opticae
815 2446 1037 2491 peritissimi
1061 2445 1249 2490 videntur,
1277 2457 1345 2481 nec
1371 2446 1450 2482 sine
1473 2446 1542 2482 hac

3 2498 5 2500 ·
50 2489 206 2524 scientia
221 2493 288 2526 aut
301 2503 368 2526 usu
386 2492 514 2527 saltem
529 2493 802 2539 dioptricorum
818 2495 1154 2530 instrumentorum
1169 2495 1357 2529 moenium
1372 2494 1541 2530 altitudi-

51 2549 134 2572 nem
150 2538 316 2574 dimetiri
334 2541 553 2585 potnissent.
596 2546 762 2578 ceterum
779 2543 897 2578 turris
911 2543 984 2578 ista
996 2543 1178 2578 terribilis
1195 2542 1344 2588 quidem
1359 2543 1451 2587 visu,
1467 2546 1541 2578 ter-

51 2585 199 2621 ribilior
239 2591 362 2623 autem
397 2600 481 2624 cum
509 2590 780 2626 admovebatur
804 2591 992 2637 apparuit.
1039 2591 1178 2626 multae
1204 2591 1303 2626 enim
1330 2591 1409 2626 eius
1434 2592 1541 2627 basin

11 2636 18 2642 “
51 2635 287 2671 sustinebant
314 2639 432 2682 rotae,
466 2650 626 2685 cumque
651 2652 672 2674 a
696 2639 882 2674 militibus
917 2639 1069 2675 inclusis
1094 2639 1211 2675 turris
1236 2640 1405 2675 vectibus
1434 2641 1541 2676 vehe-

4 2710 7 2712 .
49 2686 167 2728 retur,
191 2684 443 2730 obstupefecit
467 2698 605 2733 omnes,
627 2699 738 2723 causa
761 2692 885 2723 motus
902 2688 1013 2723 initio
1040 2687 1269 2732 abscondita,
1296 2689 1542 2735 praebuitque

51 2732 211 2776 speciem
256 2733 421 2779 gigantis
459 2736 577 2770 nubes
614 2737 753 2772 vertice
789 2737 980 2782 tangentis
1020 2748 1063 2771 ac
1097 2739 1230 2782 sponte
1267 2747 1304 2771 se
1346 2738 1540 2773 moventis.

49 2782 150 2815 tecta
175 2784 257 2815 erat
281 2782 445 2828 undique
470 2795 492 2818 a
516 2784 596 2819 basi
622 2797 738 2831 usque
762 2785 809 2820 ad
830 2785 1022 2830 fastigium
1050 2788 1088 2819 et
1113 2785 1154 2820 in
1183 2785 1320 2820 multas
1346 2785 1539 2832 contigna-

50 2827 169 2863 tiones
205 2829 334 2865 divisa.
401 2835 510 2867 erant
541 2836 665 2868 autem
700 2836 853 2879 apertae
878 2833 1020 2868 circum
1045 2834 1083 2868 in
1110 2844 1238 2868 omnes
1274 2836 1400 2879 partes
1425 2834 1540 2869 fenes-

50 2878 132 2912 trae
171 2877 368 2924 plurimae,
409 2891 476 2925 per
514 2892 605 2926 quas
646 2883 780 2917 crebra
811 2883 1048 2918 iactabantur
1080 2881 1174 2927 teis,
1214 2882 1327 2928 inque
1366 2894 1540 2928 suprema
