1806 3132
287 208 371 252 584
809 218 988 254 GARom
1016 218 1255 254 DUOANGII

285 331 495 375 Ecclesiae
526 331 683 375 Christi
715 332 898 376 traditus
929 332 1057 375 fuisse
1086 332 1254 385 dicitur,
1285 332 1348 376 ita
1378 333 1426 376 ut
1455 346 1640 390 paganos
1671 335 1767 378 imi-

285 389 368 432 tati
389 389 694 443 quodammodo
715 388 937 433 videantur
956 387 1197 440 Christiani,
1220 389 1306 444 qui,
1327 390 1376 432 ut
1396 390 1518 433 autor
1537 391 1598 434 est
1614 392 1762 446 Varro,

286 458 381 488 cum
421 445 670 489 afferebatur
713 446 868 498 lumen,
911 446 1141 488 exclamare
1186 446 1388 498 solebant,
1434 447 1533 503 φῶς
1577 441 1764 503 οἷγαθόν.

285 502 427 557 Atque
466 502 519 545 ad
557 502 681 545 huius
711 501 957 545 Graecanici
988 501 1148 557 Hymni
1186 502 1418 557 exemplum
1447 504 1588 547 Latini
1617 505 1765 549 Patres

285 558 488 613 quosdam
519 558 822 602 concinnarunt
852 558 1026 604 metrica
1053 558 1254 611 oratione,
1298 571 1400 614 quos
1437 560 1565 604 etiam
1590 561 1767 616 Vesper-

283 616 468 658 tinorum
510 615 789 670 appellatione
833 615 1063 665 donarunt;
1106 615 1339 658 cuiusmodi
1382 616 1454 660 illc
1497 618 1559 660 est
1603 619 1675 673 qui
1713 619 1766 662 ab

284 671 474 715 Ennodio
505 673 698 715 exaratus
733 673 891 727 legitur
920 685 1045 716 carm.
1070 673 1134 715 10.
1169 672 1209 715 et
1239 672 1347 715 alter
1376 686 1400 716 a
1430 673 1660 718 Prudentio
1694 675 1766 718 lib.

286 727 517 772 Cathemer.
558 729 683 784 Hym.
717 730 755 772 6.
798 730 870 784 qui
911 730 970 772 ad
1013 730 1230 772 incensum
1272 729 1468 773 lucernae
1510 730 1765 775 inscribitur.

286 785 424 828 Autor
463 786 525 828 est
569 786 782 840 praetcrea
817 786 997 829 Michael
1027 785 1190 828 Psellus
1232 786 1302 829 lib.
1341 786 1391 829 de
1421 786 1589 841 Operat.
1619 788 1765 831 Daem.

284 842 327 884 in
348 842 412 884 his
435 842 690 896 vespertinis,
712 855 783 885 seu
803 842 1085 885 lucernalibus
1116 842 1277 895 officiis,
1294 843 1538 887 Dominicae
1553 844 1767 888 Passionis

285 899 425 941 actam
455 898 724 941 memoriam:
763 895 983 953 εΕσπέροις
1012 895 1089 955 γὰρ
1121 895 1237 953 πρὸς
1266 895 1432 952 λύχνων
1462 896 1591 957 ἁφὰς,
1624 897 1767 944 ὁπόθ’

284 950 387 1013 ἡμῖν
416 951 466 996 τό
497 950 715 1013 σωτήριον
742 954 986 1009 ἕξυμνεῖται
1018 952 1173 1006 πάθος
1200 957 1277 1000 etc.
1343 956 1485 1012 Atque
1514 970 1562 1000 ex
1591 958 1655 1000 his
1673 971 1767 1013 per-

283 1012 422 1066 spicue
451 1012 567 1066 patet
610 1024 693 1054 non
727 1012 990 1056 mediocriter
1026 1013 1192 1067 lapsum
1226 1012 1501 1057 Anastasium
1540 1014 1586 1056 in
1617 1014 1767 1058 Collat.

284 1067 325 1112 S.
342 1068 516 1111 Maximi
530 1068 657 1111 Mart.
689 1081 784 1111 cum
803 1068 962 1113 Graeca
993 1071 1118 1112 verba
1149 1065 1321 1122 λύχνων
1350 1065 1479 1128 ἁφὴν,
1512 1083 1585 1113 seu
1615 1070 1768 1124 λυχνα-

284 1123 402 1179 φίαν,
434 1128 590 1168 tactum
622 1125 816 1169 lucernae
845 1126 984 1178 vertit,
1027 1127 1093 1168 cui
1134 1126 1335 1181 imposuit
1380 1140 1459 1170 vox
1504 1123 1613 1185 ἁφή,
1661 1141 1766 1183 quae

284 1179 455 1225 Graecis
484 1185 651 1234 tactum,
691 1182 866 1237 ,perinde
908 1196 957 1225 ac
1002 1184 1282 1226 accensionem
1328 1183 1559 1238 significat:
1602 1184 1768 1228 Eadem

284 1239 363 1292 die,
393 1238 506 1281 circa
535 1242 691 1282 tactum
719 1239 929 1293 lucernae,
960 1238 1132 1282 Troilus
1168 1240 1245 1282 etc.
1319 1239 1474 1282 Verum
1505 1241 1548 1283 in
1580 1241 1765 1284 confesso

283 1307 368 1338 esse
406 1294 526 1337 debet
557 1295 681 1350 longe
724 1296 820 1339 ante
852 1296 1111 1340 Christianos
1149 1297 1258 1339 hanc
1299 1296 1496 1351 loquendi
1540 1297 1767 1341 formulam

281 1351 326 1394 iu
355 1364 433 1394 usu
460 1351 599 1403 fuisse,
632 1353 674 1395 et
701 1353 997 1396 vetustissimis
1020 1352 1274 1396 Graecorum
1296 1354 1452 1406 notam,
1487 1366 1534 1396 ex
1554 1354 1766 1398 Herodoto

281 1408 354 1451 lib.
378 1409 415 1451 7.
449 1400 649 1461 ὦρμέατο
681 1408 729 1451 δὲ
758 1408 863 1464 περὶ
893 1405 1059 1462 λύχνων
1098 1405 1222 1467 ἁφάς
1257 1408 1303 1452 ἐκ
1332 1410 1418 1452 τοῦ
1446 1410 1765 1464 στρατοπέδου.

282 1465 344 1507 De
365 1464 598 1508 lucernario
620 1465 699 1508 erit
720 1466 827 1509 alius
849 1466 1014 1510 dicendi
1034 1467 1163 1510 locus.
1210 1466 1337 1509 Anna
1359 1466 1433 1510 lib.
1458 1467 1523 1510 13.
1553 1481 1649 1523 pag.
1667 1469 1763 1511 393.

281 1517 447 1573 λύχνων
477 1516 594 1577 ἁφὰς
621 1522 902 1577 metaphorice
932 1524 1107 1578 usurpat
1136 1536 1209 1578 pro
1241 1523 1374 1577 operis
1415 1523 1648 1579 cuiuspiam
1684 1525 1766 1568 fine

281 1577 323 1620 et
353 1577 477 1620 exitu.
537 1578 645 1621 Vide
675 1592 769 1634 pag.
789 1580 885 1622 482.
916 1581 958 1623 et
987 1579 1240 1623 Cinnamum
1270 1579 1343 1623 lib.
1365 1579 1405 1622 4.

46 1637 269 1684 Pag.235.C
415 1630 496 1690 Μὴ
535 1630 671 1688 μόνον
706 1632 990 1691 ψεύδεσθαι]
1040 1637 1099 1680 Eo
1144 1637 1287 1679 tamen
1332 1636 1498 1680 nomine
1541 1637 1695 1692 passim
1738 1651 1763 1681 a

280 1690 433 1733 nostris
460 1691 758 1746 perstringitur
777 1693 961 1746 Alexius,
981 1693 1200 1748 tamquam
1228 1693 1361 1736 dolosi
1388 1694 1452 1736 vir
1482 1694 1626 1745 animi,
1649 1694 1767 1737 fidei-

281 1759 360 1801 que
389 1759 439 1790 ac
470 1748 689 1791 verborum
719 1762 871 1804 parcus
903 1751 1155 1793 observator.
1217 1749 1324 1793 Vide
1353 1749 1584 1805 Scriptores
1615 1751 1766 1794 lauda-

279 1804 345 1846 tos
378 1804 430 1846 ab
459 1803 705 1848 Hoeschelio
737 1805 782 1848 in
810 1806 911 1849 Not.
942 1806 996 1850 ad
1026 1806 1209 1849 Annam.

34 1859 266 1907 Pag.236.B
413 1853 635 1919 Ἀριέβης]
671 1862 839 1905 Ariebis
863 1863 1066 1916 Armenii,
1098 1863 1216 1906 cuius
1244 1863 1399 1906 iterum
1427 1864 1621 1906 meminit
1641 1863 1766 1907 Anna

279 1916 352 1959 lib.
374 1916 412 1960 5.
455 1919 495 1959 et
534 1916 802 1961 Constantini
848 1919 1149 1974 Hermenopuli
1192 1919 1524 1963 coniurationem
1567 1922 1766 1964 enarrant

279 1973 436 2027 pariter
465 1973 647 2017 Zonaras
672 1975 713 2017 et
743 1974 909 2030 Glycas.

233 2037 265 2072 D
413 2023 792 2083 ’Λρχιεπισκόπου
810 2031 1126 2088 ’Βουλγαρίας]
1174 2033 1266 2076 Hoc
1310 2033 1384 2085 est,
1433 2032 1631 2076 Achridis
1659 2033 1765 2076 Bul-

277 2085 421 2140 gariae
451 2086 740 2142 MetropoIeos,
771 2089 890 2132 cuius
919 2102 965 2132 eo
996 2102 1098 2132 aevo
1130 2089 1478 2144 Archiepiscopus
1508 2091 1599 2134 erat
1629 2090 1763 2132 Theo-

278 2141 510 2197 phylactus‚
565 2144 702 2199 patria
747 2143 1251 2200 Constantinopolitanus‚
1303 2146 1469 2201 scriptis
1509 2146 1554 2188 in
1600 2159 1762 2190 sacram

278 2197 539 2253 Scripturam
570 2201 611 2243 et
641 2202 954 2245 commentariis
985 2202 1241 2246 notissimus.
1297 2202 1462 2245 Floruit
1483 2203 1593 2246 enim
1615 2203 1762 2246 Alexio

279 2253 487 2298 Comneno
531 2256 774 2311 imperante,
820 2271 904 2302 non
945 2271 1042 2302 vero
1085 2259 1161 2302 sub
1204 2259 1394 2302 Romano
1440 2259 1639 2315 Diogene,
1689 2259 1764 2302 aut

276 2310 480 2355 Michaele
509 2313 640 2366 Duca,
676 2314 739 2356 uti
769 2315 863 2358 vult
891 2314 1129 2358 Cardinalis
1162 2316 1382 2368 Baronius‚
1415 2316 1527 2370 quod
1557 2329 1603 2359 ex
1633 2315 1763 2371 ipsius

277 2367 475 2421 Epistolis
504 2382 528 2412 a
558 2370 739 2413 Meursio
770 2371 892 2415 editis
917 2372 1019 2415 satis
1053 2372 1231 2424 constat,
1263 2385 1441 2426 quarum
1474 2372 1680 2427 quaedam
1709 2372 1763 2415 ad

276 2422 512 2468 Adrianum
542 2425 680 2469 Alexii
707 2427 893 2479 fratrem,
926 2428 1209 2483 Nicephorum
1237 2428 1504 2471 Melissenum
1527 2428 1758 2481 Caesarem,

277 2477 525 2535 Gregorium
570 2483 829 2536 Taronstam,
874 2485 1157 2540 Nicephorum
1198 2485 1456 2540 Bryennium
1482 2485 1620 2528 Alexii
1659 2497 1758 2528 con-

275 2548 474 2590 socerum,
510 2539 766 2595 Bryennium
798 2540 935 2584 Alexii
966 2555 1178 2596 generum,
1211 2542 1252 2584 et
1281 2541 1386 2584 alios
1417 2554 1464 2584 ex
1489 2541 1693 2585 Alexiana
1721 2543 1762 2585 et

278 2590 488 2636 Comnena
519 2594 700 2639 Familia
729 2596 944 2652 Principes
975 2598 1156 2652 scriptae
1189 2598 1298 2650 sunt,
1329 2611 1413 2641 una
1441 2598 1569 2641 etiam
1597 2598 1651 2641 ad
1681 2598 1760 2641 Ni-

278 2648 442 2692 colaum
484 2649 790 2705 Patriarcham,
835 2654 907 2708 qui
936 2654 1238 2697 Pontificatum
1280 2654 1378 2696 iniit
1407 2654 1560 2697 Indict.
1590 2665 1674 2699 VII.
1708 2655 1760 2698 A.

278 2703 351 2747 Ch.
395 2716 632 2752 MLXXXIV.
676 2709 894 2753 Praeterea
935 2724 983 2753 ex
1024 2710 1286 2766 Panegyrico
1330 2710 1476 2754 Alexio
1511 2711 1760 2765 Imperatori

278 2760 404 2813 dicto,
443 2763 514 2817 qui
558 2765 797 2808 asservatur
837 2766 881 2808 in
912 2766 1175 2810 Bibliotheca
1203 2767 1411 2810 Bavarica
1438 2767 1492 2810 N.
1517 2768 1610 2810 116.
1642 2768 1761 2811 cuius

283 2816 476 2861 editionis
520 2832 634 2875 spem
673 2821 791 2865 nobis
831 2822 976 2867 iniecit
1022 2823 1209 2868 eruditus
1239 2823 1387 2868 Annae
1417 2823 1639 2880 Interpres.
1697 2825 1760 2868 De
