1806 3132
214 458 248 494 A

261 208 345 251 626
781 218 959 253 CAROLI
988 218 1228 253 DUOANGII

258 332 325 377 illi
355 335 493 376 truces
523 332 581 376 ad
609 332 913 387 improperium
955 333 993 376 ei
1018 332 1219 389 fecerunt,
1261 334 1407 389 qratia
1436 331 1522 377 Dei
1551 333 1609 377 ad
1637 332 1754 376 salu-

260 394 342 433 tem
370 393 562 433 nostram
591 393 630 433 et
657 390 842 445 yloriam
871 394 1124 433 versumest
1154 390 1231 433 etc.

397 445 664 501 Βαβυλῶνος
708 443 973 506 Ἀμεριμνῇ]
1006 440 1342 504 Ἀμερμουμνῆς
1373 446 1528 489 dicitur
1566 446 1749 490 Cedreno

260 504 302 547 et
323 504 509 547 Zonarae
540 503 584 546 111
609 504 839 559 Theophilo
871 505 912 547 et
935 503 1211 547 Constantino
1233 503 1387 558 Porph.
1418 503 1468 546 de
1498 503 1622 547 Adm.
1644 504 1750 558 Imp.

261 574 349 616 cap.
368 561 435 604 25.
483 560 555 616 qui
586 560 736 604 Annae
780 555 1059 616 Ἀμεριμνῆς.
1137 560 1206 604 Sic
1233 561 1374 603 autem
1403 572 1629 614 supremos,
1662 561 1752 615 qui-

259 618 337 661 bus
366 617 581 672 parebant,
616 617 831 672 Principes
862 617 1153 673 indigitabant
1183 617 1310 660 Turci
1338 617 1380 659 et
1410 616 1620 669 Saraceni,
1652 630 1754 672 quos

259 674 371 717 inter
399 674 581 729 primum
613 674 798 717 obtinuit
826 674 966 717 locum
985 674 1307 717 Amermumnes
1337 673 1551 716 Asiaticus
1583 674 1754 729 Bagda-

259 731 403 783 tensiS,
435 743 506 774 seu
534 731 805 786 Babylonius,
838 731 910 785 qui
935 731 1171 785 imperabat
1207 731 1427 774 universae
1456 730 1638 783 Africae,
1670 730 1755 773 Ae-

260 788 404 844 gypto,
437 787 583 844 Syriae
645 789 685 831 et
716 788 901 831 Arabiae
932 788 1074 839 Felici,
1121 788 1271 842 quibus
1307 787 1541 830 Provinciis
1576 787 1754 831 totidem

260 845 469 888 Praefecti
516 845 636 888 erant
668 844 908 895 Amerades,
955 857 1026 887 seu
1058 845 1267 889 Amiralii.
1329 844 1396 887 Ab
1427 844 1541 887 illius
1574 844 1753 899 Imperio

261 902 407 945 avulsa
437 901 619 956 primum
649 901 809 954 Africa,
841 901 988 944 deinde
1018 902 1169 953 Persis,
1211 915 1282 945 seu
1317 901 1545 953 Chorozan,
1578 901 1755 956 denique

260 958 422 1001 Arabia
452 958 580 1011 Felix,
619 971 797 1013 quarum
828 958 1069 1009 Amerades,
1116 971 1284 1002 excusso
1316 959 1598 1013 Bagdatensis
1641 958 1754 1013 iugo,

262 1017 582 1058 Amermumnes
608 1028 651 1058 se
679 1015 994 1070 inscripserunt.
1060 1016 1128 1058 Ita
1159 1016 1547 1071 Porphyrogenitus
1577 1015 1667 1058 loco
1701 1016 1754 1057 ci-

261 1073 366 1115 tato.
425 1072 486 1114 At
507 1072 644 1115 Alexii
675 1085 789 1124 aevo,
812 1071 933 1127 Syria
966 1073 1122 1127 partim
1152 1072 1341 1127 Principi
1373 1072 1645 1126 Bagdatensi,
1683 1085 1755 1115 seu

263 1128 518 1180 Chorozauo,
550 1128 705 1183 partim
738 1129 949 1184 Aegyptio
982 1129 1160 1172 Sultano
1196 1129 1380 1184 parebat.
1440 1130 1560 1172 Unde
1590 1129 1635 1171 in
1655 1128 1756 1172 His-

261 1186 372 1229 toria
401 1185 511 1228 Belli
545 1185 663 1229 Sacri
699 1186 854 1240 passim
884 1185 1093 1241 Principis
1132 1186 1351 1241 utriusque
1379 1187 1633 1229 mentionem
1666 1186 1756 1229 fieri

262 1243 482 1286 observare
508 1242 581 1285 est.
643 1242 980 1297 Hierosolymam
1002 1243 1113 1286 enim
1144 1244 1184 1286 et
1211 1244 1334 1286 urbes
1365 1243 1600 1286 adiacentes
1631 1243 1755 1298 paulo

246 1300 360 1342 -ante
381 1299 639 1342 Francorum
661 1299 705 1341 in
728 1299 803 1342 has
826 1299 974 1355 plagas
1006 1299 1321 1355 Expeditionem
1350 1299 1526 1352 Persico,
1558 1300 1624 1343 vel
1648 1299 1756 1343 Cho-

261 1369 427 1408 rozanO,
459 1356 672 1399 ademerat
688 1355 936 1412 AegyptiUS,
965 1369 1036 1399 seu
1059 1356 1333 1412 Babylonius,
1365 1358 1413 1399 ut
1435 1357 1622 1411 pluribus
1655 1370 1754 1400 nar-

260 1413 329 1456 rat
347 1413 546 1455 Albertus
564 1411 646 1468 Aq.
677 1413 749 1456 lib.
773 1414 811 1455 6.
843 1425 932 1468 cap.
954 1414 1020 1456 31.
1043 1415 1097 1456 32
1119 1414 1160 1456 et
1182 1415 1248 1457 33.
1280 1414 1389 1457 Otho
1409 1414 1591 1469 Frising.
1621 1414 1695 1457 lib.
1716 1415 1753 1457 7.

262 1482 350 1524 cap.
373 1470 412 1512 4.
457 1469 610 1525 Tyrius
641 1469 713 1512 lib.
741 1471 775 1512 1.
808 1482 896 1524 cap.
917 1471 956 1512 2.
981 1472 1019 1514 3.
1052 1471 1092 1513 et
1120 1483 1202 1525 seq.
1246 1471 1287 1513 et
1325 1471 1397 1513 lib.
1428 1471 1465 1513 7.
1505 1483 1592 1525 cap.
1617 1472 1655 1514 9.
1713 1471 1755 1514 Is

260 1526 599 1581 Babyloniorum
618 1525 874 1569 Amirabilis
892 1526 1047 1569 dicitur
1067 1527 1200 1570 eidem
1218 1528 1393 1570 Alberto
1415 1527 1485 1570 lib.
1507 1529 1545 1570 3.
1577 1540 1666 1582 cap.
1687 1528 1754 1570 59.

261 1584 302 1626 et
341 1583 538 1626 Mathaeo
575 1583 708 1626 Paris.
761 1583 843 1625 An.
886 1593 1153 1628 MOOXXXVI.
1204 1583 1476 1627 Amiravisus
1529 1584 1753 1627 Tudebodo

260 1640 334 1683 lib.
357 1640 396 1682 5.
426 1652 521 1695 pag.
541 1640 636 1683 814.
668 1639 952 1684 Admiraldus
983 1640 1139 1684 Othoni
1174 1641 1356 1695 Frising.
1402 1641 1628 1684 Antiochia
1660 1654 1755 1684 vero

262 1697 303 1740 et
337 1696 571 1739 Damascus
615 1696 751 1740 adhuc
784 1696 1025 1740 Chorozano
1055 1697 1244 1752 Principi
1290 1698 1503 1750 suberant,
1549 1698 1620 1753 qui
1661 1711 1757 1752 pro-

259 1753 417 1796 miscue
446 1752 662 1797 Soldanus
691 1755 732 1796 et
752 1753 962 1808 Princeps
993 1754 1230 1797 Turcorum
1258 1754 1470 1798 vocitatur
1499 1755 1551 1797 ab
1582 1754 1756 1797 Alberto

259 1809 340 1865 Aq.
394 1810 466 1853 lib.
489 1810 529 1852 4.
576 1823 664 1865 cap.
689 1811 728 1853 2.
772 1824 796 1854 a
829 1810 1034 1866 Chalipha
1080 1811 1341 1867 Bagdatensi
1391 1811 1591 1863 diversuS‚
1613 1824 1756 1866 penes

261 1879 383 1921 quem
411 1866 539 1910 titulo
562 1867 683 1910 tenus
716 1880 881 1911 summa
921 1881 1061 1910 rerum
1108 1869 1209 1919 erat,
1242 1868 1309 1911 vel
1341 1868 1490 1911 saltem
1522 1868 1756 1923 Religionis

260 1923 598 1975 Mahumetanae,
646 1923 711 1966 uti
742 1924 934 1979 pluribus
965 1926 1141 1968 narrant
1172 1925 1323 1981 Tyrius
1354 1925 1426 1967 lib.
1444 1925 1483 1968 4.
1516 1937 1603 1980 cap.
1626 1926 1689 1967 11.
1715 1925 1757 1967 et

260 1980 535 2034 BenJaminus
566 1980 712 2023 Tudel.
747 1982 792 2023 in
829 1981 974 2024 Itiner.
1055 1982 1175 2026 Unde
1209 1981 1480 2035 Apostolicus
1521 1981 1755 2024 Turcorum

260 2037 417 2079 dicitur
449 2037 686 2090 Tudebodo,
719 2038 761 2080 et
789 2037 916 2092 Papa
938 2038 1171 2082 Turcorum
1198 2038 1439 2082 Raimundo
1465 2038 1515 2081 de
1541 2039 1686 2094 Agiles
1716 2039 1757 2080 et

262 2094 413 2136 Iacobo
455 2093 504 2137 de
532 2094 721 2137 Vitriaco
767 2095 839 2138 lib.
863 2096 900 2138 3.
949 2108 1077 2150 eoque
1107 2095 1274 2139 nomine
1304 2096 1564 2139 Alcoranum
1595 2108 1617 2138 6
1647 2095 1754 2138 collo

262 2150 509 2205 pendentem
553 2151 716 2206 torquis
761 2152 896 2195 instar
933 2153 1140 2207 gestabat,
1188 2153 1236 2195 ut
1267 2153 1390 2196 autor
1419 2152 1482 2195 est
1510 2152 1622 2195 idem
1651 2152 1756 2194 Por-

262 2208 575 2263 phyrogenitus.
633 2208 871 2252 Habitabat
900 2209 972 2252 ille
1002 2209 1046 2252 in
1067 2209 1250 2265 Bagdat,
1281 2209 1449 2264 perinde
1469 2222 1519 2252 ac
1541 2209 1756 2252 Sultanus.

262 2264 331 2307 Ita
363 2264 563 2307 Albertus
596 2265 676 2320 Aq.
717 2265 789 2308 lib.
809 2267 846 2308 8.
894 2278 981 2321 cap.
1001 2267 1036 2310 7.
1107 2267 1219 2308 Hinc
1261 2267 1323 2309 est
1371 2266 1483 2321 quod
1513 2279 1594 2309 non
1626 2265 1754 2308 semel

261 2321 441 2376 legimus
487 2322 539 2364 ab
575 2322 640 2364 his
678 2322 945 2377 Principibus
986 2323 1345 2366 Antiochenorum
1382 2323 1538 2366 auxilio
1581 2323 1756 2365 missum

265 2377 519 2443 Coi·hagath.
554 2378 916 2445 Quemadmodum
937 2380 1071 2435 igitur
1090 2379 1377 2435 Bagdatenses
1399 2379 1568 2423 Sultani
1597 2374 1757 2434 Ἀμερ-

264 2449 480 2535 ἕὲῗὲἷῗῑὲῂ
490 2436 1499 2545 11313152311501¹33„{,¹;.¹,13,„,321‚¹„,1,¹}„J;f²'33¹3ssdgggssggse
1516 2436 1757 2545 ἔέἓεέἳὶιὲζ

266 2560 337 2590 seu
362 2548 591 2592 Chorozani
609 2549 735 2604 Rege,
765 2550 831 2593 vel
853 2550 1044 2603 Sultano,
1076 2550 1137 2594 ita
1167 2550 1310 2594 eadem
1342 2550 1622 2605 appellatione
1639 2550 1756 2592 Afri-

267 2616 391 2647 canos
413 2605 639 2660 Principes,
678 2619 845 2650 excusso
862 2607 1033 2660 Persici,
1057 2620 1128 2650 seu
1151 2606 1395 2659 Chorozani,
1418 2607 1610 2662 Imperio,
1643 2608 1755 2661 post-

268 2661 439 2704 modum
470 2662 645 2705 donatos
676 2664 841 2707 constat
872 2677 918 2707 ex
938 2665 1100 2707 Zonara
1129 2663 1174 2706 in
1206 2664 1410 2707 Michaele
1440 2663 1594 2707 Balbo:
1626 2676 1755 2718 quam

270 2729 410 2760 vocem
438 2719 552 2761 varie
583 2719 724 2762 efferre
755 2721 890 2763 solent
922 2720 1166 2775 Scriptores.
1225 2720 1338 2763 Nam
1373 2719 1754 2763 Amiralmuminin

266 2773 465 2817 dicuntur
495 2775 606 2829 apud
647 2776 855 2820 Isidorum
886 2778 929 2819 in
956 2776 1106 2820 Chron.
1146 2776 1486 2820 Mirammemim:
1527 2776 1639 2831 apud
1669 2776 1755 2819 Ro-

266 2829 452 2874 dericum
500 2831 633 2874 Tolet.
673 2832 743 2876 lib.
774 2835 813 2876 3.
857 2833 908 2877 de
946 2834 1047 2877 Reb.
1080 2834 1199 2889 Hisp.
1255 2846 1342 2888 cap.
1374 2835 1440 2877 20.
1494 2832 1751 2877 Murmelini
