1780 3138
492 216 759 251 ALRXIADIS
791 216 887 250 LIB.
919 216 1005 250 XII.
1037 212 1075 249 5.
1453 209 1531 250 155

40 331 80 378 εἰ
110 326 246 378 εῧοδα
274 328 490 389 πράξοιεν
518 331 591 376 καὶ
622 329 648 389 ἦ
678 328 792 388 Τι’τχή
813 325 968 384 αὗτοῖς
995 325 1290 388 εὕνοὺστερόν
1311 349 1411 385 πως
1438 333 1533 377 ἕνα·

37 401 237 455 τενίσειε,
284 398 365 445 τὸν
412 400 494 457 μὲν
540 400 950 458 παραγκωνίσαιντο
999 395 1189 459 α’φέντες
1236 402 1417 458 ψαίρειν
1455 402 1533 446 ἐπὶ
1550 406 1590 443 Ρ.
1621 407 1694 442 360

37 467 269 528 πελάγους,
299 464 428 514 αὐτοὶ
458 468 507 514 δὲ
534 470 628 512 τῶν
666 465 906 525 σκήπτρων
934 463 1197 524 ἆνθέξοιντο
1238 467 1399 526 μικράν
1435 488 1533 514 τινα

37 537 171 595 δόξαν
203 539 278 583 καὶ
309 534 538 597 εὕετηριάν
565 533 685 596 αὗτῷ
714 533 1048 594 α’πονείμαντες.
1094 535 1135 582 οἶ
1156 538 1309 594 μέντοι
1340 556 1387 596 γε
1418 537 1535 596 πρὸς

2 609 209 654 δέκεῖνον
247 605 373 665 λόγοι
409 609 488 665 τῆς
532 607 774 665 ἐπιβουλῆς
821 607 874 650 οὐ
911 603 1054 665 φόνον
1097 609 1177 650 τοῦ
1207 602 1536 663 αὐτοκράτορος

39 677 357 735 ἐπηγγέλλοντο
399 671 508 721 ου’δέ
553 676 812 734 ξιφουλκίας
856 675 1110 733 ἐμέμνηντο,
1153 671 1206 720 οὗ
1249 673 1389 734 μάχης
1433 673 1536 722 οὐδὲ

42 747 265 802 πολέμων,
310 746 384 790 ἳνα
426 743 487 803 μή
522 741 881 802 καταπτοήσαιεν
922 742 1001 788 τὸν
1041 738 1178 801 ἄνδρα
1208 741 1347 789 πάλαι
1379 749 1539 789 τοῦτον

38 812 207 868 εἰδότες
235 812 353 871 πρὸς
384 812 506 858 ἅπαν
536 809 658 867 εἶδος
686 814 888 870 πολέμου
918 810 1187 859 δειλότατον.
1255 815 1417 858 τοῦτον
1444 815 1538 858 τοί-

41 901 116 928 νυν
142 881 221 928 τὸν
249 884 521 940 Σολομῶντα
564 880 721 939 ὥσπερ
766 879 819 941 δὴ
861 880 1220 940 κορυφαιότατον
1257 885 1349 927 τῶν
1391 878 1538 927 ἄλλων

0 952 389 1011 οὲνήγκαλίσαντο.
462 949 812 1012 συνυπήχθησαν
856 951 906 996 δὲ
935 953 989 1011 τῇ
1033 948 1211 996 τούτων
1238 952 1378 1012 βουλῇ
1408 952 1481 995 καὶ
1512 949 1536 994 ὃ

38 1018 236 1079 Σκληρός
275 1021 351 1065 καὶ
393 1019 419 1065 ὁ
461 1020 544 1079 τήν
588 1020 803 1076 ἐπαρχίαν
846 1022 925 1080 τῆς
954 1020 1294 1065 Κωνσταντίνου
1339 1022 1403 1079 τῷ
1433 1017 1535 1064 τότε

39 1086 254 1147 διηνυκώς
271 1086 430 1147 Ξηρός.
476 1086 501 1133 ὁ
531 1089 684 1145 μέντοι
704 1089 921 1145 Σολομῶν
951 1088 1229 1147 κουφοτέρας
1258 1085 1321 1132 ὢν
1350 1085 1534 1146 γνώμης,
1551 1095 1581 1131 Β

38 1154 250 1213 καθάπερ
279 1151 460 1201 ἄνωθεν
487 1154 671 1215 εἴρηται,
704 1157 778 1201 καὶ
806 1157 942 1215 μηδὲν
976 1159 1068 1202 τῶν
1104 1156 1228 1213 παρὰ
1255 1158 1337 1201 τοῦ
1367 1151 1539 1215 Ἐξαζη-

41 1229 123 1271 νοῦ
155 1227 228 1271 καὶ
256 1229 336 1271 τοῦ
366 1224 525 1270 “Υαλέα
562 1226 637 1270 καὶ
674 1220 823 1271 αὗτῶν
852 1224 906 1285 δὴ
936 1229 1029 1270 τῶν
1060 1221 1317 1283 ’Λνεμάδων
1343 1227 1538 1282 μελετω-

4 1306 28 1340 5
37 1294 183 1352 μένων
211 1295 357 1348 συνεὶς
387 1294 434 1339 ἐν
452 1295 601 1352 χερσὶν
631 1289 713 1353 ἤδη
734 1293 813 1356 τήν
839 1295 1067 1351 βασιλείαν
1093 1292 1322 1351 Ῥωμαίων
1341 1294 1539 1349 κατέχειν

40 1360 245 1420 οἰόμενος
270 1363 550 1420 προσωμίλει
571 1364 659 1408 τισὶ
681 1365 755 1408 καὶ
776 1361 1044 1408 ὑπεποιεῖτο
1069 1361 1335 1419 ὑποσχέσεσι
1355 1364 1539 1419 δωρεῶν

39 1433 112 1477 καὶ
152 1430 417 1490 ἀξιωμάτων
460 1430 647 1487 τούτους
694 1431 989 1491 ὑπαγόμενος.
1067 1430 1287 1493 φοιτήσας
1331 1432 1381 1476 δέ
1423 1448 1537 1475 ποτε

39 1500 156 1557 πρὸς
191 1496 333 1546 αυτὸν
362 1519 387 1545 ο
417 1505 498 1546 τοῦ
539 1499 763 1559 ὁράματος
803 1506 1052 1559 κορυφαῖος
1084 1499 1263 1561 ΠΙιχαὴλ
1295 1499 1319 1545 ὁ
1350 1496 1540 1556 Λνεμᾶς

40 1570 114 1614 καὶ
144 1567 426 1626 θεασάμενος
469 1568 708 1627 ὁμιλουντά
738 1588 824 1615 τινι
871 1567 1164 1623 ἐπυνθάνετο,
1206 1570 1251 1613 τί
1294 1587 1348 1612 αν
1391 1566 1460 1626 ειή
1483 1585 1535 1612 το

0 1636 291 1696 θλεγόμενον.
349 1637 375 1683 ὁ
405 1639 453 1684 δὲ
483 1641 699 1696 Σολομῶν
742 1638 855 1696 μετὰ
898 1642 976 1699 τῆς
1020 1636 1246 1698 συνήθους
1286 1634 1539 1695 ἆπλότήιός

39 1724 174 1767 φησιν
204 1705 266 1761 ὦς
297 1703 498 1764 “ἆξίωμα
524 1707 712 1767 αἰτήσας.
735 1706 853 1766 ἡμᾶς
881 1709 955 1752 καὶ
995 1705 1144 1763 λαβών
1179 1708 1258 1766 τὴν
1295 1704 1538 1761 ὗπόσχεσιν

174 1854 207 1888 2.
238 1856 387 1909 ψαίρειν
410 1853 455 1896 F,
481 1857 631 1900 χαίρειν
654 1853 694 1889 P.
838 1855 892 1889 11.
919 1854 981 1897 τῆς·
1005 1855 1290 1888 Κωνστανῐίνου
1314 1851 1365 1897 τῷ
1389 1846 1469 1885 τότε
1493 1851 1536 1894 F,

173 1900 226 1948 τῷ
250 1897 332 1936 τότε
356 1902 421 1945 τῆς
447 1905 731 1938 Κωνστανιίνου
747 1901 785 1937 P.
889 1903 942 1937 14.
971 1899 1082 1937 ὑαλέα
1100 1901 1144 1946 F,
1175 1901 1291 1936 Υελέα
1306 1899 1345 1935 Ρ.
1415 1900 1468 1934 17.
1495 1899 1541 1934 δέ

174 1962 265 1985 ποτε
293 1950 337 1996 F,
363 1962 453 1986 ποτε
479 1962 552 1986 οιιι.
578 1950 617 1986 P.
766 1952 823 1986 20.
854 1951 1043 1998 Σαλομῶν
1066 1949 1108 1995 P,
1132 1949 1291 1986 correxi.

39 2108 263 2152 potestatem
288 2105 517 2152 redegerunt
538 2117 582 2140 eo
608 2105 765 2141 consilio
790 2108 844 2149 ut,
860 2105 892 2140 si
911 2105 1012 2142 felici
1028 2108 1227 2140 uterentur
1240 2115 1408 2140 successu
1426 2106 1540 2150 atque

40 2154 211 2190 Fortuna
235 2154 327 2200 ipsis
349 2154 546 2197 arrideret,
566 2157 760 2189 extrusum
777 2158 971 2200 tamquam
988 2155 1028 2189 in
1044 2154 1140 2189 mari
1165 2164 1249 2188 eum
1273 2152 1539 2198 relinquerent,

40 2203 113 2249 ipsi
154 2214 244 2239 vero
285 2214 414 2238 rerum
448 2203 664 2248 potirentur
711 2203 911 2248 gloriolam
957 2203 1013 2238 illi
1056 2202 1243 2248 quandam
1291 2201 1540 2247 exiguamque

7 2255 10 2258 ’
41 2251 261 2288 felicitatem
286 2251 545 2287 concedentes.
593 2251 633 2286 in
659 2252 892 2287 sermonibus
914 2262 958 2287 eo
984 2253 1181 2297 praesente
1206 2250 1254 2286 de
1277 2250 1539 2285 coniuratione

41 2299 182 2336 habitis
228 2299 469 2346 imperatoris
510 2300 640 2335 caedes
677 2312 752 2335 non
793 2300 1159 2336 commemorabatur
1204 2310 1324 2344 neque
1370 2298 1448 2333 ulla
1494 2297 1540 2333 de

0 2386 4 2390 ,
45 2348 146 2384 ferro
172 2351 241 2384 aut
263 2348 310 2384 de
335 2360 464 2394 pugna
480 2349 633 2384 bellisve
658 2349 801 2384 mentio
827 2348 952 2391 fiebat,
982 2360 1028 2384 ne
1046 2348 1201 2385 homini
1220 2359 1328 2392 quem
1356 2346 1405 2382 ad
1429 2358 1540 2382 omne

42 2397 180 2433 bellum
212 2397 495 2443 ignavissimum
524 2397 703 2442 sciebant,
729 2401 912 2433 terrorem
939 2397 1134 2433 inicerent.
1198 2396 1299 2431 hunc
1331 2396 1452 2442 igitur
1477 2394 1539 2430 So-

41 2445 228 2482 lomonem
246 2449 439 2491 tamquam
473 2449 683 2482 ceterorum
714 2447 924 2492 principem
956 2445 1291 2491 amplectebantur.
1346 2447 1542 2489 praeterea

42 2493 207 2530 eiusdem
246 2494 395 2530 consilii
432 2494 637 2540 participes
675 2494 766 2530 facti
807 2498 896 2530 sunt
935 2493 1082 2530 Sclerus
1121 2498 1158 2528 et
1184 2493 1317 2536 xcx-us,
1357 2492 1423 2538 qui
1447 2491 1540 2527 Con-

43 2542 309 2588 stantinopolis
336 2542 572 2588 praefectura
596 2547 679 2578 tum
705 2543 856 2579 functus
883 2543 1018 2578 fuerat.
1085 2541 1261 2577 Solomon
1286 2552 1386 2585 vero,
1419 2541 1540 2584 homo,

43 2595 86 2627 ut
114 2591 209 2646 dixi,
244 2590 398 2627 levioris
437 2591 581 2637 ingenii
606 2592 850 2638 omniumque
884 2592 1049 2638 ignarus,
1088 2602 1183 2636 quae
1220 2590 1267 2625 ab
1292 2589 1464 2624 Exazeno
1503 2592 1541 2624 et

6 2645 16 2674 .’
41 2639 209 2686 Hyalea
198 2640 365 2685 1psisque
378 2639 633 2676 Anemadibus
657 2640 900 2687 parabantur,
915 2640 1021 2686 quasi
1045 2640 1120 2674 iam
1138 2639 1338 2684 imperium
1352 2638 1539 2673 Romano-

12 2695 24 2739 ,ᾈ
42 2700 128 2725 rum
155 2691 312 2732 teneret,
338 2688 435 2724 adiit
459 2688 641 2734 quosdam
671 2700 808 2735 eosque
847 2700 1003 2723 munera
1043 2687 1322 2733 dignitatesque
1348 2686 1539 2732 pollicitus

4 2740 11 2745 “
4 2735 245 2777 conciliare
269 2736 427 2772 studuit.
468 2738 645 2772 convenit
669 2749 753 2773 eum
770 2737 869 2772 forte
887 2736 1088 2782 aliquando
1108 2735 1291 2771 dramatis
1308 2734 1539 2781 coryphaeus

0 2778 203 2822 ῬΜιοΙιιιο]
228 2784 403 2829 Anemas,
428 2785 505 2832 qui,
529 2797 615 2821 cum
647 2797 733 2821 eum
758 2786 883 2821 nescio
909 2796 1071 2831 quocum
1095 2783 1401 2820 confabulantem
1427 2782 1538 2818 vidis-

24 2830 113 2871 net.
138 2832 230 2879 quid
254 2833 355 2869 inter
383 2845 421 2868 se
445 2834 674 2879 conferrent,
700 2834 911 2870 sciscitatus
943 2836 1010 2869 est.
1065 2835 1147 2868 tum
1182 2835 1361 2868 consueta
1399 2831 1541 2877 simpli·

0 2845 163 2959 &citato
187 2881 363 2918 Solomon
402 2881 513 2918 “hic”
539 2883 665 2929 inquit
703 2883 792 2929 “qui
819 2882 1047 2929 dignitatem
1073 2893 1095 2917 a
1118 2881 1227 2918 nobis
1250 2880 1363 2928 petiit
1389 2882 1542 2926 accepta
