1734 3120
0 2785 18 2854 ⁵}

532 224 844 260 GLOSSARIU'M
869 225 1106 260 ANNAEVM
1491 218 1575 261 395

95 340 249 383 venui-3
273 339 454 382 sericum
482 339 614 383 vellus
641 339 838 393 efficiens.
897 340 1034 393 Quare
1063 341 1195 384 serica
1225 342 1351 384 vestis
1379 343 1576 396 peculiari

96 397 260 440 ratione
286 395 437 447 blatta,
468 395 640 446 blattea,
672 396 738 439 vel
766 396 921 439 blattia
969 397 1134 439 dicitur.
1207 398 1426 441 Praeterea
1468 399 1575 442 illud

95 452 406 497 admonuerim:
436 465 532 496 cnm
563 452 713 507 duplex
738 453 947 506 scriptura
976 454 1033 496 sit
1053 454 1234 496 nominis
1262 453 1489 507 βλαττίονς
1513 456 1576 498 al-

95 512 187 553 tera
214 508 430 564 geminato
456 524 495 562 τ,
538 509 672 552 altera
715 522 764 553 ea
806 510 987 564 simplici
1032 510 1183 554 litera:
1225 524 1332 565 quae
1374 512 1576 554 hactenus

95 566 276 609 diximus
303 566 475 609 tantum
504 566 725 609 convenire
766 567 829 619 τῷ
857 565 1061 622 martique,
1113 567 1319 621 quomodo
1362 568 1508 610 scribit
1535 570 1577 611 et

96 624 222 666 Anna
251 623 397 666 nostra
425 624 467 666 et
495 621 704 666 Cedrenus
731 623 775 666 in
805 623 971 666 Tiberio
992 634 1061 667 111.
1092 623 1163 666 ubi
1183 625 1388 667 memorat
1416 621 1576 674 στολὰς

95 675 348 735 σωληνατὰς
371 673 464 721 ἀπὸ
500 678 722 733 martion.
782 680 841 722 Ex
871 680 1023 735 quibus
1060 681 1236 723 fortasse
1274 682 1366 723 tum
1404 681 1578 724 Nicetae

94 737 189 780 loca
216 737 311 779 tum
336 736 484 780 Godini
514 749 621 791 quae
648 735 828 789 βλιπιόν
870 737 1059 779 scribunt
1101 750 1196 779 cum
1224 753 1251 778 τ
1282 737 1415 793 ψιλῷ.
1447 738 1578 780 corri-

94 793 232 850 genda
260 793 373 836 sunt.
431 793 551 847 Quod
595 807 693 837 vero
737 794 847 837 ratio
889 794 1119 837 sententiae
1159 794 1314 837 alicubi
1356 794 1487 848 exigit
1532 795 1578 836 ut

93 848 301 904 βλαττίον
328 850 524 893 volumen
551 851 620 902 sit,
652 851 790 893 ortum
822 850 954 893 videri
985 851 1123 905 potest
1152 863 1199 893 ex
1229 864 1277 893 eo
1306 850 1417 906 quod
1449 851 1577 904 panni

94 906 298 950 eiusmodi
326 907 447 950 serici
477 920 662 962 purpura
689 907 835 950 infecti
870 908 1097 962 antequam
1126 908 1167 949 in
1199 909 1337 962 partes
1375 908 1477 950 secti
1510 920 1578 949 as-

94 963 264 1018 sutique
290 963 335 1006 in
365 964 500 1007 vestes
529 965 679 1015 essent,
710 964 755 1006 in
777 964 992 1007 volumina
1012 964 1374 1019 complicabantur
1397 963 1579 1016 βλαττία

94 1021 223 1075 vulgo
251 1021 450 1064 vocitata.
508 1021 727 1063 Postremo
769 1021 877 1063 illud
919 1034 1084 1064 monere
1127 1034 1208 1063 non
1256 1021 1451 1064 omittam
1494 1034 1577 1063 non

94 1089 182 1121 aese
207 1077 355 1120 contra
383 1090 471 1121 rem
501 1090 551 1121 ac
580 1077 836 1120 sententiam
868 1078 1053 1120 nostram
1086 1077 1320 1121 stabilitam
1350 1078 1419 1120 hic
1447 1091 1472 1120 a
1503 1091 1578 1120 no-

94 1134 159 1176 bis
184 1134 324 1177 locum
351 1134 476 1178 illum
496 1134 646 1178 Codini
666 1147 756 1189 cap.
772 1145 838 1178 1v.
869 1148 910 1177 n.
932 1145 1013 1177 xx.
1042 1135 1114 1177 ubi
1141 1133 1300 1177 mentio
1329 1135 1391 1177 est
1420 1133 1575 1175 λευκοῦ

92 1189 314 1242 βλαττίοικ
373 1191 435 1235 Ut
461 1191 572 1235 enim
604 1191 800 1234 omittam
830 1192 959 1234 etiam
1000 1191 1220 1235 candorem
1258 1203 1465 1246 purpurae
1499 1191 1579 1233 tri-

94 1247 179 1300 bui,
208 1247 360 1291 Horat.
390 1247 479 1292 Sat.
500 1259 566 1293 v1.
595 1248 667 1291 lib.
687 1258 739 1291 11.

999 1304 1129 1346 rubro
1157 1303 1230 1346 ubi
1258 1317 1376 1347 cocco

296 1361 450 1405 Tincta
477 1375 607 1416 super
635 1362 761 1405 lectos
788 1361 987 1405 canderet
1014 1361 1139 1404 vestis
1167 1361 1357 1412 eburnos,

93 1433 194 1462 sane
220 1419 377 1461 ferrum
414 1419 515 1473 igne
541 1419 753 1474 concepto,
784 1418 897 1473 quod
927 1418 1105 1460 candens
1124 1417 1292 1469 dicitur,
1324 1430 1575 1472 purpureum

93 1476 302 1531 fulgorem
324 1476 464 1518 habet.
527 1476 588 1520 Ut
616 1489 700 1518 non
729 1475 972 1530 pertendam
1000 1487 1092 1517 meo
1120 1475 1212 1517 iure
1251 1475 1442 1529 quamvis
1474 1476 1577 1517 emi-

94 1532 293 1597 nentiam·
311 1532 568 1588 splendentis
593 1533 637 1575 in
670 1545 744 1575 suo
761 1544 911 1597 genere
931 1531 1082 1596 coloris
1110 1544 1337 1596 purpuram
1366 1531 1576 1596 interdum

93 1589 342 1689 maffia
369 1587 1579 1709 ἓὲἷεέᾟὲἒέθέἓᾱῑξὶέῗῑἓῖῗὲῐξίρὲῗξέἱῖᾎᾳὲῗᾷἶ

94 1702 249 1758 pileum
277 1716 325 1745 ex
356 1703 488 1746 serico
518 1703 614 1746 albo
656 1702 891 1758 splendenti
934 1715 1032 1755 esse,
1063 1702 1230 1745 vocavit
1273 1701 1387 1743 1llud·
1423 1697 1578 1742 Λειαὸν

91 1757 311 1813 almior,
340 1759 445 1802 satis
472 1759 680 1803 indicasse
706 1758 914 1813 βλαπίον
961 1758 1097 1801 solum
1137 1758 1316 1801 sericum
1354 1770 1440 1800 esse
1478 1771 1578 1812 pur-

92 1817 743 1917 9⁰¹³⁰¹³13>13233355¹¹³ffi13¹⁰ffi
772 1818 839 1917 αἶ
855 1815 986 1914 ³⁸33}
996 1814 1577 1914 ¹0523f3525212512‘325‘2215323

91 1928 192 1982 βίον
208 1929 379 1972 εἵλοντο
401 1926 622 1984 (Βλάχους
637 1887 824 1981 mimoni}
841 1885 870 1987 ἐξ
889 1925 1011 1984 κοινῆ
1033 1928 1183 1970 καλεῖν
1203 1921 1296 1969 nida
1318 1886 1574 1980 διὰλεκὲτος).

93 1987 149 2030 Et
175 1987 319 2030 tamen
347 1986 505 2030 Blachi
532 1987 781 2042 populorum
815 1999 963 2031 nomen
1000 1986 1062 2028 ost
1090 1985 1292 2028 Moesiam
1325 1983 1576 2039 superiorem

92 2044 379 2095 incolentium,
421 2044 494 2099 qui
536 2044 661 2088 hodie
695 2044 872 2087 Valachi
916 2043 1132 2094 vocantur,
1177 2041 1278 2084 olim
1320 2041 1496 2083 fortasse
1530 2053 1577 2083 ex

93 2100 261 2156 Scythis
289 2100 554 2144 Nomadibus
581 2102 623 2144 et
650 2101 910 2144 hamaxobiis
939 2099 1059 2154 vagis
1086 2099 1131 2141 in
1162 2099 1214 2141 iis
1258 2098 1435 2152 denique
1468 2096 1577 2139 sedi-

91 2158 170 2200 bus
196 2158 547 2213 conquiescentes.
591 2158 702 2200 unde
729 2157 958 2201 invaluerit
987 2156 1035 2197 ut
1064 2155 1277 2210 proprium
1297 2155 1422 2197 antea
1442 2154 1577 2196 sectae

92 2215 220 2269 atque
251 2214 441 2257 instituti
469 2227 620 2258 nomen
648 2215 766 2269 genti
808 2212 1074 2269 postmodum
1113 2211 1359 2254 adhaeserit.
1431 2210 1577 2264 Neque

93 2272 204 2314 enim
234 2283 464 2326 numquam
491 2271 634 2314 studia
662 2272 707 2314 in
737 2271 903 2326 generis
932 2268 1254 2323 appellationem
1283 2267 1503 2310 transcunt
1531 2266 1575 2308 in

92 2327 313 2371 similibus,
371 2327 609 2371 Occurrunt
636 2341 748 2370 nunc
780 2327 896 2371 Corsi
926 2326 1013 2369 sive
1032 2324 1223 2368 Corsicae
1251 2323 1413 2366 insulae
1441 2322 1577 2387 culto?

92 2397 157 2427 res
203 2385 277 2439 qui
320 2385 519 2440 quoniam
564 2385 878 2440 opportunitate
918 2383 1110 2425 littorum
1155 2382 1197 2424 et
1235 2380 1414 2423 marium
1444 2379 1576 2421 illectl

91 2441 314 2495 piraticam
345 2441 447 2484 olim
490 2442 675 2484 studiose
708 2439 978 2490 factitabant,
1020 2438 1118 2480 inde
1162 2436 1328 2491 vulgari
1374 2435 1575 2478 vocabulo

92 2497 263 2541 Piratas
294 2497 514 2542 Corsaires
542 2499 734 2541 dicimus.
777 2498 842 2539 uti
874 2497 915 2539 ct
944 2496 1127 2538 latrones
1158 2493 1350 2547 Briyans
1378 2505 1575 2535 vocamus

92 2554 203 2609 qnod
234 2555 459 2609 Brigantes
488 2555 591 2598 olim
610 2555 791 2610 Magnae
813 2552 1060 2595 Britanniae
1088 2550 1228 2605 populi
1258 2549 1574 2612 latrociniorum

90 2611 269 2654 infamia
298 2611 540 2665 flagrarent.
585 2613 634 2654 ut
663 2611 859 2654 omittam
889 2608 1191 2652 Chaldaeorum
1228 2618 1378 2648 nomen
1412 2617 1575 2659 saepms

91 2667 192 2710 olim
233 2667 503 2723 Astrologiae
544 2668 731 2711 studium
778 2679 903 2721 quam
947 2665 1086 2707 locum
1122 2663 1283 2718 patriae
1324 2662 1574 2717 designasse.

93 2724 172 2767 Cui
199 2724 417 2780 geminum
446 2726 510 2767 ost
539 2725 649 2780 quod
682 2735 895 2766 sacrarum
927 2722 1143 2763 literarum
1163 2719 1415 2773 Interpretes
1445 2729 1577 2761 anno·

0 2773 10 2784 “
91 2781 188 2824 tant
219 2781 263 2823 in
290 2781 378 2824 illis
405 2782 541 2825 verbis
568 2782 766 2824 Proverb.
786 2789 919 2822 XXXI.
941 2779 1009 2819 25.
1039 2776 1269 2820 Sindonem
1292 2775 1393 2828 fecit
1420 2779 1459 2817 et
1477 2788 1577 2816 ven-

0 2850 19 2900 3
92 2837 204 2881 didit
245 2841 301 2881 et·
336 2838 553 2894 cinyulum
607 2837 791 2880 tradidit
836 2833 1107 2885 Chammaeo,
1153 2832 1447 2876 chananaeum
1492 2830 1576 2874 dici
