1734 3120
189 223 269 267 346
696 232 861 268 ANNAE
889 231 1153 266 OOMNENAE

187 349 373 400 διπλοῦς
404 365 451 391 τε
483 349 555 392 καὶ
583 347 778 403 δίδυμος.
838 344 879 390 οἶ
909 346 989 402 μὲν
1017 344 1095 402 γὰρ
1129 340 1219 388 ἅνω
1241 347 1312 390 καὶ
1331 347 1548 402 μετέωροι
1569 364 1671 390 κατ-

188 419 359 460 οικοῦσι
389 418 478 459 τῶν
508 415 845 473 πεπηριιῃιένων
869 411 1040 458 τούτων
1069 410 1240 468 ἀνδρῶν
1268 431 1317 458 τε
1345 415 1417 458 καὶ
1447 418 1671 471 γυναι-κῶν,

146 481 230 529 Boi
262 485 310 528 δὲ
340 482 458 528 κάτω
490 486 562 528 καὶ
594 482 825 541 πρόσγειοι
855 481 1198 539 παρασύρονται.
1252 483 1303 527 τὸ
1333 484 1381 527 δὲ
1409 486 1489 527 τοῦ
1510 481 1674 527 κύκλου

33 542 76 578 V·
104 544 174 578 332
186 554 390 610 μέγεθος,
421 551 469 598 εἴ
492 571 559 606 τις
589 553 736 598 ἐθέλει
756 550 941 605 τούτους
968 551 1090 604 ἰδεῖν,
1123 545 1366 607 ἆρξάμενος
1386 551 1594 607 πρωΐθεν
1613 551 1676 603 εἰς

187 619 378 678 ἑσπέραν
393 620 450 666 ἂν
464 621 543 667 τὸν
558 620 714 666 κύκλον
731 621 994 666 συνετέλεσε.
1035 617 1216 677 τοιαύτη
1235 620 1315 676 μὲν
1329 616 1510 679 ἡπόλις,
1528 621 1711 664 τοιοῦ-’5

188 707 257 734 τοι
283 690 332 734 δὲ
355 691 426 734 καὶ
453 688 497 734 οἳ
516 691 594 748 τῆς
612 687 787 742 πόλεως
802 686 961 746 ταύτης
978 685 1218 747 οἰκήτορες.
1248 681 1348 732 οῦτε
1370 685 1539 747 γήπεδα
1554 685 1675 742 ἔχον-

187 775 259 810 τες
275 751 376 802 οῦτε
393 753 659 814 ἀμπελῶνας
690 751 790 802 οἷῖτε
819 773 859 799 τι
874 750 979 799 ἄλλο
998 756 1214 808 τοιοῦτον,
1233 756 1338 811 περὶ
1361 750 1386 799 ὃ
1405 753 1484 799 τὸν
1498 750 1677 812 ανθρώ-

187 843 318 870 πινον
349 826 449 882 βίον
479 822 759 886 ἤσχολῆσθαι
790 821 1193 880 καταλαμβάνομεν,
1222 819 1332 868 ἄλλα
1355 822 1466 868 κατὰ
1488 819 1678 879 τὸνἸιιὶβ

187 894 371 948 ἕκαστος
402 891 428 953 ἢ
455 892 614 952 ἑκάστη
650 893 731 952 τήν
773 893 853 950 μὲν
896 894 1301 951 δημιουργηθεῖσαν
1344 888 1496 945 αῦτοῖς
1536 890 1678 936 οὶκίαν

188 961 312 1015 οἰκεῖ,
342 958 569 1018 αὐτόματα
599 962 646 1006 δὲ
678 959 735 1006 τὰ
779 959 895 1018 πρὸς
936 958 1107 1021 τροφήν
1147 978 1195 1005 τε
1225 961 1299 1005 καὶ
1342 960 1510 1019 σκέπην
1554 959 1677 1017 παρὰ
1692 965 1734 998 10

187 1034 265 1088 τῆς
292 1031 522 1089 βασιλικῆς
548 1028 693 1089 χειρὸς
722 1025 874 1082 αὐτοῖς
903 1029 1150 1086 ἐπορίζετο,
1219 1030 1293 1074 καὶ
1321 1027 1401 1087 γὰρ
1440 1027 1492 1074 τὸ
1535 1046 1678 1085 παρα-

189 1095 440 1153 δοξότατον,
487 1096 527 1142 οἳ
573 1094 816 1156 ἇκτήμονες
866 1095 1020 1155 ὥσπερ
1064 1097 1175 1150 τινὲς
1219 1094 1434 1142 δεσπόται
1480 1093 1678 1156 κτήματα

149 1165 365 1222 Οέχοντες
390 1168 463 1211 καὶ.
494 1164 750 1223 προσόδους
785 1164 1076 1219 παντοδαπὰς
1117 1164 1385 1225 φροντιστὰς
1426 1164 1577 1221 ἔχουσι
1606 1166 1679 1209 καὶ

188 1238 275 1279 τοῦ·
298 1236 399 1292 βίου
430 1230 576 1280 αῦτῶν
604 1233 869 1294 ἐπιμελητὰς
898 1231 1031 1283 αὐτόν
1059 1252 1107 1285 τε
1142 1233 1222 1279 τόν
1262 1231 1566 1291 αὐτοκράτορα
1605 1235 1679 1278 καὶ

187 1301 291 1356 τοῦς
327 1298 443 1364 ἀμφὶ
486 1302 564 1348 τὸν
608 1299 914 1360 αῦτοκράτορα
958 1302 1273 1361 σποτδεργούς.
1335 1301 1453 1348 ὅπου
1490 1301 1568 1360 γὰρ
1601 1299 1734 1359 (δή-15

188 1389 301 1416 ποτε
346 1376 422 1433 γῆς
465 1376 608 1431 κτῆμα
639 1365 694 1429 ἦν
726 1373 772 1416 ἒν
800 1368 919 1431 καλῷ
951 1372 1164 1429 κείμενον,
1197 1367 1359 1416 ταῦτόν
1388 1372 1436 1416 δὲ
1466 1369 1595 1428 εἴπερ
1626 1363 1681 1428 ἦν

188 1434 478 1497 εὐπρόσοδον,
510 1444 608 1493 τοῖς
636 1435 851 1499 ἀδελφοῖς
878 1437 1060 1493 τούτοις
1087 1441 1240 1501 φέρων
1267 1440 1481 1496 ἐνείματο,
1512 1435 1590 1499 ἀφ’
1619 1430 1680 1482 ὦν

191 1503 312 1560 οἶνός
340 1526 388 1552 τε
420 1503 573 1562 αὖτοῖς
602 1506 712 1552 κατὰ
742 1507 974 1565 ποταμοὺς
1011 1509 1186 1567 ἐπιρρεῖ
1224 1510 1297 1553 καὶ
1326 1503 1462 1566 ἄρτος
1492 1509 1564 1552 καὶ
1598 1505 1681 1552 ὅσα

192 1575 270 1620 ἐπὶ
299 1571 576 1634 τοῖςῖίρτοις
605 1579 829 1622 σιτοῦνται
858 1572 1122 1634 ἄνθρωποι·
1154 1575 1197 1622 οὶ
1228 1578 1277 1622 δὲ
1304 1577 1536 1629 ἐσθίοντες
1567 1574 1679 1632 ὑπὲρ

189 1639 399 1701 ἀριθμόν.
460 1646 533 1689 καὶ
561 1643 682 1701 τάχα,
718 1647 870 1702 τολμῶ
910 1647 983 1690 καὶ
1024 1646 1148 1704 λέγω,
1188 1643 1313 1691 εἴποι
1353 1662 1420 1698 τις
1458 1639 1523 1699 ἄν,
1564 1642 1681 1701 πρὸς
1693 1651 1734 1693 20

189 1709 241 1755 τὸ
272 1714 355 1756 τοῦ
388 1713 496 1769 ἐμοῦ
519 1716 721 1771 σωτῆρος
740 1716 907 1770 θαῦμα,
928 1713 979 1758 τὸ
1007 1715 1099 1758 τῶν
1117 1712 1456 1769 ἑπτακισχιλίων
1476 1713 1592 1772 φημὶ
1609 1712 1682 1756 καὶ

192 1782 569 1837 πεντακισχιλίων,
615 1777 922 1842 ἀναφέρεσθαι
960 1780 1012 1827 τὸ
1045 1785 1126 1827 τοῦ
1171 1777 1498 1839 αῦτοκράτορος
1543 1779 1682 1838 ἔργον.

144 1843 282 1892 Βᾶλλ’
315 1849 457 1894 ἐκεῖσε
489 1850 536 1894 ἐκ
566 1850 699 1895 πέντε
729 1845 876 1907 ὅρτων
898 1851 1201 1910 ἐκορέσθησαν
1230 1847 1434 1906 χιλιάδες,
1468 1847 1586 1894 καθὸ
1608 1850 1681 1893 καὶ

325 1961 358 1995 3.
384 1956 581 2006 πρόσγειοι
608 1961 645 2008 G,
672 1959 851 2008 πρόσγεοι
878 1962 918 1998 P.
1067 1963 1099 1998 5.
1129 1960 1380 1998 συντελέσειεῖ
1536 1961 1592 2000 12.
1620 1957 1682 1994 ἀκ-

321 2004 493 2055 τήμονες]
522 2023 543 2052 η
561 2021 607 2045 ex
623 2025 634 2044 ι
653 2022 702 2045 m.
717 2011 739 2045 2
763 2011 799 2046 C.
1006 2012 1062 2046 16.
1095 2014 1197 2057 εἴπερ
1222 2004 1268 2055 ἦν
1293 2009 1443 2056 scripsi:
1470 2011 1589 2044 εἰπεῖν
1614 2007 1682 2043 CP.

323 2058 380 2093 21.
408 2055 449 2093 τὸ
476 2061 563 2094 ante
587 2059 660 2095 τῶν
685 2059 826 2095 addidi.

188 2160 418 2199 affectorum.
468 2165 550 2199 erat
575 2164 678 2200 orbis
704 2164 842 2211 duplex
868 2167 907 2200 et
929 2165 1147 2211 bipartitus,
1173 2165 1312 2211 quippe
1335 2163 1420 2199 aliis
1435 2174 1481 2198 ex
1498 2162 1684 2198 mutilatis

189 2211 269 2246 istis
291 2211 383 2246 viris
400 2211 694 2259 mulieribusque
708 2213 748 2248 in
767 2213 844 2249 alto
858 2213 1128 2255 habitantibus,
1153 2213 1236 2248 aliis
1251 2223 1341 2249 vero
1358 2211 1457 2248 infra
1477 2211 1523 2246 ad
1540 2214 1681 2247 terram

189 2260 441 2305 reptantibus3
471 2272 592 2307 quem,
618 2261 720 2307 quod
745 2261 793 2298 ad.
818 2262 1118 2309 magnitudinem
1145 2264 1303 2308 spectat,
1320 2273 1406 2297 cum
1423 2272 1532 2295 mane
1546 2259 1613 2295 hos
1631 2259 1684 2294 vi-

189 2319 268 2343 sere
295 2308 472 2354 coeperis,
492 2321 644 2355 vespere
667 2311 852 2347 absolves:
882 2311 970 2346 talis
997 2311 1087 2346 haec
1112 2311 1255 2351 civitas,
1280 2310 1374 2346 tales
1399 2309 1504 2344 urbis
1529 2308 1681 2352 incolae,

190 2356 254 2401 qui
288 2368 407 2402 neque
442 2356 571 2393 hortos
607 2370 727 2405 neque
756 2360 883 2395 vineas
915 2371 983 2395 nec
1019 2359 1122 2395 aliud
1146 2358 1332 2394 ‚eiusmodi
1361 2357 1571 2404 possident,
1605 2368 1679 2402 quo

190 2408 406 2450 occupatam
443 2406 612 2442 videmus
645 2408 763 2443 vitam
790 2407 1006 2451 humanam,
1042 2408 1107 2444 sed
1131 2407 1222 2444 Iobo
1250 2407 1388 2442 similes
1413 2406 1453 2441 in
1479 2405 1590 2441 domo
1616 2416 1682 2440 sua

189 2453 345 2499 quisque
369 2453 561 2500 habitant3
589 2467 684 2501 quae
698 2468 786 2492 vero
811 2456 856 2492 ad
870 2457 1011 2493 victum
1026 2459 1242 2503 tectumque
1257 2456 1461 2502 pertinent,
1484 2455 1617 2499 sponte
1636 2453 1683 2488 iis

189 2501 294 2547 regia
321 2514 431 2537 manu
456 2504 695 2548 praebentur.
730 2505 830 2550 quod.
855 2517 943 2541 vero
967 2517 1153 2541 summum
1178 2507 1246 2549 est,
1273 2505 1337 2550 qui
1364 2503 1460 2539 nihil
1479 2501 1682 2549 possident,

190 2549 292 2585 velut
330 2550 473 2586 domini
509 2552 617 2588 bonis
654 2553 831 2589 instructi
867 2557 1059 2590 curatores
1091 2553 1358 2599 ministrosque
1390 2551 1510 2587 victus
1541 2550 1681 2586 habent

189 2598 309 2643 ipsum
324 2599 588 2644 imperatorem
604 2602 914 2647 imperatorisque
931 2605 1205 2648 procuratores.
1225 2602 1449 2646 ubicumque
1463 2600 1562 2634 enim
1578 2610 1684 2645 prue-

189 2645 292 2680 dium
305 2650 343 2682 et
360 2648 454 2683 bene
473 2649 586 2684 situm
604 2653 642 2685 et
659 2651 785 2696 magni
803 2650 947 2686 reditus
965 2654 1057 2696 erat,
1082 2650 1123 2686 id
1142 2650 1324 2686 fratribus
1343 2649 1402 2684 his
1418 2647 1568 2690 tribuit,
1585 2647 1685 2682 unde

188 2694 316 2729 vinum
348 2695 392 2730 iis
429 2696 623 2732 fluminum
658 2699 779 2734 instar
820 2703 858 2734 et
891 2699 998 2745 panis
1039 2711 1207 2745 quaeque
1253 2698 1297 2734 ad
1337 2708 1472 2743 panem
1513 2696 1681 2731 homines

189 2742 308 2777 edunt
333 2743 505 2780 affluunt.
555 2746 609 2781 ita
635 2747 867 2782 nutritorum
894 2759 1070 2783 numerus
1098 2748 1299 2783 immensus
1333 2748 1435 2790 erat3
1476 2745 1568 2780 adeo
1599 2756 1682 2780 cum

189 2790 252 2825 illo
279 2791 473 2827 salvatoris
511 2795 584 2829 mei
623 2795 821 2839 miraculo,
862 2807 936 2841 quo
974 2800 1116 2842 septem
1143 2795 1262 2831 millia
1287 2798 1326 2831 et
1363 2794 1528 2840 quinque
1565 2792 1683 2828 millia
1721 2838 1727 2839 ⁷

188 2837 383 2874 hominum
410 2842 584 2888 nutrivit,
616 2843 773 2879 audeam
796 2844 1039 2890 imperatoris
1065 2856 1158 2890 opus
1187 2843 1373 2880 conferre:
1408 2842 1486 2878 illic
1519 2841 1683 2887 quinque

189 2887 348 2934 panibus
376 2888 569 2925 hominum
595 2891 712 2926 millia
745 2892 805 2928 dei
833 2905 967 2938 nempe
992 2892 1173 2929 miraculo
1199 2894 1369 2928 saturat-a
1392 2894 1491 2936 sunt,
1506 2890 1577 2925 hic
1596 2901 1683 2925 sane
