1734 3120
494 216 759 252 Amxums
787 218 882 252 Lm.
901 219 1000 254 xlv.
1029 215 1067 252 2.
1445 215 1527 256 259
1551 212 1560 219 '

43 327 99 372 τὰ
127 326 326 388 χρήματα
351 325 506 384 αι’-τοῖς
531 331 776 389 ἐγχειρίσαι.
843 328 885 376 οἳ
914 332 995 388 μὲν
1037 325 1115 377 οὖν
1153 330 1270 393 ἀμφὶ
1309 332 1388 379 τὸν
1416 339 1532 380 Βου-

44 398 255 456 τουμίτην
281 400 420 443 ταῦτα
456 398 521 452 εἰς
551 397 631 458 τὴν
671 399 922 460 ἐπισκοπὴν
955 398 1214 456 Τριπόλεως
1246 403 1576 457 ἐναπέθεντο,1)

41 465 164 511 καθὰ
204 484 252 525 γε
293 468 367 511 καὶ
398 464 583 526 εἴρηται.
654 466 680 513 ὁ
712 469 762 513 δὲ
791 470 1065 523 Βαλδουῖνος
1108 469 1384 529 μεμαθηκώς
1427 473 1532 529 περὶ

40 538 117 594 τῆς
144 537 332 580 τουτωνὶ
362 539 454 580 τῶν
481 537 715 592 πρέσβεων
740 536 805 590 εἰς
829 538 1046 594 Τρίπολιν
1073 533 1269 598 ἀφίξεως
1299 543 1532 598 τηνικαῦτα

3 605 284 659 ὄΣιμοῦντον
310 602 391 648 τὸν
419 602 536 649 ἴδιον
570 602 812 665 ἕξάδελφον
851 607 1002 665 ἐφέσει
1031 606 1266 666 χρημάτων
1296 606 1532 666 προαρπά-

41 673 127 727 ζων
155 670 235 731 τὴν
261 670 434 718 τούτων
474 672 647 718 ἔλευσιν
680 675 898 734 πέπομφε
936 674 1320 733 μετακαλούμενος
1357 672 1529 730 αὗτούς.

40 737 82 784 οἶ
113 742 161 785 δὲ
190 738 246 785 τὰ
275 738 474 802 χρήματα
502 737 639 787 αὐτοῦ
682 760 774 787 που
821 741 1141 797 καταλιπόντες
1183 743 1296 801 μετὰ
1333 748 1411 806 τῆς
1450 747 1530 790 τοῦ

38 806 328 865 Πελκτρᾶνου
357 807 531 868 γνώμης
563 811 747 855 εἵποντο
784 813 849 870 τῷ
883 807 1180 857 ἀποσταλέντι
1219 813 1268 868 ἐξ
1290 810 1533 870 Ἱεροσολύ-

37 894 136 933 μων
164 875 394 937 Σιμούντῳ
420 879 494 922 καὶ
523 877 905 935 καταλαμβάνουσι
934 879 1013 924 τὸν
1043 882 1319 926 Βαλδουῖνον
1347 882 1532 937 πολιορ-
1543 894 1583 930 P.
1608 896 1681 931 426

2 948 199 990 θκοῦντα
225 943 310 1004 τήν
344 944 499 1004 Τύρον.
562 945 588 991 ὁ
616 948 665 992 δὲ
690 942 882 1004 ἶὶσμενος
910 944 1072 1002 αὖτοὺς
1101 947 1432 1006 ὑποδεξάμενος
1459 950 1532 993 καὶ

39 1015 255 1068 παντοίας
298 1013 633 1075 φιλοφροσύνης
670 1011 875 1072 ἀξιώσας,
918 1018 1019 1062 ἐπεὶ
1054 1016 1164 1061 κατὰ
1199 1016 1281 1076 τὴν,
1317 1015 1528 1074 α’πόκρεω

39 1085 199 1127 τοῦτον
227 1084 481 1140 κατέλαβον,
515 1088 714 1140 κατεῖχεν
752 1080 914 1138 αὖτοὺς
953 1086 1014 1130 δι’
1054 1083 1159 1144 ὅλης
1199 1088 1280 1146 τῆς
1316 1103 1532 1143 τεσσαρα-

37 1155 198 1210 κοστῆς
227 1153 484 1209 πολιορκῶν
511 1150 590 1212 τὴν
621 1150 775 1210 Τύρον,
808 1152 872 1208 οἷς
900 1151 1081 1212 εἴρηται.
1142 1152 1453 1214 ἐπεφρούρητο
1483 1154 1531 1198 δὲ

37 1217 62 1279 ἡ
93 1218 226 1274 πόλις
254 1222 327 1266 καὶ
354 1216 506 1275 ἄλλοις
545 1223 626 1278 μὲν
670 1222 874 1281 ἅρραγέσι
916 1223 1082 1278 τείχεσι
1124 1224 1198 1267 καὶ
1230 1222 1283 1282 δὴ
1314 1223 1386 1266 καὶ
1415 1223 1531 1281 τρισὶ

1 1289 380 1346 δπροτειχίσμασι
409 1288 552 1349 κύκλῳ
595 1288 758 1349 ταύτην
787 1288 1204 1347 περιλαμβάνουσιν.
1274 1289 1298 1335 ὁ
1341 1291 1421 1347 μὲν
1449 1288 1529 1348 γὰρ

38 1354 257 1412 ἐξώτατος
284 1354 444 1412 κύκλος
470 1363 669 1415 περιεῖχε
698 1357 778 1404 τὸν
806 1358 1026 1416 δεύτερον,
1057 1350 1193 1412 οὗτος
1222 1359 1271 1403 δὲ
1301 1357 1379 1403 τὸν
1408 1359 1530 1403 ἐνδο-

35 1422 156 1469 τάτω
186 1427 260 1470 καὶ
290 1427 454 1483 τρίτον.
511 1428 585 1472 καὶ
615 1419 727 1486 ἦσαν
755 1425 966 1484 καθάπερ
991 1428 1107 1480 τινὲς
1135 1425 1286 1471 κύκλοι
1316 1422 1530 1486 ἀλλήλους

37 1491 440 1550 περιλαμβάνοντες
470 1496 545 1539 καὶ
587 1493 931 1552 περιζωννύντες
973 1493 1053 1555 τὴν
1095 1491 1243 1540 πόλιν.
1301 1490 1393 1538 ἀλλ’
1426 1492 1453 1539 ὅ
1480 1511 1527 1552 γε
1541 1505 1570 1540 Β

38 1561 311 1614 Βαλδουῖνος
340 1561 451 1620 ἔγνω
481 1559 705 1619 πρότερον
744 1562 801 1608 τὰ
831 1563 1182 1620 προτειχίσματα
1216 1565 1355 1607 ταῦτα
1396 1580 1529 1607 κατα-

0 1630 200 1684 οβαλεῖν,
232 1625 325 1675 εἶθ’
358 1628 475 1676 οὕτω
504 1629 583 1690 τῂν
612 1629 747 1676 πόλιν
775 1630 909 1676 ἑλεῖν·
958 1626 1036 1676 οἷα
1074 1629 1153 1689 γάρ
1193 1649 1289 1676 τινα
1317 1630 1528 1687 θωράκια

35 1700 114 1756 τῆς
135 1695 280 1755 Τι’·ρου
311 1701 649 1758 προβεβλημένα
677 1699 757 1761 τὴν
786 1701 1049 1756 πολιορκίαν
1073 1696 1299 1757 ἀπεῖργον.
1341 1697 1365 1744 ὁ
1385 1700 1433 1744 δὲ
1453 1696 1528 1743 διά

35 1782 167 1810 τινων
194 1765 515 1827 μηχανημάτων
544 1772 836 1829 πορθητικῶν
864 1766 944 1830 τήν
971 1786 1020 1813 τε
1050 1766 1233 1827 πρώτην
1269 1769 1342 1812 καὶ
1381 1767 1528 1812 δευτέ-

172 1906 205 1941 3.
230 1902 375 1963 καθάγε
400 1906 443 1953 F,
469 1904 644 1963 καθάπερ
668 1907 709 1943 Ρ.
806 1910 869 1942 καὶ
893 1910 1029 1954 εἴρηται
1057 1907 1102 1951 F,
1128 1909 1285 1964 xal‘om.
1312 1906 1353 1962 P:
1486 1906 1526 1942 ,8.

171 1955 410 2001 Πλεκτρανου
433 1955 474 2000 Ρ,
499 1967 657 1992 cortem.
807 1957 861 1992 10.
890 1953 1065 2003 ἀσμένως
1075 1957 1117 1991 A.
1191 1955 1469 2002 αποδεξαμενος
1479 1953 1524 1988 A.

170 2004 340 2091 ἐξὲωμὲἑιὲ)
351 2002 427 2051 γὰρ
441 2004 484 2048 F,
509 2004 587 2051 μὲν,
608 2016 681 2041 om.
696 2004 738 2040 P.
839 2006 894 2041 16.
923 2001 1123 2040 ἔνδόιατον
1139 2003 1174 2039 C.
1281 2005 1338 2039 20.
1365 1999 1458 2037 οὕτω
1482 2001 1524 2045 F,

35 2194 170 2236 essent,
183 2192 359 2237 pecunias
372 2191 419 2227 iis
431 2191 611 2228 tribuere.
639 2192 852 2228 Butumites
866 2192 998 2238 igitur,
1011 2195 1055 2227 ut
1068 2191 1241 2234 diximus,
1256 2189 1402 2235 Tripoli
1415 2201 1525 2235 pecu-

36 2240 138 2274 niam
150 2239 190 2274 in
204 2240 290 2275 aula
305 2240 510 2286 episcopali
521 2241 689 2287 deponit.
717 2241 922 2276 Balduiuus
937 2244 1062 2276 autem
1076 2239 1204 2274 audito
1222 2239 1461 2284 imperatoris
1474 2237 1524 2272 le-

35 2291 143 2334 gatos
157 2287 331 2334 Tripolin
344 2288 539 2324 advenisse
552 2290 795 2335 pecuniarum
810 2289 969 2334 cupidus
985 2289 1133 2324 obviam
1153 2288 1255 2322 misit
1266 2286 1454 2331 extemplo
1466 2297 1526 2321 eo-

36 2348 120 2371 rum
135 2335 337 2372 advent-um
350 2341 600 2383 occupaturus
614 2337 802 2374 Simonem
815 2337 1032 2383 patruelem,
1047 2337 1111 2382 qui
1135 2347 1196 2371 eos
1221 2334 1269 2370 ad
1282 2346 1320 2369 se
1334 2336 1524 2370 invitaret.

34 2384 75 2420 hi
91 2385 260 2431 pecuniis
293 2385 348 2420 ibi
376 2385 572 2422 Pelctrano
599 2387 853 2422 consentiente
875 2386 1018 2421 relictis
1046 2385 1233 2420 Simonem
1261 2383 1527 2428 Hierosolymis

35 2434 188 2468 missum
202 2436 410 2479 sequuntur
423 2434 722 2481 Balduinumque
744 2434 885 2481 Tyrum
896 2433 1127 2469 obsidentem
1151 2431 1355 2467 offendunt.
1392 2432 1424 2466 is
1441 2441 1526 2466 cum

37 2481 301 2517 humanissime
318 2481 402 2517 illos
418 2483 623 2529 excepisset
640 2483 894 2528 affecissetque
913 2482 1032 2517 multa
1052 2480 1321 2522 benevolentia,
1350 2479 1525 2524 quoniam

35 2531 137 2566 circa
160 2530 449 2576 carnisprivium
477 2536 669 2576 venerant,
693 2534 777 2567 tota
808 2542 871 2567 eos
904 2529 1188 2575 quadragesima
1218 2528 1258 2562 in
1284 2528 1416 2563 castris
1449 2527 1526 2562 suis

35 2577 84 2613 ad
97 2578 238 2624 Tyrum
262 2579 432 2615 retinuit.
482 2583 565 2615 erat
589 2592 633 2615 ea
654 2580 746 2615 urbs
766 2591 851 2615 cum
877 2579 960 2614 aliis
980 2580 1153 2624 protecta
1168 2575 1362 2611 moenibus
1389 2574 1523 2610 firmis-

35 2627 152 2671 simis,
175 2630 258 2662 tum
283 2628 397 2663 etiam
420 2628 583 2664 circuitu
608 2629 727 2664 trium
750 2638 955 2671 murorum,
983 2626 1048 2671 qui
1073 2626 1127 2660 ita
1151 2636 1232 2660 eam
1260 2623 1523 2659 circumclude-

35 2675 141 2720 bant,
165 2679 208 2710 ut
232 2678 421 2711 extremus
447 2677 611 2712 ambitus
635 2677 806 2720 alterum,
822 2675 884 2710 hic
908 2674 1085 2710 intimum
1110 2673 1341 2718 tertiumque
1366 2672 1525 2718 amplec-

35 2726 179 2759 teretur
203 2735 405 2769 omnesque
429 2725 532 2760 velut
556 2725 665 2760 orbes
691 2736 767 2760 sese
792 2723 1129 2769 complecterentur
1155 2721 1361 2766 urbemque
1401 2722 1524 2766 cinge·

34 2777 133 2806 rent.
183 2771 247 2807 sed
260 2772 476 2818 Balduinus‚
503 2774 719 2819 priusquam
743 2773 874 2807 urbem
899 2773 1058 2816 caperet,
1076 2772 1187 2804 antea
1204 2769 1276 2804 sibi
1292 2769 1526 2804 munimenta.

1 2865 2 2868 Ἰ
37 2819 102 2855 illa
138 2820 355 2866 occupanda
389 2822 579 2868 cognovit,
617 2832 710 2867 quae
748 2821 855 2866 quasi
887 2819 1026 2854 loricae
1049 2817 1148 2863 Tyro
1173 2816 1425 2852 circumdatae
1462 2828 1526 2871 op-

3 2872 5 2877 ’
35 2869 306 2915 pugnationem
329 2869 617 2906 frustrarentur.
640 2871 789 2915 iamque
806 2867 989 2903 machinis
1002 2865 1224 2912 quibusdam
1240 2866 1527 2912 oppugnatoriis
