1780 3138
208 282 286 326 118
714 286 878 322 ANNAE
907 283 1174 319 COMNENAE

207 402 294 449 λῶν
322 407 416 456 τοῖς
445 401 675 461 πηδαλίοις
704 397 862 443 τούτου
885 392 1144 453 περιπεσών
1168 395 1242 439 καὶ
1264 391 1326 452 μή
1359 387 1552 452 εὐχερῶς
1572 390 1686 449 ἔχων

206 473 380 518 ἐκεῖθεν
409 469 768 516 διαπλωΐσασθαι
808 465 1055 523 κατεσχέθη
1085 458 1150 518 ἅν,
1198 461 1237 508 εἰ
1281 460 1341 523 μή
1371 462 1542 521 γοργῶς
1571 460 1689 520 πρὸς

205 541 284 601 τὴν
312 537 471 597 σκευήν
499 533 655 581 οἷπεῖδε
684 536 755 579 καὶ
785 536 880 590 πῦρ
925 534 1017 577 κατ’
1049 528 1196 576 αὐτῶν
1237 525 1369 590 ἀφεὶς
1412 525 1492 575 οὔκ
1521 524 1689 586 ὄστοχα

209 609 379 665 ἔβαλεν·
428 602 523 651 εἶτα
548 604 626 666 τὴν
656 607 758 648 ναῦν
790 601 867 648 ἐπὶ
903 599 1074 657 θάτερα
1116 602 1286 658 γοργῶς
1320 599 1586 658 μεταφέρων
1615 599 1689 643 καὶ

207 675 355 733 ἑτέρας
384 675 647 733 παραχρῆμα
675 675 794 729 τρεῖς
822 671 1027 728 μεγίστας
1058 665 1305 726 ἐπυρπόλει
1337 670 1426 712 τῶν
1449 664 1725 724 βαρβάρωνὸ

207 747 320 797 ναῦς.
367 744 465 788 ἐπεὶ
485 743 521 786 δ’
541 740 630 798 ἅμα
645 742 715 784 καὶ
736 734 964 798 συστροφὴ
981 733 1142 794 ἇνέμου
1171 735 1250 794 τὴν
1265 734 1495 781 θάλατταν
1511 731 1690 793 ἇθρόον

169 813 536 858 Οὲπεισπεσοῢσα
577 806 830 864 διετάραττε
873 805 955 859 τάς
999 823 1048 851 τε
1096 808 1199 858 ναῦς
1237 805 1465 863 συνέτριβε
1504 805 1578 849 καὶ
1606 821 1689 861 μο-

208 879 339 926 νονού
369 880 568 935 βυθίζειν
596 877 767 939 ἠπείλει
799 872 1030 933 (ἑρρόχθει
1060 872 1139 932 γὰρ
1170 872 1222 918 τὸ
1253 875 1382 931 κῦμα,
1415 872 1690 931 ἕτετρίγεσαν

208 946 253 992 αἱ
280 951 450 1005 κεραῖαι
493 944 545 990 τά
581 947 627 990 θ’
660 942 776 989 ῖστία
821 940 1159 1003 διερρήγνυντο),
1208 941 1615 998 ἐκδειματωθέντες
1646 938 1689 986 οἳ

207 1014 422 1074 βάρβαροι
451 1013 501 1059 τὸ
532 1013 610 1071 μὲν
640 1011 712 1058 διὰ
732 1010 783 1056 τὸ
814 1009 1107 1068 πεμπόμενον
1139 1014 1229 1067 πῦρ
1263 1005 1385 1068 (ου’-δὲ
1413 1008 1494 1069 γὰρ
1527 1007 1691 1062 ἐθάδες
1708 1019 1752 1054 10

209 1077 317 1144 ἦσαν
344 1080 557 1128 τοιούτων
587 1083 754 1126 σκευῶν
786 1077 813 1140 ἢ
841 1078 984 1135 πυρὸς
1022 1074 1113 1123 ἄνω
1155 1079 1235 1136 μὲν
1268 1076 1404 1138 φύσει
1435 1078 1514 1138 τὴν
1544 1077 1691 1139 φορὰν

211 1152 399 1210 ἔχοντος,
428 1151 717 1208 πεμπομένου
750 1149 787 1193 δ’
819 1149 886 1208 ἐφ’
919 1144 948 1192 ἃ
977 1146 1186 1204 βούλεται
1218 1146 1242 1193 ὁ
1274 1149 1470 1205 πέμπων
1499 1145 1611 1193 κατά
1640 1164 1689 1192 τε

208 1219 259 1265 τὸ
289 1221 452 1277 πρανὲς
480 1216 690 1272 πολλάκις
718 1219 790 1262 καὶ
821 1218 888 1277 ἐφ’
908 1214 1122 1276 ἑκάτερα),
1151 1215 1203 1262 τὸ
1235 1217 1283 1262 δὲ
1309 1215 1400 1262 ὑπὸ
1420 1219 1501 1263 τοῦ
1521 1218 1691 1262 θαλατ-

208 1290 303 1334 τίου
321 1286 538 1341 κλύδωνος
558 1287 846 1345 συγχυθέντες
861 1284 938 1330 τὸν
958 1289 1060 1331 νοῦν
1081 1286 1321 1346 φυγαδείας
1338 1283 1527 1347 ἥψαντο.
1573 1283 1690 1332 οὕτω

208 1359 287 1415 μὲν
317 1349 393 1403 οὖν
422 1357 477 1401 τοὶ
505 1358 594 1401 τῶν
622 1353 873 1413 βαρβάρων·
905 1353 929 1400 ὁ
953 1355 1002 1399 δέ
1031 1373 1099 1400 τοι
1118 1353 1362 1412 Ῥωμαϊκὸς
1381 1353 1542 1409 στόλος
1572 1361 1691 1414 νησι-
1709 1363 1752 1400 15
1776 1372 1778 1374 ’

209 1427 289 1485 δίῳ
318 1427 404 1471 τινὶ
432 1422 731 1483 προσώκειλεν
762 1421 929 1469 οὑτωσί
948 1442 1047 1477 πως
1063 1425 1319 1484 καλουμένῳ
1334 1421 1526 1484 Σεύτλῳ.
1561 1419 1692 1483 αὕγα-

210 1493 365 1552 ζούσης
395 1495 442 1538 δὲ
470 1495 549 1552 τῆς
579 1490 740 1554 ἡμέρας
754 1493 930 1537 ἐκεῖθεν
956 1488 1208 1550 ἀπάραντες
1240 1496 1294 1554 τῇ
1317 1490 1454 1552 Ῥόδῳ
1483 1490 1691 1550 προσώρ-

208 1579 352 1620 μισαν.
407 1564 496 1606 τῶν
520 1562 690 1606 πλοίων
730 1553 806 1605 οὖν
840 1556 1093 1617 α’ποβάντες
1134 1563 1208 1606 καὶ
1247 1559 1529 1620 ἐξαγαγόντες
1558 1558 1693 1614 ὅσους

163 1629 419 1691 Βέφθασαν
448 1634 678 1686 κατασχεῖν
706 1631 778 1674 καὶ
805 1626 938 1675 αὐτὸν
958 1628 1011 1689 δὴ
1037 1628 1115 1675 τὸν
1141 1632 1221 1675 τοῦ
1254 1628 1536 1687 Βαϊμοὺντου
1565 1631 1692 1676 ἀδελ-

209 1701 368 1759 φιδοῦν
411 1696 713 1756 ἐξεδειμάτουν
756 1697 914 1752 αὐτοὺς
960 1696 1020 1752 ὠς
1062 1700 1297 1756 μέλλοντες
1349 1702 1479 1759 τιμῆς
1524 1696 1754 1753 πάντας20

208 1763 488 1824 ἆπεμπολεῖν
517 1765 546 1829 ἢ
572 1765 903 1827 κατασφάττειν.
973 1765 1034 1821 ὥς
1078 1769 1126 1813 δὲ
1168 1763 1537 1830 ἀκαταπλήκτους
1578 1765 1696 1826 πρὸς

209 1839 340 1881 τοῦτο
370 1833 520 1892 ἑώρων
558 1834 718 1889 αὖτοὺς
755 1836 828 1880 καὶ
857 1836 936 1895 τὴν
973 1833 1288 1896 ἅπεμπόλησιν
1319 1837 1365 1882 ἐν
1395 1832 1543 1882 οὐδενὶ
1571 1841 1695 1882 τιθε-

208 1904 382 1960 μένους,
414 1898 551 1956 εὗθῦς
586 1904 743 1963 ξίφους
780 1902 1082 1962 παρανάλωμα
1121 1903 1434 1967 πεποιήκασιν.
1496 1902 1538 1950 οῖ
1569 1905 1619 1949 δέ
1647 1921 1703 1963 γε’

342 2009 375 2044 6.
398 2004 541 2054 ἀθρόον
565 2009 841 2044 ἔπεισπεσοῦσα
869 2010 911 2055 F,
949 2010 1229 2048 ἐπεισπεσοῦσα
1254 2008 1399 2058 ἀθρόον
1423 2011 1464 2048 Ρ.
1660 2011 1694 2046 8.

342 2053 517 2104 ἒρῥόχθει
543 2056 580 2101 C,
609 2054 775 2104 ἒῤῥόχθη
800 2058 840 2094 P.
974 2061 1029 2094 10.
1055 2057 1143 2095 οὐδὲ
1170 2060 1212 2105 F,
1239 2059 1282 2095 οὐ
1308 2060 1349 2096 P.
1430 2083 1433 2086 ⁴
1485 2060 1541 2096 16.
1566 2072 1640 2095 που
1653 2058 1695 2104 P,

340 2106 496 2141 correxi.
635 2108 689 2142 17.
718 2102 990 2154 προσώρμισαν
1014 2108 1050 2152 C,
1078 2106 1362 2157 προσώρμησαν
1387 2108 1428 2145 Ρ.

208 2196 330 2222 comes
354 2186 553 2223 maximam
579 2187 758 2224 audacius
792 2200 926 2225 navem
958 2201 1168 2237 aggressus,
1209 2203 1293 2228 cum
1327 2191 1367 2227 in
1395 2189 1697 2238 gubernaculum

209 2234 287 2269 eius
323 2235 516 2271 incidisset
556 2247 626 2271 nec
662 2236 770 2272 facile
804 2238 893 2274 inde
927 2239 1103 2275 recedere
1134 2243 1274 2286 posset,
1313 2242 1449 2287 captus
1487 2242 1585 2276 esset
1622 2239 1698 2275 uti-

210 2294 293 2328 que,
340 2283 413 2318 nisi
463 2284 652 2329 praesenti
693 2286 816 2321 animo
857 2286 905 2322 ad
952 2287 1144 2332 machi—nas
1185 2300 1271 2324 suas
1316 2289 1524 2335 respiciens
1569 2288 1696 2335 ignem

210 2330 248 2365 in
275 2331 400 2367 hostes
423 2330 584 2368 feliciter
609 2333 813 2379 iniecisset3
846 2346 920 2380 quo
954 2335 1055 2372 facto
1079 2337 1262 2374 velociter
1292 2349 1388 2373 nave
1415 2348 1597 2374 conversa
1620 2336 1698 2372 tria

211 2389 356 2424 quoque
388 2379 460 2415 alia
490 2381 651 2416 maxima
687 2382 936 2418 barbarorum
966 2384 1118 2431 navigia
1149 2385 1330 2422 incendit.
1381 2386 1509 2422 subito
1543 2385 1696 2421 interim

209 2430 294 2462 orto
331 2428 494 2473 turbine,
532 2441 615 2464 cum
650 2441 751 2466 mare
787 2432 925 2477 agitari
957 2435 1153 2479 coepisset,
1186 2435 1333 2470 conteri
1358 2445 1471 2471 naves
1502 2445 1547 2470 ac
1573 2444 1697 2481 paene

210 2475 330 2521 mergi
343 2476 526 2512 undarum
541 2480 659 2520 aestu,
681 2479 842 2515 stridere
860 2483 1108 2517 antennarum
1123 2493 1277 2528 cornua,
1295 2483 1378 2519 vela
1390 2483 1529 2530 frangi,
1541 2481 1697 2518 barbari

211 2524 473 2567 perterrefacti
504 2526 551 2561 ob
586 2527 765 2562 missilem
788 2528 912 2574 ignem
939 2529 1076 2575 (neque
1103 2531 1203 2566 enim
1228 2534 1366 2567 norant
1397 2531 1533 2567 talium
1556 2530 1695 2567 machi-

210 2581 341 2606 narum
378 2571 684 2621 flammarumque
723 2578 909 2622 naturam,
947 2589 1049 2623 quas,
1091 2582 1195 2615 recta
1242 2580 1464 2627 plerumque
1507 2580 1590 2627 igni
1632 2578 1696 2615 ad-

211 2619 422 2663 scendente,
449 2633 679 2668 quocumque
714 2625 796 2669 quis
822 2625 903 2661 vult
932 2631 970 2661 et
995 2627 1034 2662 in
1066 2639 1227 2674 pronum
1262 2631 1301 2664 et
1333 2629 1382 2665 ad
1414 2629 1534 2665 latera
1556 2627 1696 2664 iacula-

210 2666 289 2712 tur)
316 2671 360 2723 et·
379 2671 490 2704 maris
515 2673 738 2717 tempestate
765 2673 910 2709 turbati
935 2674 1047 2720 fugae
1074 2687 1112 2711 se
1136 2676 1377 2712 mandarunt.
1423 2677 1517 2713 hacc
1543 2676 1695 2722 quidem

210 2714 381 2751 barbari:
416 2717 582 2754 Romana
612 2731 699 2755 vero
735 2722 860 2763 classis
891 2722 940 2758 ad
974 2735 1129 2769 parvam
1162 2725 1335 2767 insulam,
1377 2726 1439 2761 cui
1469 2725 1598 2762 Seutlo
1631 2735 1695 2761 no-

211 2772 296 2818 men
323 2766 414 2809 erat,
441 2767 625 2812 constitit;
652 2768 749 2805 unde
773 2770 894 2815 prima
917 2771 999 2808 luce
1018 2776 1210 2808 moventes
1232 2774 1279 2809 ad
1298 2774 1472 2811 Rhodum
1498 2772 1697 2820 appellunt

211 2810 339 2856 ibique
363 2811 461 2848 facta
496 2817 708 2869 escensione
746 2830 871 2854 omnes
910 2820 1081 2865 captivos
1118 2822 1158 2856 in
1183 2821 1240 2858 his
1269 2822 1480 2858 Boemundi
1505 2821 1697 2858 consobri-

210 2870 301 2894 num
328 2863 428 2916 metu
458 2864 650 2899 servitutis
679 2869 744 2900 aut
767 2867 893 2902 caedis
918 2869 1121 2905 terrebant.
1162 2882 1322 2917 cumque
1347 2871 1442 2907 nihil
1464 2871 1608 2908 moveri
1631 2880 1697 2906 eos

211 2917 255 2944 ac
287 2908 541 2946 venditionem
576 2923 644 2958 pro
682 2913 799 2950 nihilo
831 2915 969 2951 habere
1001 2917 1367 2964 animadvertissent,
1406 2930 1536 2956 omnes
1566 2917 1696 2966 statim

1739 2960 1748 2969 n

1747 2868 1780 3138 fflssmsmaaassxstffi..
1763 2754 1780 2779 1ae
1768 2739 1772 2741 >
1775 2721 1778 2726 >
1777 2680 1780 2682 .
1777 2635 1780 2649 ,.
1775 2599 1778 2605 «
