1806 3132
280 237 364 282 556
795 245 972 281 oARom
996 244 1235 280 DUOANGII

235 362 267 398 D
412 355 734 419 Ἐπινεμήσεως
763 356 1018 417 ἑνδεκάτης]
1063 361 1239 403 Ioannes
1283 357 1528 412 Comnenus,
1574 358 1759 414 postmo-
1799 369 1801 371 ·

281 419 380 461 dum
412 418 658 473 Imperator,
693 418 971 473 Calojoannes
1009 417 1133 460 Petro
1164 415 1273 460 Abb.
1306 415 1425 459 Clun.
1454 415 1592 459 dictus
1621 415 1694 459 lib.
1717 416 1755 458 2.

281 476 410 530 Epist.
430 476 498 519 39.
530 475 717 518 nascitur
745 476 897 518 Indict.
932 476 994 518 11.
1027 474 1079 516 A.
1109 473 1204 516 Chr.
1236 483 1514 518 MLXXXVIII.

42 548 264 594 Pag.168.A
418 539 479 585 Τὸ
510 541 558 586 δὲ
582 541 761 586 παιδίον
787 541 944 600 μέλαν]
976 542 1216 586 Willelmus
1233 541 1384 597 Tyrius
1403 541 1478 584 lib.
1497 541 1562 583 15.
1585 554 1672 595 cap.
1690 542 1757 583 23.

278 600 328 643 de
357 601 534 643 Ioanne:
577 599 685 643 Fuit
726 604 863 644 autem
903 604 1070 643 statura
1107 598 1341 653 mediocris,
1383 612 1509 641 carne
1538 601 1576 640 et
1604 597 1760 651 capillo

277 658 411 712 ηὗρον,
440 657 552 700 uncle
581 661 619 699 et
647 661 914 712 coynomento
946 657 1102 700 dieitur
1132 656 1258 698 etiam
1286 654 1408 698 hodie
1422 654 1621 706 Maurus,
1648 654 1761 708 facie

278 713 535 768 despicabili,
566 714 639 757 sed
667 714 853 757 moribus
883 714 1131 767 conspicans
1174 715 1211 755 et
1241 711 1403 755 actibus
1439 712 1623 767 insiynis
1650 711 1760 754 mili—

279 770 454 814 taribus.
514 770 559 814 Si
606 769 735 825 (quod
776 772 984 814 asseverat
1026 769 1217 824 Nicetas)
1263 768 1317 811 ad
1360 769 1558 811 Ioannem
1602 768 1762 821 spectat

279 840 375 882 pars
410 826 616 881 posterior
661 828 785 882 primi
829 827 999 870 Oraculi
1038 825 1187 870 Leonis
1226 825 1510 880 Imperatoris,
1554 825 1659 868 belle
1704 824 1762 867 ibi

280 884 531 927 describitur
560 884 640 926 hoc
670 896 793 927 versu
823 884 966 927 vultus
995 884 1135 927 color:

540 947 833 1006 Βαπτόμενος
862 950 1026 1006 μέλανι,
1058 950 1131 994 καὶ
1162 949 1297 1005 μέλας
1327 946 1443 1002 ὅλος.

243 1029 273 1064 Β
418 1018 510 1061 Καὶ
528 1021 607 1062 τοῦ
628 1019 846 1090 στέφους]
875 1021 1049 1064 Nicetas
1065 1021 1109 1062 in
1130 1021 1306 1063 Ioanne:
1336 1015 1360 1061 ὁ
1385 1014 1600 1069 Βασιλεὺς
1619 1016 1765 1060 τοίνυν

284 1075 357 1118 καὶ
383 1072 538 1127 τοκεύς
562 1070 758 1130 Ἀλέξιος
786 1077 975 1132 μαλιστα
1003 1078 1093 1120 τῶν
1121 1071 1264 1118 ἄλλων
1293 1074 1468 1118 παίδων
1496 1075 1559 1132 τῷ
1590 1069 1763 1132 Ἰωάννῃ

283 1132 570 1188 προσέκειτο·
616 1128 767 1188 ἀμέλει
811 1150 882 1177 τοι
925 1133 997 1176 καὶ
1029 1133 1189 1177 τοῦτον
1224 1132 1450 1187 ἐπικρίνας
1478 1131 1763 1186 καταλείψειν

282 1191 363 1246 τῆς
388 1188 612 1244 βασιλείας
649 1186 863 1244 διάδοχον,
910 1190 1106 1245 ἐρυθροῦ
1147 1206 1196 1233 τε
1235 1188 1419 1232 πεδίλου
1473 1187 1764 1243 μετεδεδώκει

282 1246 355 1289 καὶ
388 1246 575 1289 Βασιλέα
616 1244 820 1291 ἐδεδώκει
864 1242 1229 1304 ἀναγορεύεσθαι.
1297 1247 1531 1302 Imperator
1573 1259 1695 1300 porro
1741 1259 1766 1289 a

282 1305 456 1359 parente
487 1303 633 1347 Alexio
664 1305 802 1348 dictus
833 1310 895 1348 est
923 1306 1102 1348 Ioannes
1140 1305 1251 1348 circa
1278 1303 1360 1347 An.
1393 1303 1489 1347 Chr.
1517 1312 1651 1346 MXOI.
1692 1303 1766 1346 aut

282 1361 533 1415 sequentem,
564 1361 629 1403 uti
658 1362 774 1416 patet
805 1375 851 1405 ex
881 1362 1136 1417 Diplomate‚
1170 1361 1281 1416 quod
1312 1361 1364 1404 ab
1398 1360 1578 1415 Ughello
1609 1359 1768 1414 profer-

282 1418 353 1460 tur
393 1417 439 1459 in
472 1417 804 1473 Archiepiscopis
842 1418 1133 1473 Neapolitanis
1165 1418 1218 1462 N.
1243 1419 1305 1461 10.
1374 1417 1430 1460 In
1471 1417 1639 1460 nomine
1683 1415 1768 1458 Dei

283 1473 520 1517 Salvatoris
550 1474 606 1517 N.
634 1474 669 1517 I.
704 1474 748 1518 Ο.
779 1477 1012 1529 imperante
1041 1475 1226 1518 Domino
1255 1478 1398 1518 nostro
1419 1473 1571 1517 Aleoez'o
1599 1473 1766 1528 Mayno

282 1530 542 1584 Imperatore
571 1544 684 1574 anno
712 1543 810 1576 XIV.
840 1533 915 1576 sed
946 1536 985 1575 et
1013 1531 1175 1575 Ioanne
1204 1531 1568 1586 Porphyroyenito
1597 1530 1766 1584 Mayno

282 1586 542 1641 Imperatore
567 1588 656 1631 eins
679 1588 771 1642 filio
806 1603 920 1632 anno
951 1600 1019 1632 ΠΙ.
1048 1589 1116 1632 elie
1143 1599 1261 1633 XVII.
1291 1589 1446 1631 mensis
1465 1586 1578 1641 Sept.
1608 1586 1763 1630 Indict.

282 1654 350 1687 111.
382 1644 458 1686 etc.
506 1643 670 1687 Profert
700 1646 828 1688 etiam
851 1646 960 1689 idem
983 1646 1188 1701 Ughellus
1221 1645 1337 1688 aliud
1351 1645 1548 1699 Diploma
1565 1644 1681 1686 Anni
1698 1644 1763 1685 19.

283 1700 453 1755 Imperii
482 1700 619 1743 Alexii
657 1702 749 1746 Ind.
771 1703 808 1745 8.
840 1703 885 1745 in
924 1715 1005 1758 quo
1036 1703 1206 1746 Ioannis
1249 1702 1406 1757 pariter
1450 1701 1622 1756 Imperii
1666 1699 1766 1743 anni

285 1757 589 1800 describuntur.

245 1816 271 1852 C
415 1807 669 1872 Ἆνωτέρω]
700 1815 806 1871 Pag.
826 1816 893 1859 95.

244 1881 271 1917 C
418 1874 587 1938 Ἀμήρ]
623 1883 749 1938 Apud
779 1883 939 1928 Arabes
971 1884 1016 1928 id
1045 1884 1239 1928 vocabuli
1262 1879 1424 1938 κύριον,
1448 1895 1519 1926 seu
1539 1882 1766 1925 Dominum

284 1938 417 1990 sonat,
449 1939 559 1994 quod
589 1940 704 1983 varie
732 1940 908 1983 efferunt
936 1940 1167 1996 Scriptores
1198 1941 1343 1984 nostri.
1393 1939 1612 1983 Interdum
1658 1938 1767 1980 enim

283 1994 579 2038 Ammirabilis
622 1996 779 2051 dicunt,
812 1998 860 2040 ut
891 1997 1091 2041 Albertus
1122 1998 1202 2053 Aq.
1234 1998 1305 2041 lib.
1329 1998 1368 2040 3.
1399 2009 1487 2051 cap.
1509 1996 1575 2039 59.
1607 1994 1767 2037 Ammi-

283 2055 417 2104 ναΐας,
450 2052 498 2094 ut
528 2052 777 2096 Tudebodus
807 2054 880 2097 lib.
903 2055 941 2097 5.
967 2054 1261 2107 Admirabilis,
1298 2055 1346 2097 ut
1377 2053 1485 2097 Otho
1511 2052 1767 2106 Frisingens.

284 2108 357 2151 lib.
380 2109 417 2150 7.
445 2121 533 2163 cap.
556 2109 594 2151 4.
628 2110 669 2152 et
698 2109 987 2163 Admirarins,
1020 2112 1069 2154 ut
1096 2112 1176 2155 Leo
1209 2110 1297 2155 Ost.
1350 2111 1463 2153 Hinc
1492 2108 1769 2152 Admiralolo-

286 2178 393 2217 ram,
437 2178 508 2208 seu
553 2166 970 2210 Thalassocratorum
1026 2169 1127 2211 nata
1175 2181 1255 2211 vox
1299 2167 1411 2222 apud
1439 2167 1623 2218 Latinos,
1658 2164 1769 2218 quod

287 2221 348 2264 ita
375 2221 528 2264 nostris
559 2222 831 2266 Tureicarum
862 2224 1060 2267 classium
1092 2225 1228 2268 Duces
1260 2223 1604 2279 indigitarentur.
1663 2221 1771 2264 Vide

244 2290 384 2381 Dpag⁰
407 2278 690 2393 23ῗλέῥετος]
723 2337 850 2380 Cuius
878 2338 1071 2381 meminit
1100 2338 1280 2381 Zonaras
1303 2337 1349 2380 in
1364 2337 1554 2380 Romano
1570 2335 1769 2389 Diogene.

45 2409 133 2455 Pag.
155 2412 233 2446 169.
248 2411 276 2445 Β
421 2396 492 2456 Ἐξ
521 2399 687 2460 ἐφόδου
718 2403 951 2460 κατέσχεν]
985 2405 1112 2449 Venit
1128 2405 1356 2448 Antiochia
1383 2404 1428 2447 in
1447 2404 1677 2446 Turcorum
1697 2414 1770 2456 po-

288 2458 486 2502 testatem
516 2461 591 2503 sub
620 2461 899 2505 Abulcasemo
932 2461 1137 2517 Chalipha
1167 2462 1278 2505 circa
1304 2462 1385 2503 An.
1414 2460 1510 2504 Chr.
1530 2468 1770 2502 MLXXXIV.

290 2514 435 2558 Alexio
463 2516 708 2571 imperante.
774 2519 965 2562 Tradunt
1000 2519 1206 2574 siquidem
1236 2517 1500 2561 Raimundus
1536 2515 1586 2558 de
1625 2515 1771 2569 Agiles

290 2584 385 2635 pag.
405 2572 497 2615 148.
529 2573 750 2617 Ordericus
766 2575 896 2619 Vital.
926 2576 997 2619 lib.
1025 2577 1088 2618 13.
1119 2588 1216 2631 pag.
1237 2575 1331 2618 914.
1362 2574 1403 2617 et
1415 2572 1655 2617 Willelmus
1674 2572 1770 2626 Tyr.

289 2627 423 2691 11b35.
455 2641 543 2683 cap.
567 2631 631 2672 11.
663 2643 767 2684 eam,
802 2632 1030 2687 antequam
1060 2645 1085 2675 a
1106 2631 1280 2675 Francis
1309 2629 1630 2686 expugnaretur,
1661 2627 1771 2682 quod

292 2684 446 2726 acoldit
465 2686 503 2727 3.
525 2686 604 2728 Iul.
626 2686 678 2729 A.
696 2698 902 2733 MXCVHI.
935 2689 1163 2732 Saracenos
1193 2701 1264 2743 per
1284 2700 1414 2731 annos
1436 2687 1500 2729 14.
1530 2685 1770 2729 obtinuisse.

293 2739 344 2782 V.
375 2740 650 2785 Elmacinum.

256 2806 283 2842 C
436 2794 685 2854 Τουτούσης
741 2801 926 2845 Tutusae
955 2814 1106 2845 nomen
1135 2802 1249 2844 varie
1283 2800 1452 2844 effertur
1472 2800 1524 2843 ab
1540 2797 1772 2842 El-Macini

295 2851 608 2908 Interpretibus.
720 2858 861 2911 rpenio
905 2859 1016 2901 enim
1062 2857 1383 2913 Tayiuddaulas
1417 2857 1560 2908 Nisa-3,
1602 2854 1772 2898 Vaterio
