1806 3132
274 170 359 214 698
797 179 975 214 GAROLI
1004 179 1244 216 DUOANGH

273 295 382 339 ticae
402 295 580 351 partem,
613 309 694 350 qna
717 295 919 339 docentur
940 295 1219 340 adolescentes
1235 298 1399 351 soripla
1430 296 1665 352 intelliyere
1694 301 1768 340 aut

265 353 467 407 probare,
510 352 558 395 ut
588 353 650 395 est
679 352 789 406 apud
822 351 1082 396 Martianum
1113 352 1325 408 Capellam
1366 354 1440 398 lib.
1462 355 1500 397 3.
1565 354 1626 398 Ea
1656 354 1765 398 enim

273 410 336 452 vis
381 410 444 453 est
490 409 604 452 vocis
646 408 800 462 σχέόος
844 409 955 463 apud
996 410 1204 453 Basilium
1239 411 1347 454 libro
1391 410 1495 465 περὶ
1531 409 1768 466 γυμνασίας

273 467 582 533 γραμματικῆς,
615 466 687 509 ubi
717 465 766 509 de
796 466 1000 509 vocabulo
1031 466 1361 524 σχεὸογραφεῖν.
1392 463 1553 510 Πόθεν
1584 466 1765 523 γι’νεται;

273 521 320 565 ἐκ
349 523 428 566 τοῦ
459 523 652 576 σχεδους,
685 521 756 564 καὶ
785 522 863 565 τοῦ
889 519 1060 580 γράφω.
1092 519 1141 566 τὸ
1173 523 1221 567 δὲ
1251 523 1416 577 σχέδος,
1450 521 1570 581 παρὰ
1590 521 1641 566 τό
1664 523 1762 577 χέω,

270 578 398 633 χέὸος
428 581 477 623 ‘et
507 578 672 633 σχέδος.
705 574 842 622 οἷονεί
860 576 911 621 τὸ
934 579 1106 632 ὃιαχέον
1128 580 1201 624 καὶ
1230 580 1490 636 διαχωρίζον
1520 579 1598 632 τὰς
1627 580 1765 635 λέξεις

271 632 349 680 ἀπ’
387 632 596 694 ἀλλήλων.
640 632 667 692 ἢ
697 633 819 690 παρὰ
855 632 907 677 τὸ
951 634 1161 691 σκεδὰζω,
1202 636 1420 682 σκεδάσαι.
1454 634 1763 692 σκεδαζόμεναι

271 691 351 751 γὰρ
379 690 423 736 αἱ
453 692 603 747 λέξεις,
634 692 706 735 καὶ
737 690 875 735 οἷονεί
895 689 1188 748 μεριζόμεναι,
1209 692 1271 746 εἰς
1298 694 1458 749 γνῶσιν
1477 691 1767 751 παραλαμβά-

273 767 432 795 νονται.
472 746 499 820 ἢ
529 746 651 803 παρὰ
681 748 732 792 τὸ
764 751 867 803 σχῶ,
914 747 965 792 τὸ
997 753 1157 804 κρατεῦ,
1203 751 1358 805 σχὲὁος
1387 748 1438 794 τὸ
1468 753 1558 794 τῶν
1588 752 1767 795 πολλῶν

272 823 538 852 συνεκτικον.
599 806 782 851 Glossar.
816 806 887 850 Gr.
919 807 1012 851 Lat.
1043 804 1288 863 σχεδιάζειν
1315 809 1528 852 interdum
1558 803 1654 851 dm
1685 810 1765 851 τοῦ

272 867 558 920 χειρονομεῖν,
589 864 802 907 interdum
846 863 921 906 ἐπὶ
948 864 1027 907 τοῦ
1060 863 1107 907 ἐκ
1136 867 1215 908 τοῦ
1248 867 1516 924 παραχρῆμα
1551 865 1764 922 λέγοντος,

272 938 323 967 ex
352 926 535 976 tempore
555 922 706 972 dicere,
741 921 1055 976 interpretatur,
1087 923 1135 965 ut
1165 921 1351 976 σχεδίην,
1383 938 1435 966 ea:
1463 926 1647 977 tempore
1676 924 1766 967 olie-

272 984 373 1024 tum.
433 980 501 1023 Ita
542 977 654 1033 apud
683 978 942 1033 Hesychium
987 975 1228 1033 σχεδιάζειν
1267 981 1329 1023 est
1360 978 1407 1022 ἐκ
1436 974 1767 1035 παρατυχόντος

273 1035 318 1079 ἑν
348 1032 511 1093 ἑτοίμῳ
542 1033 693 1090 λέγειν.
769 1034 887 1088 Quod
920 1048 1042 1090 porro
1077 1035 1229 1079 Graeci
1261 1037 1592 1092 σχεδογραφεῖν,
1624 1038 1765 1080 Latini

271 1094 390 1137 edere
412 1097 559 1147 partes
598 1092 757 1134 dicunt.
789 1091 1032 1135 Gotesridus
1054 1092 1214 1142 Viterb.
1244 1095 1354 1148 part.
1379 1095 1444 1137 16.
1475 1095 1630 1137 Panth‚

325 1150 453 1193 Nunc
483 1163 641 1204 quoque
674 1148 989 1192 Grammatioae
1016 1163 1202 1194 summus
1230 1150 1429 1194 Donatus
1460 1152 1507 1194 in
1533 1155 1636 1204 arte,

326 1207 617 1262 Hieronymus
643 1219 735 1249 cum
766 1206 971 1259 discipulo
1000 1206 1119 1250 docet
1148 1208 1267 1250 edere
1286 1211 1451 1262 partes.

215 1254 218 1257 ⁵
271 1263 654 1329 Schedograpiiiam
696 1262 974 1306 recentiorum
1004 1263 1223 1307 inventum
1256 1277 1342 1307 esse
1375 1265 1436 1307 ait
1466 1265 1606 1317 Anna,
1646 1278 1766 1319 prae-

41 1728 132 1774 Pag.
141 1729 220 1764 486.
231 1727 258 1763 C

231 2633 257 2668 C

271 1321 496 1376 cipuosque
538 1333 582 1362 1n
613 1333 661 1363 ea
692 1319 920 1374 Magistros
951 1320 1143 1363 nominat
1181 1322 1318 1364 neseio
1351 1334 1454 1376 quos
1482 1321 1695 1377 Stylianos
1725 1322 1767 1364 et

271 1377 592 1433 Longobard0s‚
642 1390 714 1420 seu
756 1376 913 1428 Italos,
963 1390 1065 1432 quos
1125 1377 1281 1421 Glaber
1325 1378 1574 1434 Radulphus
1622 1378 1695 1421 lib.
1725 1379 1763 1421 2.

271 1447 361 1490 cap.
386 1435 451 1477 12.
482 1434 523 1477 et
543 1433 702 1477 Paulus
719 1433 1013 1477 Warnefridus
1038 1434 1112 1477 lib.
1133 1435 1172 1477 6.
1196 1434 1247 1477 de
1264 1434 1380 1478 Gest.
1408 1435 1594 1491 Langob.
1626 1448 1714 1489 cap.
1727 1436 1764 1478 7.

271 1490 585 1535 Grammaticae
614 1503 712 1545 prae
743 1490 918 1533 caeteris
947 1490 1176 1545 impensius
1215 1504 1383 1546 operam
1413 1491 1574 1535 dedisse
1604 1492 1764 1535 testan-

269 1549 352 1591 tur.
412 1547 482 1590 Ad
512 1560 640 1602 quam
672 1546 984 1590 Grammaticae
1015 1548 1176 1602 partem
1207 1548 1354 1591 referri
1385 1549 1539 1592 debent
1556 1548 1765 1592 Manuelis

270 1604 532 1659 Moschopuli
561 1604 669 1647 liber
698 1602 804 1660 περὶ
833 1603 1002 1658 σχεόιῦν
1034 1605 1075 1647 et
1105 1605 1289 1648 eiusdem
1321 1605 1472 1649 Basilii
1507 1605 1763 1649 Exercitatio

272 1660 576 1705 Grammatica.

405 1716 689 1773 Βογομίλων]
721 1716 826 1759 Rem
867 1715 995 1760 etiam
1026 1718 1171 1761 narrat
1201 1719 1397 1762 Zonaras.
1444 1719 1762 1774 Bogomilorum

269 1788 390 1830 porro
417 1775 613 1818 Haeresis
644 1773 824 1817 conflata
854 1775 944 1816 erat
970 1775 1235 1829 potissimum
1266 1788 1313 1818 ex
1333 1775 1475 1830 pravis
1494 1777 1764 1820 Manichaeo-

269 1845 361 1874 rum
393 1832 434 1876 et
454 1831 807 1875 Massalianorum
838 1830 1120 1885 dogmatibus,
1163 1833 1211 1875 ut
1241 1834 1304 1875 est
1348 1833 1476 1876 etiam
1509 1833 1619 1888 apud
1650 1833 1763 1876 Har-

268 1889 539 1944 menopulum
569 1889 677 1932 libro
708 1888 758 1930 de
788 1887 935 1940 Sectis,
967 1888 1037 1931 ubi
1066 1888 1286 1944 utriusque
1314 1890 1512 1933 Haeresis
1540 1890 1763 1933 Massalia-

269 1959 418 1989 norum
449 1945 609 1989 scilicet
653 1946 694 1987 et
733 1944 1049 2000 Bogomilorum
1086 1945 1298 2000 opiniones
1329 1948 1526 1990 recenset.
1601 1947 1762 1990 Massa-

268 2003 491 2055 lianorum,
538 2002 610 2057 qui
646 2001 723 2045 sub
761 2001 940 2045 Valente
981 2002 1163 2057 primum
1210 2003 1342 2046 exorti
1386 2004 1513 2056 sunt,
1562 2004 1763 2058 dogmata

269 2060 467 2102 enarrant
496 2060 709 2114 praeterea
741 2058 782 2102 S.
814 2059 991 2102 Ioannes
1021 2059 1307 2102 Damascenus
1344 2060 1387 2103 in
1421 2060 1621 2115 opusculo
1652 2060 1762 2115 quod

269 2116 319 2158 de
348 2129 396 2159 ea
429 2116 605 2159 Haeresi
634 2115 766 2159 edidit
794 2116 835 2158 et
874 2115 1048 2158 Nicetas
1077 2115 1151 2159 lib.
1174 2118 1212 2159 2.
1262 2117 1461 2160 Thesaur.
1495 2117 1668 2161 Orthod.
1690 2117 1760 2160 fid.

270 2173 589 2228 Bogomilorum
620 2185 716 2216 vero
750 2172 1001 2227 Euthymius
1033 2172 1279 2228 Zygabenus
1299 2174 1354 2216 'in
1385 2173 1560 2229 Panopl.
1593 2174 1700 2228 part.
1722 2175 1760 2216 2.

270 2229 338 2272 tit.
361 2231 427 2272 23.
505 2230 673 2272 Dicitur
718 2230 859 2272 autem
906 2229 1154 2284 Bogomilus
1184 2230 1400 2286 Mysorum
1430 2230 1644 2282 idiomate,
1690 2232 1762 2284 qai

274 2285 359 2329 Dei
388 2287 723 2330 misericordiam
752 2286 963 2340 implorat,
1003 2287 1050 2328 ut
1082 2288 1205 2329 autor
1235 2289 1297 2329 est
1326 2287 1435 2330 idem
1467 2287 1762 2342 Harmenopu-

270 2343 348 2395 lus,
380 2343 490 2386 unde
519 2338 708 2396 εὕχίτας,
746 2337 1090 2393 ’evomentem-ag
1135 2344 1176 2386 et
1205 2337 1572 2400 Ὀμφαλοψύχους
1603 2345 1761 2387 Haere-

271 2399 378 2442 ticos
404 2400 507 2443 istos
539 2399 688 2443 Graeci
721 2400 999 2454 appellarunt.
1060 2400 1165 2443 Vide
1197 2401 1427 2444 Cedrenum
1458 2402 1511 2445 A.
1539 2411 1618 2444 XX.
1652 2400 1760 2443 Con-

272 2456 453 2499 stantini
483 2457 541 2500 M.
572 2458 613 2500 et
643 2468 674 2500 Ι.
701 2457 905 2507 Valentis,
937 2455 1169 2511 Gregoram
1202 2458 1276 2500 lib.
1297 2459 1360 2500 11.
1390 2458 1685 2501 Balsamonem
1716 2457 1759 2499 in

273 2512 503 2556 Nomocan.
526 2513 649 2557 Phot.
672 2513 858 2557 Psellum
879 2513 929 2556 de
951 2513 1117 2568 Operat.
1142 2515 1343 2558 Daemon.
1367 2514 1590 2558 Cantacuz.
1624 2514 1698 2558 lib.
1721 2515 1759 2556 2.

273 2582 321 2612 ca
354 2571 452 2612 ‚39.
483 2571 561 2613 etc.

324 2583 350 2624 p
406 2623 692 2683 Λεινὸτατσν]
718 2627 767 2669 Id
796 2627 882 2669 iam
914 2626 1014 2669 olim
1046 2627 1303 2670 Paulicianis
1337 2627 1583 2679 Haerefficis,
1620 2627 1759 2670 Mani-

270 2682 491 2725 chaeorum
512 2684 553 2725 et
573 2683 891 2738 Bogomilorum
913 2683 1093 2735 asseclis,
1117 2683 1338 2726 obiectum.
1373 2684 1528 2727 Willel.
1550 2684 1753 2739 Neubrig.

268 2739 339 2781 lib.
357 2740 395 2781 2.
428 2752 516 2793 cap.
538 2741 600 2783 13.
659 2740 956 2795 Eyrecliantur
999 2741 1050 2783 cle
1079 2741 1215 2784 caveis
1257 2742 1346 2784 sais
1379 2741 1523 2795 vulpes
1551 2742 1758 2795 nequissi-

266 2809 360 2839 mae
388 2800 426 2839 et
449 2800 673 2850 praetenta
700 2797 836 2851 speeie
856 2798 1036 2851 pietatis
1068 2797 1300 2841 seducendo
1343 2798 1554 2852 simplices
1588 2798 1754 2841 vineam
