1794 3132
246 221 330 264 448
762 228 940 263 CAROLI
968 227 1207 263 DUCANGII

206 353 235 391 G
387 340 475 403 Τὴν
505 342 553 387 δὲ
589 340 702 398 μετὰ
733 339 815 400 τήν
847 338 1070 402 Κυριακῆν
1107 338 1334 399 δευτέραν]
1376 337 1572 397 εΗμιέραν
1613 342 1732 386 addit

248 402 434 446 Allatius
461 402 533 446 lib.
563 402 613 445 de
641 401 846 445 Hebdom.
878 400 950 444 Gr.
981 413 1069 455 cap.
1094 400 1160 442 11.
1189 399 1261 443 ubi
1291 399 1402 442 hunc
1418 399 1566 442 Annae
1594 399 1734 443 locum

247 459 409 512 laudat,
439 459 487 501 ut
531 471 673 502 sensus
718 458 785 511 sit,
831 458 925 512 post
955 456 1222 500 Dominicam
1253 456 1494 512 Tyrophagi
1523 456 1644 500 Feria
1675 456 1730 499 II.

248 515 443 559 Alexium
474 516 576 559 urbe
603 527 826 585 egressum.

32 579 236 628 Pag.52.A
383 570 475 614 Καὶ
503 568 580 623 τὰς
610 566 830 628 αόελφάς]
863 569 969 613 Vide
999 569 1187 613 Stemma
1219 567 1528 612 Comnenicum.

202 645 235 680 A
384 627 792 672 Κωνσταντινιανοῢ
824 622 990 684 φόρου]
1020 627 1137 668 Inter
1167 626 1394 680 praeclara,
1427 638 1533 681 quae
1561 626 1606 668 in
1626 639 1734 669 nova

247 686 348 730 urbe
378 699 403 729 a
434 698 476 729 se
504 686 674 729 condita
714 684 904 728 aedificia
934 683 1117 726 extruxit
1147 681 1448 725 Constantinus
1477 682 1549 736 Μ..
1579 683 1733 725 Forum

246 742 354 786 illud
398 743 492 795 fuit,
539 743 650 798 quod
680 755 705 785 a
735 754 808 785 suo
852 741 1020 783 nomine
1051 739 1447 782 Constantinianum
1492 739 1733 795 appellavit,

247 799 482 854 statuitque
523 800 567 842 in
611 813 659 843 ea
687 798 802 842 urbis
832 798 963 853 parte,
1008 797 1081 840 ubi
1125 797 1250 839 antea
1290 796 1456 839 moenia
1503 798 1544 839 et
1589 797 1734 851 portae

248 856 445 912 Byzantii
485 856 637 899 veteris
680 855 863 907 stabant,
909 853 1152 909 porticibus,
1198 852 1440 906 fornicibus,
1483 853 1648 906 statuis,
1694 853 1736 895 et

248 913 343 956 aliis
373 912 650 968 undequaque
679 911 866 955 advectis
910 910 1180 965 antiquitatis
1221 910 1502 952 monumentis
1535 910 1639 952 mire
1668 922 1736 952 ex-

249 970 458 1022 ornatum,
491 969 555 1012 uti
592 969 748 1024 passim
786 968 996 1011 testantur
1023 966 1278 1009 Themistius
1309 965 1426 1009 Orat.
1450 967 1515 1009 17.
1547 966 1735 1011 Zosimus

248 1027 321 1070 lib.
342 1028 381 1069 2.
412 1026 615 1069 Eusebius
643 1026 716 1068 lib.
738 1026 778 1067 3.
808 1024 858 1067 de
878 1024 979 1067 Vita
1007 1023 1273 1067 Constantini
1302 1035 1390 1078 cap.
1414 1024 1480 1066 52.
1514 1023 1736 1073 Gedrenus,

250 1083 433 1126 Zonaras
463 1083 504 1126 et
533 1083 607 1125 alii
628 1083 715 1125 sine
749 1093 935 1124 numero.
984 1080 1123 1124 Situm
1148 1080 1189 1122 et
1208 1079 1388 1123 formam
1409 1080 1607 1123 describit
1625 1080 1735 1122 idem

251 1140 463 1183 Zosimus:
494 1135 653 1196 ἀγορὰν
682 1136 731 1181 δὲ
761 1136 805 1180 ἕν
834 1138 896 1193 τῷ
926 1132 1055 1194 τόπῳ
1075 1136 1181 1180 καθ’
1214 1129 1264 1178 ὃν
1294 1133 1319 1193 ἡ
1343 1133 1460 1194 πύλη
1480 1132 1532 1179 τὸ
1552 1130 1735 1192 ἀρχαῖον

250 1188 314 1296 ἐν,
340 1191 1411 1296 (ζῖκοξῖοῇιὸῄσαῧξωκλοτεραῇ,οῖαἱ1ῗτοαῖὶῗιῖἷεγέσι
1431 1189 1590 1264 ‘caninat
1610 1209 1737 1292 rfiipi-

251 1256 516 1361 difflatu
535 1267 900 1362 timentes?
915 1298 975 1350 a
997 1266 1165 1352 atti
1185 1266 1249 1358 2}
1270 1266 1349 1358 st}
1368 1266 1576 1367 {imi
1603 1267 1739 1358 3103,-

251 1367 325 1410 καὶ
352 1369 429 1424 τῆς
459 1363 596 1410 πάλαι
639 1363 816 1417 πόλεως
862 1364 1032 1419 ἐξιέναι.
1106 1366 1254 1419 Neque
1296 1365 1462 1408 abludit
1505 1365 1737 1421 Hesychius

252 1425 441 1468 Milesius
484 1425 665 1468 scribens
709 1436 851 1466 muros
894 1423 1091 1478 antiquos
1137 1417 1216 1465 οὐκ
1262 1418 1348 1475 ἔξω
1393 1422 1472 1488 τῆς
1499 1417 1735 1476 ἐπωνύμου

251 1475 414 1538 ἀγορᾶς
457 1483 537 1524 τοῦ
582 1479 809 1531 Βασιλέως
852 1480 1107 1536 processisse.
1166 1481 1298 1523 Vetus
1342 1479 1468 1522 Urb1s
1502 1478 1736 1533 Descriptio

252 1540 407 1582 Forum
440 1538 705 1581 Constantini
735 1538 890 1593 partim
920 1537 965 1578 in
988 1537 1027 1579 6.
1062 1537 1215 1591 partim
1247 1536 1290 1578 in
1323 1537 1362 1579 8.
1393 1536 1580 1592 Regione
1611 1536 1738 1577 fuisse

252 1596 326 1639 ait.
375 1591 621 1637 Πλακωτὸν
650 1595 779 1638 etiam
809 1594 969 1636 dictum
1000 1595 1168 1637 autores
1188 1593 1287 1636 sunt
1304 1593 1486 1636 Zonaras
1507 1594 1548 1636 et
1569 1592 1735 1648 Glycas,

252 1652 362 1708 quod
392 1652 602 1707 lapidibus
633 1652 769 1706 planis
799 1652 840 1694 et
869 1651 984 1703 latiS,
1015 1663 1118 1705 quos
1146 1649 1317 1701 πλάκας
1332 1649 1482 1693 Graeci
1511 1649 1736 1704 appellant,

251 1710 432 1752 stratum
462 1709 590 1752 fuerit
620 1722 644 1751 a
676 1708 968 1751 Constantino.

390 1761 455 1807 Τὰ
486 1763 531 1808 ἐν
560 1763 825 1819 Βλαχέρναις
853 1760 1074 1821 βασίλεια]
1105 1763 1264 1807 Palatii
1285 1762 1595 1815 Blacherniani,
1626 1761 1736 1817 quod

251 1822 391 1864 extitit
421 1823 468 1866 in
498 1822 654 1878 anyulo
678 1822 873 1865 Civitatis
904 1822 1027 1864 iuoeta
1050 1824 1240 1875 portum,
1270 1821 1319 1863 ut
1340 1821 1491 1876 Tyrius
1520 1821 1643 1862 autor
1662 1819 1736 1870 est,

251 1892 334 1922 non
366 1892 463 1922 vero
494 1880 548 1923 ad
593 1880 700 1922 ostia
734 1878 886 1921 Euxini
916 1878 1056 1931 Ponti,
1102 1878 1213 1933 quod
1259 1877 1352 1921 vult
1382 1877 1640 1928 Lambecius‚
1670 1876 1738 1917 de-

251 1936 519 1990 scriptionem
549 1936 792 1992 graphicam
826 1948 873 1978 ex
903 1935 1046 1978 Odone
1072 1934 1122 1977 de
1152 1935 1322 1990 Diogilo
1351 1934 1424 1978 lib.
1445 1934 1485 1977 4.
1518 1934 1568 1976 de
1600 1932 1737 1975 Ludo-

252 1993 334 2035 vici
365 1994 468 2049 Reg.
499 1993 567 2036 Fr.
600 1993 854 2048 profectione
891 1992 935 2034 in
967 1992 1126 2035 Orient.
1163 1991 1215 2035 iis
1246 1991 1474 2046 adiungere
1511 1990 1580 2033 hic
1608 1990 1735 2041 lubet,

253 2062 358 2104 quae
397 2050 447 2093 de
496 2051 620 2092 hocce
648 2050 817 2093 Palatio
860 2048 1144 2104 congessimus
1186 2049 1231 2091 in
1275 2048 1400 2091 Notis
1444 2047 1498 2090 ad
1528 2046 1736 2090 Villhard.

252 2106 306 2149 N.
328 2107 395 2149 85.
443 2106 661 2150 Venientes
689 2107 747 2150 ad
780 2105 942 2159 Urbem,
974 2105 1208 2148 Brachium
1249 2105 1294 2150 S.
1326 2104 1502 2160 Georyii
1540 2104 1597 2147 ad
1638 2104 1736 2146 dea*-

252 2167 397 2216 teram,
428 2167 467 2206 et
496 2164 716 2218 quemdam
739 2163 1010 2218 profluvium,
1034 2163 1106 2217 qui
1135 2163 1186 2205 de
1221 2162 1313 2216 ipso
1346 2161 1583 2215 procedens
1612 2160 1670 2203 ad
1698 2160 1736 2202 4.

247 2220 340 2273 fere
381 2221 520 2264 millia
561 2221 761 2273 tenditur,
803 2220 962 2263 habens
990 2221 1048 2263 ad
1087 2219 1249 2263 laevam
1278 2219 1338 2262 ibi
1366 2218 1596 2271 Palatium,
1627 2217 1738 2271 quod

253 2277 411 2319 dicitur
439 2277 696 2320 Blacherna.
745 2277 980 2320 Fundatur
1011 2277 1176 2331 quidem
1201 2278 1248 2319 in
1275 2275 1436 2328 humili,
1466 2276 1540 2318 sed
1568 2277 1738 2327 sumptu

253 2336 291 2375 et
320 2337 422 2387 arte,
454 2334 615 2377 decenti
641 2336 896 2388 proceritate
926 2334 1155 2388 consumit,
1197 2336 1236 2375 et
1264 2333 1425 2386 triplici
1454 2332 1633 2386 confinio
1660 2331 1736 2373 tri-

244 2390 401 2443 plicem
430 2391 715 2434 habitantibus
734 2392 1045 2435 >iucunditatem
1074 2390 1254 2444 afferens
1297 2403 1426 2444 mare,
1457 2401 1626 2442 campos
1665 2401 1735 2429 ur-

253 2447 421 2502 bemque
449 2449 608 2491 visibus
636 2449 815 2491 alternis
853 2448 1041 2502 despicit.
1101 2445 1304 2490 ‘Exterior
1342 2447 1431 2490 eius
1461 2444 1737 2501 pulchritudo

249 2503 339 2556 fere
367 2505 715 2559 incomparabilis
743 2509 815 2548 est.
846 2506 1035 2548 Interior
1053 2518 1160 2556 vero,
1182 2504 1388 2559 quidquid
1408 2503 1459 2546 de
1479 2503 1557 2546 illa
1576 2502 1734 2553 dixero,

252 2561 481 2614 superabit.
542 2563 662 2605 Auro
693 2563 938 2618 depinyitur
980 2563 1164 2616 undique
1203 2562 1416 2616 variisque
1452 2559 1671 2610 coloribus,
1701 2561 1738 2600 et

253 2630 461 2660 marmore
492 2620 678 2662 studioso
707 2620 886 2673 artificio
917 2620 1122 2662 sternitur
1153 2633 1266 2670 area,
1309 2622 1347 2661 et
1380 2618 1518 2660 nescio
1558 2616 1661 2670 quid
1699 2615 1736 2657 ei

244 2673 351 2772 plus
380 2676 566 2774 consterat
591 2677 723 2730 pretii
751 2677 815 2719 vel
837 2676 1186 2731 pulchritudinis,
1233 2689 1307 2719 ars
1350 2674 1518 2717 subtilis
1547 2672 1611 2715 vel
1636 2686 1737 2726 pre-

271 2744 361 2773 iosa
393 2745 463 2774 ma
482 2746 585 2775 erza.

393 2789 491 2830 Τῶν
529 2784 663 2844 ἁγίων
699 2785 1044 2847 τεσσαράκοντα]
1090 2790 1248 2833 Aedem
1285 2788 1357 2832 SS.
1392 2789 1460 2832 40.
1497 2787 1735 2842 Martyrum

254 2845 371 2891 iuxta
388 2844 587 2889 Thermas
604 2846 940 2901 Constantianus,
960 2848 1076 2891 cuius
1093 2846 1366 2892 fundamenta
1382 2845 1536 2890 iecerat
1546 2843 1736 2888 Tiberius
