1734 3120
211 227 293 267 380
720 239 886 274 ANNAE
916 240 1182 274 COMNENAE

208 347 231 407 ἡ
262 350 342 406 μὲν
375 349 525 396 ἔνυττε
560 370 614 409 με
643 351 867 405 πολλάκις,
898 350 991 410 ἶίτιΙ
1010 388 1187 397 .......
1206 347 1283 398 ετο
1311 355 1507 412 δηλῶσαι
1537 353 1591 399 τὰ
1619 359 1698 400 τοῦ

164 423 423 478 Βσφυγμοῦ.
500 421 601 465 ἐπεὶ
642 422 713 478 δὲΙ
733 458 885 467 ......
913 414 1048 474 αἶθις
1095 418 1278 482 ἡψάμην
1306 423 1378 466 καὶ
1407 420 1698 468 ὑπενδιδόντα

209 485 344 547 ἔγνωΙ
362 525 540 535 .......
558 487 586 533 ἀ
631 493 707 550 τῆς
750 487 977 546 δυνάμεως
1014 490 1085 533 καὶ
1130 487 1194 542 εἷς
1227 490 1468 548 ἇσφυξιάνΙ
1488 527 1694 536 ........

207 554 454 601 τελεώτατα
473 555 527 602 τὰ
544 561 634 602 τῶν
662 553 890 615 ἀρτηριῶν,
927 557 1084 615 ἔγωγεΙ
1105 593 1227 603 .....
1245 559 1425 603 κλίνασα
1454 557 1532 620 τὴν
1560 577 1695 619 κεφα-

206 625 283 685 λὴν
311 618 419 679 αὖος
449 627 520 671 καὶ
550 621 831 683 οῗπόΙψυκτος
860 619 911 687 ἧν
946 627 1062 683 πρὸς
1092 630 1167 687 γῆν
1197 622 1480 672 οἷπονείσασα
1512 629 1584 672 καὶ
1613 642 1729 686 alls-5

205 694 278 738 δὲν
303 696 311 747 Ι
337 695 619 753 φθεγγομένη
651 696 721 739 καὶ
751 693 814 738 τιὰ
844 699 962 750 χεῖρε
989 700 1085 747 τοῖς
1115 690 1276 751 ὄψεσιν
1305 696 1594 753 ε’·πιῖβαλοῦσα
1623 699 1695 741 καὶ

205 757 497 816 ὀπισθόπους
525 764 732 821 γενομένη
762 761 992 824 ἐθρήνουν.
1024 761 1079 824 ΙΙὴ
1107 763 1155 807 δὲ
1185 767 1365 808 συνεῖσα
1394 767 1473 808 τοῦ
1494 763 1695 822 πράγμα-

204 848 280 884 τος
310 832 381 875 καὶ
410 835 508 885 τοῖς
538 829 615 876 ὅλο
633 868 642 876 .
662 868 670 876 .
700 834 706 887 Ι
732 827 1070 890 ἆπαγορειῖσασα
1093 829 1286 876 ἑκώκυσέ
1315 849 1363 876 τε
1386 827 1561 888 ἀθρόον
1583 834 1692 890 μέγα

204 917 254 944 κ.
274 936 284 944 .
304 900 308 955 Ι
326 898 572 957 διωλύγιον.
622 895 732 943 ἄλλα
756 898 835 957 γὰρ
868 903 966 953 πῶς
995 897 1268 961 παραστήσω
1300 898 1352 961 τὴ
1370 937 1380 946 .
1400 906 1402 956 ξ
1423 905 1694 956 καταχοῦσαν

203 965 281 1027 τὴν
313 966 570 1025 οἰκουμένην
598 965 775 1012 ἅπασαν
805 986 857 1013 συ
875 1005 884 1013 .
904 1004 912 1013 .
933 970 936 1025 Ι
957 972 1035 1024 ρᾶν
1067 966 1093 1029 ἢ
1120 971 1218 1020 πῶς
1258 966 1314 1012 τὰ
1354 969 1541 1029 ἐμαυτῆς
1578 964 1694 1030 ἄπο·
1710 980 1734 1013 κ

165 1033 497 1092 (ὶκλαύσομαιμ
519 1073 526 1081 .
545 1072 553 1081 .
574 1038 577 1092 Ι
595 1054 642 1080 τε
678 1036 906 1096 βασιλικήν
946 1035 1199 1093 καλύπτραν
1236 1033 1438 1081 ἀπέθετο
1478 1039 1550 1081 καὶ
1590 1035 1689 1091 τὰς

203 1103 369 1157 ὲκείνας
399 1105 579 1161 ἐθείρας
612 1103 889 1162 μαχαιρίδιόν
913 1124 955 1150 τι
989 1107 1127 1160 λαβοῦ
1145 1142 1154 1151 .
1172 1142 1181 1151 .
1204 1107 1206 1161 Ι
1226 1105 1271 1150 ἐν
1299 1108 1390 1164 χρῷ
1421 1106 1592 1162 διέτεμε
1623 1108 1694 1151 καὶ

202 1170 256 1215 τὰ
286 1176 543 1234 κοκκοβαφῆ
561 1209 570 1218 .
588 1209 597 1218 .
617 1209 626 1218 .
645 1207 654 1216 .
675 1174 679 1229 Ι
697 1177 786 1217 τῶν
822 1175 977 1218 ποδῶν
1017 1169 1361 1232 ἄπορριψαμένη
1390 1175 1555 1231 μέλανα
1571 1210 1580 1219 .
1599 1211 1608 1219 .
1627 1210 1636 1219 .
1655 1211 1664 1220 .
1685 1176 1690 1232 Ι

203 1241 346 1284 ἐδεῖτο
376 1238 432 1285 τὰ
463 1239 781 1297 προστυχόντα.
825 1237 1102 1298 ἀλλάξασθαι
1122 1242 1171 1287 δὲ
1199 1243 1271 1286 καὶ
1295 1244 1301 1298 Ι
1329 1242 1408 1303 την
1435 1243 1693 1300 πορφυρίδα

199 1310 444 1374 βουλομένη
464 1310 668 1368 μελαίνης
689 1310 896 1371 ἕσΙθῆτος
912 1311 1162 1368 προχείρως
1183 1308 1357 1368 ἱμάτιον
1377 1305 1457 1366 οὔχ
1476 1309 1689 1367 εὑρίσκετ.
1707 1319 1734 1352 12

202 1381 208 1434 Ι
228 1378 276 1432 ἐξ
294 1375 355 1420 ιῦν
384 1378 432 1422 δὲ
453 1376 478 1438 ἡ
498 1378 621 1436 τρίτη
644 1381 734 1422 τῶν
755 1379 873 1435 ἐμῶν
904 1374 1109 1439 ἀδελφῶν
1139 1375 1207 1435 εἷχ
1223 1416 1345 1425 .....
1365 1387 1370 1437 Ι
1389 1379 1507 1438 φίων
1534 1381 1691 1423 καταλ-

199 1443 343 1503 λήλων
371 1447 434 1504 τῷ
466 1449 603 1505 καιρῷ
631 1447 703 1491 καὶ
732 1449 794 1505 τῷ
823 1445 942 1505 πράγ
959 1484 968 1493 .
986 1484 994 1493 .
1013 1485 1022 1493 .
1041 1484 1049 1492 .
1069 1449 1076 1505 Ι
1092 1448 1267 1506 χηρείας
1287 1448 1360 1492 καὶ
1380 1444 1518 1491 πάλαι
1538 1452 1691 1500 κακοῖς

198 1511 445 1572 ὁμιλήσασα
461 1550 470 1559 .
490 1550 499 1559 .
517 1551 525 1559 .
544 1550 553 1559 .
573 1517 579 1571 Ι
595 1517 738 1570 βοῦσα
768 1513 792 1574 ἦ
822 1517 996 1571 βασιλὶς
1029 1511 1296 1575 ἅμφιέννυτο
1327 1516 1399 1560 καὶ
1418 1513 1496 1574 τὴν
1527 1510 1555 1558 οἷ
1572 1551 1580 1560 .
1601 1551 1609 1559 .
1629 1516 1685 1572 ..Ι

198 1583 268 1626 καὶ
299 1580 477 1641 ζοφώδη
508 1581 761 1640 καλύπτραν
784 1584 979 1629 ἐπέθετο
1011 1586 1063 1646 τῇ
1093 1602 1209 1644 κεφα
1227 1621 1236 1630 .
1255 1621 1264 1630 .
1282 1585 1314 1641 ,Ι
1341 1585 1411 1629 καὶ
1443 1584 1488 1628 ἐν
1514 1581 1690 1637 τούτοις

151 1648 221 1694 Do
261 1645 546 1708 αὐτοκράτωρ
586 1650 664 1710 την
703 1650 825 1709 ἱερὰν
866 1662 927 1709 dm
946 1689 955 1698 .
974 1655 1036 1711 ..Ι
1059 1648 1203 1713 ἀφῆκε
1246 1656 1370 1711 Θεῷ·
1412 1652 1484 1696 καὶ
1522 1650 1546 1696 ὁ
1582 1652 1687 1708 ἐμός
1701 1661 1734 1694 2(

332 1723 348 1756 l
396 1747 502 1757 .....
515 1721 525 1757 ’.
545 1722 704 1765 δηλῶσαι
722 1723 762 1758 P.
861 1725 893 1760 2.
922 1725 1096 1771 σφιγμοῦ
1109 1725 1146 1760 C.
1228 1751 1238 1759 .
1254 1751 1262 1760 .
1278 1723 1335 1759 .P.
1448 1723 1482 1758 3.
1516 1750 1525 1759 .
1541 1749 1549 1758 .
1565 1749 1573 1757 .
1588 1721 1631 1757 τὰ
1645 1723 1684 1759 Ρ.

328 1766 513 1817 ἆσφυξίαν
525 1770 565 1812 Ρ,
590 1767 793 1818 ἀσφιγξίαν
810 1771 848 1807 C.
955 1800 964 1809 .
979 1799 988 1808 .
1004 1800 1012 1808 .
1026 1772 1066 1810 P.
1228 1776 1260 1807 4.
1289 1768 1488 1807 τελειότητα
1504 1771 1541 1815 Ο,
1567 1769 1683 1806 τελεό-

328 1831 417 1853 ταῑα
432 1818 472 1854 Ρ.
555 1846 563 1855 .
580 1846 588 1855 .
603 1845 614 1856 .
631 1819 668 1854 P.
780 1821 812 1855 7.
840 1819 861 1864 ἡ
889 1821 949 1867 δὲ]
975 1821 1111 1867 incipit
1137 1822 1199 1858 fol.
1227 1823 1298 1857 246
1325 1821 1363 1857 C.
1475 1822 1510 1856 S.
1534 1817 1633 1859 ὅλοις
1648 1820 1687 1856 Ρ.

328 1870 430 1914 μέγα
461 1893 469 1902 .
484 1892 493 1900 .
509 1867 565 1902 .Ρ.
692 1868 726 1904 9.
753 1867 817 1913 τὴν
836 1868 876 1905 P.
968 1871 1022 1906 10.
1052 1871 1212 1917 συνορᾶν
1229 1870 1269 1906 Ρ.
1343 1864 1627 1916 ἀποκλαὺσομαι
1649 1869 1688 1913 C,

328 1911 620 1963 ιἰποκλαῦσωμαι
645 1916 684 1952 Ρ.
798 1917 853 1952 11.
887 1945 895 1953 .
911 1945 919 1954 .
936 1917 967 1964 .]
994 1916 1059 1962 τὴν
1075 1918 1116 1954 Ρ.
1225 1918 1282 1954 12.
1310 1918 1473 1962 λαβοῦσα
1488 1917 1528 1952 Ρ.
1630 1918 1684 1952 13.

336 1990 345 1998 .
361 1990 369 1999 .
386 1991 394 1999 .
407 1963 448 1999 P.
547 1962 839 2011 ἆπορριψαμένη
854 1965 892 2008 C,
918 1964 1118 2014 ιἰποριψαμ
1126 1970 1188 2011 ε’νη
1206 1966 1246 2002 Ρ.
1365 1993 1373 2002 .
1389 1993 1398 2002 .
1413 1992 1422 2002 .
1437 1966 1477 2000 P.
1632 1967 1684 2000 14.

328 2012 404 2058 καὶ]
426 2039 435 2048 .
450 2039 458 2048 .
475 2039 483 2048 .
498 2012 538 2046 Ρ.
658 2015 712 2048 15.
738 2011 925 2059 εὑρίσκετο
939 2015 978 2050 P.
1105 2016 1160 2051 16.
1187 2015 1235 2052 εἴ.
1252 2042 1260 2051 .
1277 2015 1316 2050 Ρ.
1443 2016 1497 2050 17.
1526 2015 1684 2060 πρᾶγμα

329 2061 407 2096 sine
433 2061 566 2097 lacuna
581 2061 621 2098 P.
717 2067 869 2109 χηρείας
881 2063 918 2109 C,
941 2067 1102 2110 χειρειάς
1116 2063 1156 2100 Ρ.
1291 2065 1344 2099 18.
1371 2058 1596 2109 ὀμιλήσασα,
1625 2064 1684 2097 λιι-

329 2110 446 2152 βοῦσα
462 2109 500 2145 Ρ.
601 2108 667 2154 Τὴν
687 2137 695 2146 .
711 2137 720 2146 .
736 2138 744 2146 .
761 2111 799 2147 Ρ.
927 2112 982 2148 19.
1010 2113 1153 2161 κεφαλῇ
1166 2112 1204 2148 P.
1333 2112 1390 2146 20.
1420 2108 1546 2158 ψυχὴν
1570 2110 1610 2146 Ρ.

194 2167 259 2202 bat
284 2179 342 2203 me
367 2180 486 2215 saepe,
511 2172 555 2204 ut
579 2169 785 2206 indicarem
811 2171 939 2217 pulsus
965 2172 1162 2208 rationem.
1217 2183 1301 2208 eum
1329 2174 1454 2206 autem
1487 2184 1504 2202 *
1545 2172 1682 2206 iterum

194 2215 401 2261 attigissem
455 2220 493 2253 et
541 2219 712 2254 remissas
762 2231 977 2266 cognossem
1016 2221 1113 2257 vires
1161 2223 1199 2256 et
1235 2219 1386 2256 desiisse
1427 2219 1574 2264 pulsum
1606 2232 1683 2255 om-

193 2264 282 2299 nino
309 2267 545 2309 arteriarum,
583 2278 652 2313 ego
691 2281 708 2300 ια
748 2267 880 2304 demisi
915 2271 1029 2315 eaput
1066 2272 1278 2314 torpescens
1317 2271 1355 2303 et
1392 2268 1605 2303 exanimata
1643 2268 1680 2303 in

193 2315 333 2347 terram
374 2314 623 2359 despiciebam
661 2328 780 2362 neque
818 2316 1022 2362 quidquam
1061 2317 1252 2363 loquebar,
1285 2317 1348 2352 sed
1375 2316 1546 2351 manibus
1575 2316 1683 2351 faciei

193 2360 353 2396 admotis
394 2368 497 2398 retro
535 2363 662 2399 abiens
702 2365 887 2410 lugebam.
958 2370 1070 2412 atque
1119 2366 1183 2401 illa
1222 2365 1313 2412 quid
1350 2364 1404 2400 rei
1441 2367 1536 2400 esset
1574 2365 1681 2399 iutel-

192 2407 317 2454 legens
344 2413 380 2445 et
406 2411 556 2446 omnino
583 2412 783 2458 desperans
810 2414 1013 2450 lamentata
1038 2417 1094 2449 est
1121 2414 1370 2456 vehementer,
1399 2417 1443 2448 ut
1467 2412 1683 2458 longissime

193 2457 352 2493 eiulatus
377 2459 583 2495 audiretur.
633 2461 695 2496 sed
721 2462 907 2506 quomodo
933 2462 1073 2508 possim
1092 2462 1302 2498 describere
1322 2476 1339 2494 »ι
1356 2464 1478 2497 totum
1495 2464 1681 2496 terrarum

192 2505 319 2540 orbem
348 2519 365 2539 ια
392 2508 450 2543 vel
476 2509 540 2553 qui
567 2520 686 2544 meam
713 2510 971 2546 condicionem
997 2511 1216 2557 deplorem?
1266 2511 1411 2556 regium
1451 2509 1517 2544 illa
1548 2509 1682 2555 eapitis

193 2556 342 2599 tegmen
371 2555 509 2592 abiecit
546 2557 741 2603 crinesque
777 2558 860 2594 illos
897 2559 1048 2595 cultello
1081 2562 1231 2605 arrepto
1270 2559 1317 2594 ad
1353 2562 1477 2594 eutem
1516 2557 1681 2593 desecuit

195 2605 232 2636 ct
281 2614 390 2638 coeco
442 2605 572 2640 tinctis
620 2606 751 2642 calceis
810 2608 964 2643 abiectis
1014 2609 1143 2654 nigros
1193 2606 1410 2653 postulavit,
1454 2605 1680 2653 quicumque

194 2653 341 2694 praesto
366 2656 496 2688 essent.
546 2657 692 2689 mutare
718 2667 805 2690 vero
831 2656 945 2691 etiam
986 2668 1214 2702 purpuream
1241 2655 1344 2701 pulla
1368 2655 1521 2701 cupiens
1550 2655 1676 2690 statim

195 2697 265 2732 sibi
291 2697 387 2734 hane
412 2713 545 2745 parare
570 2714 643 2737 non
671 2704 806 2748 potuit.
856 2705 929 2739 iam
956 2716 1000 2740 ex
1025 2705 1071 2741 iis
1097 2704 1338 2747 vestimentis,
1364 2715 1458 2749 quae
1483 2703 1598 2738 tertia
1622 2715 1678 2738 so-

194 2756 319 2799 rorum
348 2759 511 2783 mearum
539 2750 701 2786 habebat
724 2754 812 2797 apta
850 2754 1012 2798 tempori
1038 2757 1076 2788 et
1101 2752 1313 2789 condicioni
1338 2752 1547 2796 viduitatis,
1584 2763 1679 2796 quae

194 2804 267 2828 1am
294 2795 435 2831 dudum
460 2797 556 2833 mala
580 2802 733 2844 experta
758 2804 850 2842 erat,
878 2815 894 2833 *
924 2802 1068 2846 accepit
1093 2802 1313 2847 imperatrix
1338 2801 1458 2846 iisque
1483 2811 1521 2834 se
1551 2799 1679 2835 induit

194 2844 233 2876 et
261 2856 278 2874 ιι
308 2846 346 2878 et
376 2845 526 2889 nigrum
558 2847 680 2882 velum
709 2848 826 2893 capiti
861 2849 1052 2895 imposuit.
1121 2854 1234 2895 atque
1274 2849 1344 2885 hoc
1380 2849 1461 2894 ipso
1497 2849 1678 2894 temporis

195 2894 383 2927 momento
409 2893 614 2939 imperator
643 2907 784 2930 sacram
810 2897 969 2932 animam
999 2898 1068 2934 deo
1096 2898 1276 2943 reddidit,
1303 2908 1478 2943 meusque
1503 2895 1557 2932 sol
1582 2897 1677 2932 occi·
1732 2924 1734 2926 -
