1768 3152
488 300 494 302 s
518 296 527 298 *ff
542 246 937 295 Amnmsnm.
965 259 1013 295 x.
1045 255 1085 295 3.
1506 254 1558 297 11

4 419 9 422 ,
66 373 92 421 ὅ
122 372 221 429 υἱὸς
249 378 331 421 τοῦ
363 373 503 420 πάλαι
529 371 883 433 τυραννήσαντος
913 375 1178 432 Βρυεννίου,
1226 376 1299 420 καὶ
1328 371 1462 431 αὐτὸς
1487 394 1559 422 τυ-

4 468 6 473 '
66 441 280 503 ραννήσας
307 444 381 488 καὶ
410 446 500 488 τῶν
531 438 1063 503 ὄφθαλμῶνστερηθείς,
1093 440 1269 497 τούτοις
1289 443 1459 505 πολλὴν
1479 443 1560 504 τήν

64 515 146 558 τοῦ
178 509 372 570 κάστρου
401 509 601 572 φυλακὴν
627 511 873 556 ἐνετείλατο
903 514 1144 556 ποιεῖσθαι
1179 512 1251 556 καὶ
1288 518 1376 557 τῶν
1406 511 1559 570 Κομὰ-

64 597 153 624 νων
187 577 529 638 καταλαβόντων
565 578 626 639 μὴ
670 577 782 636 μετὰ
827 579 1129 659 μικροψυχίας
1164 578 1244 624 τὸν
1281 581 1376 637 μετ’
1415 577 1561 626 αὐτῶν

28 649 285 707 5συναίρειν
313 646 528 706 πόλεμον,
568 643 681 692 αλλὰ
727 645 841 705 μετὰ
870 651 1047 693 σκοποῦ
1083 649 1157 692 καὶ
1186 649 1234 693 ἐκ
1263 647 1561 711 διαστήματος

63 715 143 771 τὰς
174 718 269 763 κατ’
291 718 472 763 ἐκείνων
498 714 637 773 βολὰς
666 720 919 770 ποιεῖσθαι,
950 714 1005 760 τὰ
1028 716 1076 762 δὲ
1095 718 1289 762 πλεῖστα
1308 719 1560 775 κεκλεισμέ-

62 803 139 839 νας
168 783 248 839 τὰς
277 782 421 839 πύλας
450 783 579 841 ἐᾶειν,
611 782 783 838 πολλὰς
809 782 1120 842 ὑποσχόμενος
1139 781 1403 866 ευεργεσιάς,
1433 785 1473 831 εἶ
1501 803 1558 830 τα

62 854 425 912 προστεταγμένα
451 852 699 913 τηρησαιεν.
759 870 841 897 ται
849 870 904 897 τα
931 870 1013 910 μεν
1043 870 1122 898 ουν
1147 851 1266 912 πρὸς
1297 852 1376 899 τὸν
1393 855 1560 912 Βριέν-

62 939 156 967 νιον
185 923 259 967 καὶ
287 920 394 976 τούς
421 916 582 975 ἄλλους
615 919 640 966 ὁ
671 917 958 1002 αὐτοκράτωρ
1006 920 1422 980 παρεγγιησάμενος
1458 917 1598 974 οἷονο

0 1007 50 1045 ›10
60 988 174 1047 μετὰ
200 992 404 1050 χρηστῶν
420 994 512 1035 τῶν
529 991 725 1035 ἐλπίδων
744 988 862 1048 πρὸς
878 988 1294 1047 Ἀδριανοὺπολιν
1272 991 1556 1051 εκπέπομφε.

14 1082 17 1083 ’
60 1066 126 1120 τῷ
153 1060 203 1105 δέ
230 1077 279 1118 γε
310 1061 560 1119 Κατακαλῷ
590 1061 654 1119 τῷ
675 1054 953 1120 Εὗφορβηνῷ
976 1062 1300 1119 Κωνσταντίνῳ
1321 1059 1394 1105 διὰ
1423 1078 1557 1119 γραμ-

0 1119 5 1121 ”
59 1125 214 1185 μάτων
242 1129 517 1185 προσέταξεν
546 1123 848 1184 αναλαβέσθαι
878 1125 958 1172 τὸν
986 1126 1258 1208 καλούμενον
1283 1133 1558 1186 Μοναστρᾶν

61 1192 408 1253 (μιξοβάρβαρος
450 1195 499 1241 δὲ
545 1186 677 1249 οὗτος
719 1191 831 1255 ανήρ
871 1195 1041 1257 πολλὴν
1083 1214 1164 1255 την
1193 1197 1301 1254 περὶ
1340 1195 1396 1241 τὰ
1425 1214 1557 1255 στρα-

58 1261 244 1309 τιωτικὰ
286 1264 520 1322 ἐμπειρίαν
556 1265 839 1323 κεκτημένος)
888 1266 960 1310 καὶ
1006 1265 1192 1324 ΖΡΙιχαήλ
1240 1266 1318 1311 τὸν
1359 1261 1557 1323 Ἀνεμᾶν

1 1351 47 1395 15
58 1331 172 1389 μετὰ
198 1334 289 1378 τῶν
317 1331 394 1378 ὑπ’
412 1329 574 1386 αὐτοί-ς
602 1334 878 1392 τεταγμένων
908 1337 1194 1391 στρατιωτῶν
1221 1335 1294 1379 καὶ
1314 1333 1427 1380 ἐπὰν
1445 1333 1556 1388 τούς

60 1398 299 1458 Κομάνους
326 1399 406 1454 τὰς
424 1399 684 1460 κλεισοῦρας
713 1403 978 1455 διελθόντας
996 1401 1206 1459 μάθοιεν,
1233 1404 1553 1462 παρέσπεσθαι

59 1465 258 1516 ὄπισθεν
286 1467 432 1516 αὐτῶν
462 1472 538 1516 καὶ
565 1466 837 1531 ἆξυμφανῶς
864 1470 1011 1517 αὐτῶν
1039 1468 1399 1531 ἀποπειρᾶσθαι.

172 1543 214 1584 3.
276 1542 378 1584 Τῶν
405 1542 511 1598 γοῦν
532 1537 756 1597 Κομάνων
784 1539 910 1598 παρὰ
938 1544 1029 1585 τῶν
1050 1538 1236 1597 Βλάχων
1255 1539 1334 1596 τὰς
1363 1540 1434 1587 διδ
1464 1544 1555 1587 τῶν

57 1609 333 1666 κλεισουρῶν
374 1603 606 1666 ἅτραπούς
645 1606 981 1668 μεμαθηκότων
1017 1611 1092 1654 καὶ
1136 1608 1254 1656 οὕτω
1301 1608 1380 1656 τὸν
1408 1609 1555 1669 Ζυγὸν

0 1677 223 1738 βορᾳδίως
252 1674 587 1736 διεληλυθότων
615 1675 708 1734 ἅμα
733 1680 797 1737 τῷ
829 1682 883 1740 τῇ
913 1676 1056 1738 Ιόλόῃ
1079 1677 1395 1736 προσπελάσαι
1415 1675 1600 1734 εὖθύςῙ)

58 1743 101 1791 οἳ
133 1744 316 1792 ἔποικοι
346 1743 507 1805 ταύτης
543 1744 843 1807 δεσμήσαντες
879 1746 959 1792 τὸν
990 1746 1073 1806 τήν
1105 1747 1304 1809 φυλακὴν
1333 1750 1414 1794 τοῦ
1446 1746 1555 1794 κάσ-

2 1824 10 1828 ’
56 1831 163 1874 τρου
194 1814 552 1872 πεπιστευμένον
595 1813 942 1872 παραδεδώκασι
979 1820 1077 1870 τοῖς
1129 1814 1378 1876 Κομάνοις,
1422 1813 1556 1863 αὐτοὶ

195 1950 227 1984 1.
254 1946 275 1983 ὀ
291 1947 377 1984 om.
404 1949 447 1985 F.
546 1952 724 1995 Βρυενίου
749 1949 797 1985 F:
825 1950 879 1985 sic
906 1961 1066 1996 semper.
1285 1952 1319 1987 2.
1344 1950 1486 1997 πολλὴν
1509 1952 1553 1998 F,

191 1996 311 2032 πολλὰ
337 1997 378 2034 Ρ.
519 2000 573 2033 ll.
602 1996 840 2045 Εὐφορβηνῷ
866 1999 909 2044 F,
932 1997 1151 2046 Ἐφορβηιῷ
1175 1999 1216 2035 P.
1356 2002 1412 2036 12.
1437 2012 1553 2047 προσ-

192 2048 318 2086 έταξεν
341 2047 383 2093 F,
412 2049 663 2093 προσέταττεν
686 2047 727 2082 P.
914 2050 970 2083 16.
996 2051 1264 2093 παρέσπεσθαι
1290 2049 1331 2092 F,
1359 2052 1552 2096 παρέπεσ-

192 2099 259 2130 θαι
284 2095 326 2131 Ρ.
600 2097 655 2131 18.
682 2093 784 2142 παρὰ
811 2096 887 2131 τῶν
913 2097 954 2140 F,
982 2094 1045 2131 διὰ
1070 2096 1111 2132 Ρ.
1249 2096 1311 2132 διὰ
1339 2097 1381 2142 F,
1409 2109 1483 2133 om.
1508 2098 1550 2133 P.

192 2145 250 2179 22.
276 2140 567 2192 παραδεδώκασι
595 2143 640 2190 F,
666 2141 982 2191 παραδεδώκασιν
1008 2145 1049 2180 Ρ.

3 2273 5 2286 ³
54 2267 295 2313 tyrannidem
320 2267 538 2314 arripuerat
553 2268 748 2315 oculisque
762 2268 935 2315 privatus
951 2270 1045 2304 erat.
1083 2269 1223 2315 quibus
1237 2267 1403 2306 civitatis
1426 2273 1550 2306 custo·

5 2344 16 2359 ·.
53 2317 154 2352 diam
168 2317 277 2353 enixe
289 2317 569 2362 commendam,
582 2329 629 2353 ne
642 2319 779 2364 ignave
794 2329 879 2353 cum
889 2317 1062 2353 Comanis
1071 2329 1237 2364 pugnam
1251 2319 1551 2364 committerent,

0 2368 10 2407 ξ
53 2377 186 2402 verum
207 2365 345 2402 clausis
368 2366 589 2412 plerumque
607 2366 714 2402 urbis
731 2367 854 2413 portis
868 2366 916 2401 ad
935 2377 1091 2412 scopum
1116 2367 1335 2413 eminusque
1350 2370 1393 2402 ut
1411 2367 1491 2403 tela
1509 2368 1550 2403 in

55 2425 120 2450 cos
144 2415 354 2460 mitterent,
383 2414 592 2458 admonuit,
620 2415 740 2450 multa
758 2415 940 2461 pollicens
953 2414 1147 2460 beneficia,
1175 2416 1207 2450 si
1225 2416 1405 2451 mandata
1421 2428 1550 2462 seque·

3 2498 7 2507 f
52 2465 197 2499 rentur.
247 2463 384 2509 quibus
423 2464 636 2510 praeceptis
675 2465 886 2510 imperator
924 2463 1154 2510 Bryennium
1193 2467 1416 2510 ceterosque
1453 2466 1550 2500 bene

0 2521 15 2560 ζ
53 2511 240 2548 animatos
264 2512 539 2558 Adrianopolin
565 2513 726 2558 remisit3
756 2524 800 2548 ac
827 2516 1026 2558 praeterea
1049 2513 1265 2549 Catacaloui
1289 2513 1548 2559 Euphorbeno

54 2559 303 2597 Constantino
326 2561 468 2596 litteris
493 2561 714 2607 imperavit,
749 2564 793 2596 ut
830 2565 1026 2607 assumpto
1052 2561 1248 2597 Monastra
1274 2562 1357 2608 (qui
1382 2564 1465 2597 erat
1489 2561 1549 2598 vir

53 2609 163 2644 mixti
186 2620 208 2644 e
234 2607 388 2645 Graecis
413 2609 659 2656 barbarisque
683 2609 847 2656 generis,
875 2621 1048 2656 magnam
1075 2611 1131 2645 rei
1165 2609 1342 2646 militaris
1367 2610 1547 2659 peritiam

0 2655 17 2701 ζ
51 2658 228 2705 nanctus)
266 2660 305 2694 et
338 2657 524 2694 Michaele
549 2659 695 2694 Anema
727 2670 805 2694 una
835 2670 918 2695 cum
954 2670 1085 2694 eorum
1115 2659 1354 2705 cohortibus,
1391 2659 1548 2695 simulac

52 2709 272 2752 penetratas
295 2718 318 2742 a
339 2706 511 2742 Comanis
536 2707 692 2743 clisuras
718 2710 933 2754 cognosset,
957 2708 1058 2754 ipsos
1083 2707 1375 2753 subsequeretur
1404 2707 1547 2744 subito-

0 2762 20 2790 ῖ
78 2765 124 2790 ue
151 2755 358 2791 invaderet.

0 2775 13 2821 ‘b
51 2765 76 2800 q
149 2805 184 2839 3.
234 2802 307 2840 Sed
331 2804 398 2840 ubi
415 2803 570 2840 Comani
595 2803 823 2841 Blachorum
849 2815 920 2851 ope
937 2803 1163 2840 elisurarum
1189 2804 1269 2840 vias
1294 2804 1417 2841 edocti
1442 2804 1547 2852 Zygo

15 2861 18 2863 ’
53 2850 164 2888 facile
190 2856 367 2899 superato
381 2852 431 2888 ad
446 2853 591 2889 Goloen
608 2856 864 2899 accesserunt,
890 2854 1021 2890 statim
1036 2852 1140 2888 urbis
1155 2853 1300 2889 incolae
1312 2853 1547 2900 praefectum

0 2916 25 2938 r
53 2901 331 2948 praesidiorum
354 2903 527 2940 vinctum
552 2901 728 2940 Comanis
751 2901 912 2940 tradunt
937 2913 1074 2949 eosque
1106 2901 1240 2938 faustis
1270 2902 1547 2940 acclamationi-
