<?xml version="1.0" encoding="UTF-8"?>
<!DOCTYPE html PUBLIC "-//W3C//DTD XHTML 1.0 Transitional//EN"
    "http://www.w3.org/TR/xhtml1/DTD/xhtml1-transitional.dtd">
<html xmlns="http://www.w3.org/1999/xhtml" xml:lang="en" lang="en">
 <head>
  <title>
</title>
<meta http-equiv="Content-Type" content="text/html;charset=utf-8" />
  <meta name='ocr-system' content='tesseract 3.04.00' />
  <meta name='ocr-capabilities' content='ocr_page ocr_carea ocr_par ocr_line ocrx_word'/>
</head>
<body>
  <div class='ocr_page' id='page_1' title='image "./corpusscriptorum03niebuoft_0614.png"; bbox 0 0 1806 3132; ppageno 0'>
   <div class='ocr_carea' id='block_1_1' title="bbox 262 216 1233 260">
    <p class='ocr_par' dir='ltr' id='par_1_1' title="bbox 262 216 1233 260">
     <span class='ocr_line' id='line_1_1' title="bbox 262 216 1233 260; baseline -0.002 -1"><span class='ocrx_word' id='word_1_1' title='bbox 262 216 347 260; x_wconf 85' lang='lat'><strong>596</strong></span> <span class='ocrx_word' id='word_1_2' title='bbox 785 224 966 259; x_wconf 78' lang='lat' dir='ltr'><strong>GAROLI</strong></span> <span class='ocrx_word' id='word_1_3' title='bbox 993 223 1233 259; x_wconf 79' lang='lat' dir='ltr'>DUCANGH</span> 
     </span>
    </p>
   </div>
   <div class='ocr_carea' id='block_1_2' title="bbox 0 330 1762 2887">
    <p class='ocr_par' dir='ltr' id='par_1_2' title="bbox 263 330 1762 1200">
     <span class='ocr_line' id='line_1_2' title="bbox 272 330 1760 397; baseline -0.002 -15"><span class='ocrx_word' id='word_1_4' title='bbox 272 354 405 395; x_wconf 83' lang='grc' dir='ltr'><em>μενον</em></span> <span class='ocrx_word' id='word_1_5' title='bbox 435 336 551 394; x_wconf 82' lang='grc' dir='ltr'><strong><em>πρὸς</em></strong></span> <span class='ocrx_word' id='word_1_6' title='bbox 581 334 659 397; x_wconf 82' lang='grc' dir='ltr'><strong>τὴν</strong></span> <span class='ocrx_word' id='word_1_7' title='bbox 688 335 799 396; x_wconf 70' lang='grc' dir='ltr'><em>ἑῴαν</em></span> <span class='ocrx_word' id='word_1_8' title='bbox 830 335 1033 395; x_wconf 75' lang='grc' dir='ltr'>ὥρμητο,</span> <span class='ocrx_word' id='word_1_9' title='bbox 1068 330 1245 395; x_wconf 71' lang='grc' dir='ltr'><em>κᾴκεῖσε</em></span> <span class='ocrx_word' id='word_1_10' title='bbox 1278 335 1510 379; x_wconf 79' lang='grc' dir='ltr'>κατέπαυε.</span> <span class='ocrx_word' id='word_1_11' title='bbox 1571 336 1760 380; x_wconf 81' lang='lat' dir='ltr'><strong>Similem</strong></span> 
     </span>
     <span class='ocr_line' id='line_1_3' title="bbox 273 393 1756 440; baseline -0.003 -1"><span class='ocrx_word' id='word_1_12' title='bbox 273 397 531 440; x_wconf 70' lang='lat' dir='ltr'>locustarum</span> <span class='ocrx_word' id='word_1_13' title='bbox 577 396 892 439; x_wconf 72' lang='lat' dir='ltr'><strong>multitudinem</strong></span> <span class='ocrx_word' id='word_1_14' title='bbox 937 396 981 438; x_wconf 92' lang='grc'><strong>111</strong></span> <span class='ocrx_word' id='word_1_15' title='bbox 1028 394 1169 438; x_wconf 87' lang='lat' dir='ltr'><strong>Gallia</strong></span> <span class='ocrx_word' id='word_1_16' title='bbox 1219 396 1259 437; x_wconf 92' lang='grc'><strong>01</strong></span> <span class='ocrx_word' id='word_1_17' title='bbox 1289 393 1515 438; x_wconf 82' lang='lat' dir='ltr'>Germania</span> <span class='ocrx_word' id='word_1_18' title='bbox 1545 394 1679 436; x_wconf 88' lang='lat' dir='ltr'><strong>visam</strong></span> <span class='ocrx_word' id='word_1_19' title='bbox 1704 393 1756 436; x_wconf 92' lang='lat' dir='ltr'><strong>A.</strong></span> 
     </span>
     <span class='ocr_line' id='line_1_4' title="bbox 273 450 1760 508; baseline -0.003 -11"><span class='ocrx_word' id='word_1_20' title='bbox 273 462 564 498; x_wconf 78' lang='lat' dir='ltr'><strong>DCCCLXXIV.</strong></span> <span class='ocrx_word' id='word_1_21' title='bbox 608 454 783 496; x_wconf 89' lang='lat' dir='ltr'><strong>narrant</strong></span> <span class='ocrx_word' id='word_1_22' title='bbox 813 453 976 508; x_wconf 88' lang='lat' dir='ltr'><strong>Regino</strong></span> <span class='ocrx_word' id='word_1_23' title='bbox 1021 452 1063 495; x_wconf 91' lang='lat' dir='ltr'><strong>et</strong></span> <span class='ocrx_word' id='word_1_24' title='bbox 1103 451 1290 494; x_wconf 87' lang='lat' dir='ltr'><strong>Annales</strong></span> <span class='ocrx_word' id='word_1_25' title='bbox 1323 451 1583 493; x_wconf 82' lang='lat' dir='ltr'><strong>Francorum</strong></span> <span class='ocrx_word' id='word_1_26' title='bbox 1622 450 1760 493; x_wconf 89' lang='lat' dir='ltr'><strong>Berti-</strong></span> 
     </span>
     <span class='ocr_line' id='line_1_5' title="bbox 274 506 1758 564; baseline -0.003 -12"><span class='ocrx_word' id='word_1_27' title='bbox 274 510 408 553; x_wconf 87' lang='lat' dir='ltr'><strong>niani:</strong></span> <span class='ocrx_word' id='word_1_28' title='bbox 439 511 481 552; x_wconf 89' lang='lat' dir='ltr'><strong>et</strong></span> <span class='ocrx_word' id='word_1_29' title='bbox 500 509 623 552; x_wconf 91' lang='lat' dir='ltr'><strong>Anno</strong></span> <span class='ocrx_word' id='word_1_30' title='bbox 644 520 836 553; x_wconf 78' lang='lat' dir='ltr'><strong>MXXXII.</strong></span> <span class='ocrx_word' id='word_1_31' title='bbox 869 509 1171 564; x_wconf 77' lang='lat' dir='ltr'><strong>Fragmentum</strong></span> <span class='ocrx_word' id='word_1_32' title='bbox 1190 508 1302 551; x_wconf 86' lang='lat' dir='ltr'><strong>Hist.</strong></span> <span class='ocrx_word' id='word_1_33' title='bbox 1324 507 1432 562; x_wconf 90' lang='lat' dir='ltr'><strong>quod</strong></span> <span class='ocrx_word' id='word_1_34' title='bbox 1449 507 1562 550; x_wconf 86' lang='lat' dir='ltr'><strong>extat</strong></span> <span class='ocrx_word' id='word_1_35' title='bbox 1580 507 1698 549; x_wconf 86' lang='lat' dir='ltr'><strong>Tom.</strong></span> <span class='ocrx_word' id='word_1_36' title='bbox 1719 506 1758 549; x_wconf 86' lang='lat'><strong>4.</strong></span> 
     </span>
     <span class='ocr_line' id='line_1_6' title="bbox 273 562 1758 622; baseline -0.002 -13"><span class='ocrx_word' id='word_1_37' title='bbox 273 567 387 610; x_wconf 90' lang='lat' dir='ltr'><strong>Hist.</strong></span> <span class='ocrx_word' id='word_1_38' title='bbox 424 566 492 609; x_wconf 89' lang='lat' dir='ltr'><strong>Fr.</strong></span> <span class='ocrx_word' id='word_1_39' title='bbox 541 579 636 622; x_wconf 92' lang='lat' dir='ltr'><strong>pag.</strong></span> <span class='ocrx_word' id='word_1_40' title='bbox 659 567 726 609; x_wconf 85' lang='lat'><strong>86.</strong></span> <span class='ocrx_word' id='word_1_41' title='bbox 758 566 864 609; x_wconf 83' lang='lat' dir='ltr'>Vide</span> <span class='ocrx_word' id='word_1_42' title='bbox 910 565 1031 608; x_wconf 87' lang='lat' dir='ltr'><strong>Paul.</strong></span> <span class='ocrx_word' id='word_1_43' title='bbox 1073 565 1285 608; x_wconf 86' lang='lat' dir='ltr'><strong>Warnefr.</strong></span> <span class='ocrx_word' id='word_1_44' title='bbox 1329 564 1380 607; x_wconf 86' lang='grc'><strong>(10</strong></span> <span class='ocrx_word' id='word_1_45' title='bbox 1418 562 1532 606; x_wconf 81' lang='lat' dir='ltr'><strong>Gest.</strong></span> <span class='ocrx_word' id='word_1_46' title='bbox 1574 563 1758 618; x_wconf 89' lang='lat' dir='ltr'><strong>Langob.</strong></span> 
     </span>
     <span class='ocr_line' id='line_1_7' title="bbox 273 620 1760 678; baseline -0.003 -12"><span class='ocrx_word' id='word_1_47' title='bbox 273 623 346 666; x_wconf 89' lang='lat' dir='ltr'><strong>lib.</strong></span> <span class='ocrx_word' id='word_1_48' title='bbox 367 623 406 665; x_wconf 86' lang='lat'><strong>4.</strong></span> <span class='ocrx_word' id='word_1_49' title='bbox 453 636 542 678; x_wconf 88' lang='lat' dir='ltr'><strong>cap.</strong></span> <span class='ocrx_word' id='word_1_50' title='bbox 563 624 601 665; x_wconf 84' lang='lat'><strong>2.</strong></span> <span class='ocrx_word' id='word_1_51' title='bbox 648 623 717 666; x_wconf 88' lang='lat' dir='ltr'><strong>sed</strong></span> <span class='ocrx_word' id='word_1_52' title='bbox 756 623 797 666; x_wconf 90' lang='lat' dir='ltr'><strong>et</strong></span> <span class='ocrx_word' id='word_1_53' title='bbox 848 635 969 674; x_wconf 91' lang='grc'>311110,</span> <span class='ocrx_word' id='word_1_54' title='bbox 1009 622 1080 677; x_wconf 90' lang='grc'>(1111</span> <span class='ocrx_word' id='word_1_55' title='bbox 1120 621 1331 677; x_wconf 80' lang='lat' dir='ltr'><strong>insignem</strong></span> <span class='ocrx_word' id='word_1_56' title='bbox 1364 621 1473 663; x_wconf 90' lang='lat' dir='ltr'><strong>hanc</strong></span> <span class='ocrx_word' id='word_1_57' title='bbox 1503 620 1760 662; x_wconf 86' lang='lat' dir='ltr'><strong>Francorum</strong></span> 
     </span>
     <span class='ocr_line' id='line_1_8' title="bbox 273 676 1760 734; baseline -0.003 -12"><span class='ocrx_word' id='word_1_58' title='bbox 273 679 590 734; x_wconf 84' lang='lat' dir='ltr'><strong>Expeditionem</strong></span> <span class='ocrx_word' id='word_1_59' title='bbox 611 679 847 734; x_wconf 75' lang='lat' dir='ltr'><strong>praecessit,</strong></span> <span class='ocrx_word' id='word_1_60' title='bbox 870 679 1013 721; x_wconf 88' lang='lat' dir='ltr'><strong>stellas</strong></span> <span class='ocrx_word' id='word_1_61' title='bbox 1033 678 1077 720; x_wconf 93' lang='lat' dir='ltr'><strong>in</strong></span> <span class='ocrx_word' id='word_1_62' title='bbox 1102 678 1215 721; x_wconf 89' lang='lat' dir='ltr'><strong>caelo</strong></span> <span class='ocrx_word' id='word_1_63' title='bbox 1238 678 1348 720; x_wconf 90' lang='lat' dir='ltr'><strong>visas</strong></span> <span class='ocrx_word' id='word_1_64' title='bbox 1372 677 1492 720; x_wconf 88' lang='lat' dir='ltr'><strong>aiunt</strong></span> <span class='ocrx_word' id='word_1_65' title='bbox 1518 676 1561 718; x_wconf 91' lang='grc'><strong>111</strong></span> <span class='ocrx_word' id='word_1_66' title='bbox 1590 676 1760 719; x_wconf 90' lang='lat' dir='ltr'><strong>modum</strong></span> 
     </span>
     <span class='ocr_line' id='line_1_9' title="bbox 271 732 1761 791; baseline -0.003 -12"><span class='ocrx_word' id='word_1_67' title='bbox 271 736 440 791; x_wconf 89' lang='lat' dir='ltr'><strong>pluviae</strong></span> <span class='ocrx_word' id='word_1_68' title='bbox 476 736 521 779; x_wconf 92' lang='lat' dir='ltr'><strong>in</strong></span> <span class='ocrx_word' id='word_1_69' title='bbox 566 737 721 779; x_wconf 91' lang='lat' dir='ltr'><strong>terram</strong></span> <span class='ocrx_word' id='word_1_70' title='bbox 776 735 1045 778; x_wconf 81' lang='lat' dir='ltr'><strong>descendisse.</strong></span> <span class='ocrx_word' id='word_1_71' title='bbox 1126 734 1261 778; x_wconf 83' lang='lat' dir='ltr'><strong>Codex</strong></span> <span class='ocrx_word' id='word_1_72' title='bbox 1300 733 1388 777; x_wconf 88' lang='lat' dir='ltr'><strong>MS.</strong></span> <span class='ocrx_word' id='word_1_73' title='bbox 1423 733 1463 777; x_wconf 90' lang='lat' dir='ltr'><strong>S.</strong></span> <span class='ocrx_word' id='word_1_74' title='bbox 1493 732 1640 776; x_wconf 90' lang='lat' dir='ltr'><strong>Albini</strong></span> <span class='ocrx_word' id='word_1_75' title='bbox 1671 733 1761 775; x_wconf 92' lang='lat' dir='ltr'><strong>An-</strong></span> 
     </span>
     <span class='ocr_line' id='line_1_10' title="bbox 273 789 1758 849; baseline -0.002 -13"><span class='ocrx_word' id='word_1_76' title='bbox 273 793 420 849; x_wconf 86' lang='lat' dir='ltr'><strong>degau.</strong></span> <span class='ocrx_word' id='word_1_77' title='bbox 479 792 532 835; x_wconf 84' lang='lat' dir='ltr'><strong>A.</strong></span> <span class='ocrx_word' id='word_1_78' title='bbox 575 802 723 837; x_wconf 83' lang='lat' dir='ltr'><strong>chv.</strong></span> <span class='ocrx_word' id='word_1_79' title='bbox 754 803 818 835; x_wconf 86' lang='lat' dir='ltr'><strong>1v.</strong></span> <span class='ocrx_word' id='word_1_80' title='bbox 867 792 980 835; x_wconf 85' lang='lat' dir='ltr'><strong>Non.</strong></span> <span class='ocrx_word' id='word_1_81' title='bbox 1015 791 1159 845; x_wconf 74' lang='lat' dir='ltr'><strong>April.</strong></span> <span class='ocrx_word' id='word_1_82' title='bbox 1205 791 1332 834; x_wconf 83' lang='lat' dir='ltr'><strong>Luna</strong></span> <span class='ocrx_word' id='word_1_83' title='bbox 1375 800 1491 834; x_wconf 84' lang='lat' dir='ltr'><strong>xxv.</strong></span> <span class='ocrx_word' id='word_1_84' title='bbox 1538 789 1663 832; x_wconf 85' lang='lat' dir='ltr'><strong>Febr.</strong></span> <span class='ocrx_word' id='word_1_85' title='bbox 1695 800 1758 833; x_wconf 85' lang='lat' dir='ltr'><strong>1v.</strong></span> 
     </span>
     <span class='ocr_line' id='line_1_11' title="bbox 263 846 1761 903; baseline -0.003 -11"><span class='ocrx_word' id='word_1_86' title='bbox 263 854 365 903; x_wconf 73' lang='lat' dir='ltr'><strong>post</strong></span> <span class='ocrx_word' id='word_1_87' title='bbox 398 848 597 892; x_wconf 77' lang='lat' dir='ltr'><strong>Octavam</strong></span> <span class='ocrx_word' id='word_1_88' title='bbox 628 848 819 892; x_wconf 73' lang='lat' dir='ltr'><strong>Paschae</strong></span> <span class='ocrx_word' id='word_1_89' title='bbox 868 852 986 892; x_wconf 88' lang='lat' dir='ltr'><strong>nocte</strong></span> <span class='ocrx_word' id='word_1_90' title='bbox 1022 850 1137 891; x_wconf 82' lang='lat' dir='ltr'><strong>visae</strong></span> <span class='ocrx_word' id='word_1_91' title='bbox 1185 851 1285 891; x_wconf 86' lang='lat' dir='ltr'><strong>sunt</strong></span> <span class='ocrx_word' id='word_1_92' title='bbox 1321 847 1467 890; x_wconf 81' lang='lat' dir='ltr'><strong>stellae</strong></span> <span class='ocrx_word' id='word_1_93' title='bbox 1510 847 1556 889; x_wconf 82' lang='lat' dir='ltr'><strong>in</strong></span> <span class='ocrx_word' id='word_1_94' title='bbox 1592 846 1761 889; x_wconf 81' lang='lat' dir='ltr'><strong>modum</strong></span> 
     </span>
     <span class='ocr_line' id='line_1_12' title="bbox 263 903 1760 960; baseline -0.002 -12"><span class='ocrx_word' id='word_1_95' title='bbox 263 906 439 960; x_wconf 75' lang='lat' dir='ltr'><strong>pluviae</strong></span> <span class='ocrx_word' id='word_1_96' title='bbox 467 906 518 948; x_wconf 79' lang='lat' dir='ltr'><strong>de</strong></span> <span class='ocrx_word' id='word_1_97' title='bbox 546 906 659 949; x_wconf 82' lang='lat' dir='ltr'><strong>caclo</strong></span> <span class='ocrx_word' id='word_1_98' title='bbox 683 907 730 949; x_wconf 85' lang='lat' dir='ltr'><strong>in</strong></span> <span class='ocrx_word' id='word_1_99' title='bbox 759 909 873 949; x_wconf 88' lang='lat' dir='ltr'><strong>terra</strong></span> <span class='ocrx_word' id='word_1_100' title='bbox 914 906 1050 948; x_wconf 80' lang='lat' dir='ltr'><strong>ivisse.</strong></span> <span class='ocrx_word' id='word_1_101' title='bbox 1127 904 1202 949; x_wconf 76' lang='lat' dir='ltr'><strong>Sol</strong></span> <span class='ocrx_word' id='word_1_102' title='bbox 1249 918 1407 959; x_wconf 76' lang='lat' dir='ltr'><strong>quoque</strong></span> <span class='ocrx_word' id='word_1_103' title='bbox 1436 907 1578 947; x_wconf 87' lang='lat' dir='ltr'><strong>octavo</strong></span> <span class='ocrx_word' id='word_1_104' title='bbox 1609 903 1760 946; x_wconf 75' lang='lat' dir='ltr'><strong>abhinc</strong></span> 
     </span>
     <span class='ocr_line' id='line_1_13' title="bbox 272 960 1761 1016; baseline -0.002 -11"><span class='ocrx_word' id='word_1_105' title='bbox 272 963 341 1006; x_wconf 83' lang='lat' dir='ltr'><strong>die</strong></span> <span class='ocrx_word' id='word_1_106' title='bbox 370 966 452 1005; x_wconf 88' lang='lat' dir='ltr'><strong>toto</strong></span> <span class='ocrx_word' id='word_1_107' title='bbox 474 962 689 1005; x_wconf 81' lang='lat' dir='ltr'><strong>caeruleus</strong></span> <span class='ocrx_word' id='word_1_108' title='bbox 723 966 883 1013; x_wconf 74' lang='lat' dir='ltr'><strong>extans,</strong></span> <span class='ocrx_word' id='word_1_109' title='bbox 917 962 991 1005; x_wconf 80' lang='lat' dir='ltr'><strong>sed</strong></span> <span class='ocrx_word' id='word_1_110' title='bbox 1025 965 1062 1005; x_wconf 90' lang='lat' dir='ltr'><strong>et</strong></span> <span class='ocrx_word' id='word_1_111' title='bbox 1089 961 1216 1004; x_wconf 72' lang='lat' dir='ltr'><strong>lama</strong></span> <span class='ocrx_word' id='word_1_112' title='bbox 1245 961 1431 1016; x_wconf 74' lang='lat' dir='ltr'><strong>sequenti</strong></span> <span class='ocrx_word' id='word_1_113' title='bbox 1461 963 1579 1003; x_wconf 89' lang='lat' dir='ltr'><strong>nocte</strong></span> <span class='ocrx_word' id='word_1_114' title='bbox 1607 960 1761 1002; x_wconf 81' lang='lat' dir='ltr'><strong>simili-</strong></span> 
     </span>
     <span class='ocr_line' id='line_1_14' title="bbox 274 1016 1762 1074; baseline -0.003 -12"><span class='ocrx_word' id='word_1_115' title='bbox 274 1023 336 1062; x_wconf 91' lang='lat' dir='ltr'><strong>ter</strong></span> <span class='ocrx_word' id='word_1_116' title='bbox 363 1019 503 1062; x_wconf 82' lang='lat' dir='ltr'><strong>lucens</strong></span> <span class='ocrx_word' id='word_1_117' title='bbox 523 1019 615 1062; x_wconf 84' lang='lat' dir='ltr'><strong>orbi</strong></span> <span class='ocrx_word' id='word_1_118' title='bbox 637 1019 840 1074; x_wconf 74' lang='lat' dir='ltr'><strong>prodiyio</strong></span> <span class='ocrx_word' id='word_1_119' title='bbox 862 1019 1048 1072; x_wconf 83' lang='lat' dir='ltr'><strong>fuerunt.</strong></span> <span class='ocrx_word' id='word_1_120' title='bbox 1110 1019 1159 1061; x_wconf 90' lang='lat' dir='ltr'><strong>Id</strong></span> <span class='ocrx_word' id='word_1_121' title='bbox 1179 1019 1393 1073; x_wconf 87' lang='lat' dir='ltr'><strong>praeterea</strong></span> <span class='ocrx_word' id='word_1_122' title='bbox 1414 1017 1638 1060; x_wconf 88' lang='lat' dir='ltr'><strong>observant</strong></span> <span class='ocrx_word' id='word_1_123' title='bbox 1659 1016 1762 1059; x_wconf 91' lang='lat' dir='ltr'><strong>Bal-</strong></span> 
     </span>
     <span class='ocr_line' id='line_1_15' title="bbox 274 1072 1761 1132; baseline -0.002 -14"><span class='ocrx_word' id='word_1_124' title='bbox 274 1076 374 1119; x_wconf 89' lang='lat' dir='ltr'><strong>dric.</strong></span> <span class='ocrx_word' id='word_1_125' title='bbox 414 1076 504 1119; x_wconf 89' lang='lat' dir='ltr'><strong>loco</strong></span> <span class='ocrx_word' id='word_1_126' title='bbox 539 1076 684 1128; x_wconf 89' lang='lat' dir='ltr'><strong>citato,</strong></span> <span class='ocrx_word' id='word_1_127' title='bbox 715 1076 897 1119; x_wconf 88' lang='lat' dir='ltr'><strong>Alberic.</strong></span> <span class='ocrx_word' id='word_1_128' title='bbox 948 1076 1196 1132; x_wconf 87' lang='lat' dir='ltr'><strong>Anonymus</strong></span> <span class='ocrx_word' id='word_1_129' title='bbox 1238 1074 1333 1118; x_wconf 79' lang='lat' dir='ltr'><strong>Cas,</strong></span> <span class='ocrx_word' id='word_1_130' title='bbox 1363 1075 1405 1117; x_wconf 88' lang='lat' dir='ltr'><strong>et</strong></span> <span class='ocrx_word' id='word_1_131' title='bbox 1441 1074 1579 1117; x_wconf 90' lang='lat' dir='ltr'><strong>Autor</strong></span> <span class='ocrx_word' id='word_1_132' title='bbox 1611 1072 1761 1116; x_wconf 83' lang='lat' dir='ltr'><strong>Gesto-</strong></span> 
     </span>
     <span class='ocr_line' id='line_1_16' title="bbox 272 1132 1257 1200; baseline 0 -25"><span class='ocrx_word' id='word_1_133' title='bbox 272 1146 367 1176; x_wconf 91' lang='lat' dir='ltr'><strong>rum</strong></span> <span class='ocrx_word' id='word_1_134' title='bbox 388 1133 727 1200; x_wconf 82' lang='lat' dir='ltr'><strong>Triumphalium</strong></span> <span class='ocrx_word' id='word_1_135' title='bbox 748 1145 819 1187; x_wconf 91' lang='lat' dir='ltr'><strong>per</strong></span> <span class='ocrx_word' id='word_1_136' title='bbox 840 1132 1015 1175; x_wconf 90' lang='lat' dir='ltr'><strong>Pisanos</strong></span> <span class='ocrx_word' id='word_1_137' title='bbox 1036 1133 1257 1176; x_wconf 85' lang='lat' dir='ltr'><strong>factorum.</strong></span> 
     </span>
    </p>

    <p class='ocr_par' dir='ltr' id='par_1_3' title="bbox 230 1182 1761 1528">
     <span class='ocr_line' id='line_1_17' title="bbox 230 1182 1761 1246; baseline -0.002 -14"><span class='ocrx_word' id='word_1_138' title='bbox 230 1196 262 1232; x_wconf 92' lang='lat' dir='ltr'>D</span> <span class='ocrx_word' id='word_1_139' title='bbox 407 1182 678 1246; x_wconf 76' lang='grc' dir='ltr'>Ἀσταρτην]</span> <span class='ocrx_word' id='word_1_140' title='bbox 712 1189 773 1232; x_wconf 93' lang='lat' dir='ltr'><strong>De</strong></span> <span class='ocrx_word' id='word_1_141' title='bbox 791 1189 977 1241; x_wconf 82' lang='lat' dir='ltr'><strong>Astarte,</strong></span> <span class='ocrx_word' id='word_1_142' title='bbox 1007 1202 1077 1232; x_wconf 90' lang='lat' dir='ltr'><strong>seu</strong></span> <span class='ocrx_word' id='word_1_143' title='bbox 1095 1189 1283 1240; x_wconf 89' lang='lat' dir='ltr'><strong>Astarot‚</strong></span> <span class='ocrx_word' id='word_1_144' title='bbox 1317 1188 1358 1231; x_wconf 91' lang='lat' dir='ltr'><strong>et</strong></span> <span class='ocrx_word' id='word_1_145' title='bbox 1387 1186 1566 1240; x_wconf 84' lang='lat' dir='ltr'><strong>Chobar‚</strong></span> <span class='ocrx_word' id='word_1_146' title='bbox 1599 1187 1761 1241; x_wconf 85' lang='lat' dir='ltr'><strong>copiose</strong></span> 
     </span>
     <span class='ocr_line' id='line_1_18' title="bbox 274 1243 1761 1302; baseline -0.003 -13"><span class='ocrx_word' id='word_1_147' title='bbox 274 1247 450 1302; x_wconf 86' lang='lat' dir='ltr'><strong>egerunt</strong></span> <span class='ocrx_word' id='word_1_148' title='bbox 478 1247 677 1300; x_wconf 88' lang='lat' dir='ltr'><strong>Iosephus</strong></span> <span class='ocrx_word' id='word_1_149' title='bbox 708 1245 896 1301; x_wconf 85' lang='lat' dir='ltr'><strong>Scaliger</strong></span> <span class='ocrx_word' id='word_1_150' title='bbox 932 1246 976 1288; x_wconf 90' lang='lat' dir='ltr'><strong>in</strong></span> <span class='ocrx_word' id='word_1_151' title='bbox 1005 1246 1130 1289; x_wconf 89' lang='lat' dir='ltr'><strong>Notis</strong></span> <span class='ocrx_word' id='word_1_152' title='bbox 1162 1246 1215 1288; x_wconf 85' lang='lat' dir='ltr'><strong>ad</strong></span> <span class='ocrx_word' id='word_1_153' title='bbox 1248 1245 1417 1300; x_wconf 89' lang='lat' dir='ltr'><strong>Fragm.</strong></span> <span class='ocrx_word' id='word_1_154' title='bbox 1448 1244 1588 1286; x_wconf 87' lang='lat' dir='ltr'><strong>Veter.</strong></span> <span class='ocrx_word' id='word_1_155' title='bbox 1620 1243 1761 1298; x_wconf 86' lang='lat' dir='ltr'><strong>Scrip-</strong></span> 
     </span>
     <span class='ocr_line' id='line_1_19' title="bbox 272 1299 1759 1358; baseline -0.002 -13"><span class='ocrx_word' id='word_1_156' title='bbox 272 1303 353 1346; x_wconf 88' lang='lat' dir='ltr'><strong>tor.</strong></span> <span class='ocrx_word' id='word_1_157' title='bbox 389 1302 460 1346; x_wconf 83' lang='lat' dir='ltr'><strong>Gr.</strong></span> <span class='ocrx_word' id='word_1_158' title='bbox 492 1304 586 1358; x_wconf 91' lang='lat' dir='ltr'><strong>post</strong></span> <span class='ocrx_word' id='word_1_159' title='bbox 615 1303 743 1346; x_wconf 87' lang='lat' dir='ltr'><strong>libros</strong></span> <span class='ocrx_word' id='word_1_160' title='bbox 771 1302 819 1345; x_wconf 90' lang='lat' dir='ltr'><strong>de</strong></span> <span class='ocrx_word' id='word_1_161' title='bbox 847 1302 1018 1345; x_wconf 88' lang='lat' dir='ltr'><strong>Emend.</strong></span> <span class='ocrx_word' id='word_1_162' title='bbox 1050 1304 1193 1357; x_wconf 87' lang='lat' dir='ltr'><strong>Temp.</strong></span> <span class='ocrx_word' id='word_1_163' title='bbox 1216 1301 1416 1345; x_wconf 86' lang='lat' dir='ltr'><strong>Seldenus</strong></span> <span class='ocrx_word' id='word_1_164' title='bbox 1445 1300 1491 1342; x_wconf 93' lang='lat' dir='ltr'><strong>in</strong></span> <span class='ocrx_word' id='word_1_165' title='bbox 1522 1299 1697 1356; x_wconf 86' lang='lat' dir='ltr'><strong>Syntag.</strong></span> <span class='ocrx_word' id='word_1_166' title='bbox 1719 1302 1759 1342; x_wconf 83' lang='lat'><strong>2.</strong></span> 
     </span>
     <span class='ocr_line' id='line_1_20' title="bbox 273 1356 1758 1415; baseline -0.001 -14"><span class='ocrx_word' id='word_1_167' title='bbox 273 1359 323 1402; x_wconf 87' lang='lat' dir='ltr'><strong>de</strong></span> <span class='ocrx_word' id='word_1_168' title='bbox 341 1359 416 1401; x_wconf 89' lang='lat' dir='ltr'><strong>Dis</strong></span> <span class='ocrx_word' id='word_1_169' title='bbox 432 1359 547 1415; x_wconf 86' lang='lat' dir='ltr'><strong>Syris</strong></span> <span class='ocrx_word' id='word_1_170' title='bbox 578 1372 666 1414; x_wconf 89' lang='lat' dir='ltr'><strong>cap.</strong></span> <span class='ocrx_word' id='word_1_171' title='bbox 682 1360 720 1401; x_wconf 85' lang='lat'><strong>2.</strong></span> <span class='ocrx_word' id='word_1_172' title='bbox 748 1359 789 1401; x_wconf 93' lang='lat' dir='ltr'><strong>et</strong></span> <span class='ocrx_word' id='word_1_173' title='bbox 808 1359 847 1401; x_wconf 88' lang='lat'><strong>4.</strong></span> <span class='ocrx_word' id='word_1_174' title='bbox 893 1359 1109 1403; x_wconf 89' lang='lat' dir='ltr'><strong>Abraham</strong></span> <span class='ocrx_word' id='word_1_175' title='bbox 1126 1358 1356 1402; x_wconf 79' lang='lat' dir='ltr'><strong>Echellens.</strong></span> <span class='ocrx_word' id='word_1_176' title='bbox 1388 1358 1433 1400; x_wconf 89' lang='lat' dir='ltr'><strong>in</strong></span> <span class='ocrx_word' id='word_1_177' title='bbox 1453 1357 1566 1399; x_wconf 90' lang='lat' dir='ltr'><strong>Hist.</strong></span> <span class='ocrx_word' id='word_1_178' title='bbox 1589 1356 1758 1400; x_wconf 89' lang='lat' dir='ltr'><strong>Arabic.</strong></span> 
     </span>
     <span class='ocr_line' id='line_1_21' title="bbox 271 1413 1755 1471; baseline -0.002 -13"><span class='ocrx_word' id='word_1_179' title='bbox 271 1416 390 1470; x_wconf 89' lang='lat' dir='ltr'><strong>parte</strong></span> <span class='ocrx_word' id='word_1_180' title='bbox 409 1418 444 1458; x_wconf 90' lang='lat'><strong>1.</strong></span> <span class='ocrx_word' id='word_1_181' title='bbox 494 1429 582 1471; x_wconf 89' lang='lat' dir='ltr'><strong>cap.</strong></span> <span class='ocrx_word' id='word_1_182' title='bbox 611 1417 660 1458; x_wconf 93' lang='grc'><strong>11</strong></span> <span class='ocrx_word' id='word_1_183' title='bbox 693 1416 733 1458; x_wconf 87' lang='grc'><strong>01</strong></span> <span class='ocrx_word' id='word_1_184' title='bbox 780 1415 1010 1459; x_wconf 85' lang='lat' dir='ltr'><strong>Salmasius</strong></span> <span class='ocrx_word' id='word_1_185' title='bbox 1038 1417 1091 1459; x_wconf 84' lang='lat' dir='ltr'><strong>ad</strong></span> <span class='ocrx_word' id='word_1_186' title='bbox 1121 1415 1325 1464; x_wconf 87' lang='lat' dir='ltr'><strong>Solinum,</strong></span> <span class='ocrx_word' id='word_1_187' title='bbox 1371 1428 1396 1457; x_wconf 93' lang='lat' dir='ltr'><strong>a</strong></span> <span class='ocrx_word' id='word_1_188' title='bbox 1438 1413 1588 1469; x_wconf 89' lang='lat' dir='ltr'><strong>quibus</strong></span> <span class='ocrx_word' id='word_1_189' title='bbox 1619 1414 1755 1456; x_wconf 90' lang='lat' dir='ltr'><strong>lucem</strong></span> 
     </span>
     <span class='ocr_line' id='line_1_22' title="bbox 271 1470 1754 1528; baseline -0.002 -13"><span class='ocrx_word' id='word_1_190' title='bbox 271 1472 477 1527; x_wconf 84' lang='lat' dir='ltr'><strong>excipient</strong></span> <span class='ocrx_word' id='word_1_191' title='bbox 509 1486 615 1528; x_wconf 88' lang='lat' dir='ltr'><strong>quae</strong></span> <span class='ocrx_word' id='word_1_192' title='bbox 644 1473 713 1515; x_wconf 91' lang='lat' dir='ltr'><strong>hic</strong></span> <span class='ocrx_word' id='word_1_193' title='bbox 733 1472 858 1515; x_wconf 89' lang='lat' dir='ltr'><strong>Anna</strong></span> <span class='ocrx_word' id='word_1_194' title='bbox 888 1472 938 1515; x_wconf 88' lang='lat' dir='ltr'><strong>de</strong></span> <span class='ocrx_word' id='word_1_195' title='bbox 967 1473 1080 1516; x_wconf 91' lang='lat' dir='ltr'><strong>hisce</strong></span> <span class='ocrx_word' id='word_1_196' title='bbox 1110 1472 1286 1527; x_wconf 90' lang='lat' dir='ltr'><strong>impuris</strong></span> <span class='ocrx_word' id='word_1_197' title='bbox 1305 1470 1586 1515; x_wconf 88' lang='lat' dir='ltr'><strong>Daemonibus</strong></span> <span class='ocrx_word' id='word_1_198' title='bbox 1616 1471 1754 1513; x_wconf 88' lang='lat' dir='ltr'><strong>habet.</strong></span> 
     </span>
    </p>

    <p class='ocr_par' dir='ltr' id='par_1_4' title="bbox 0 1524 1760 1821">
     <span class='ocr_line' id='line_1_23' title="bbox 0 1524 1757 1586; baseline -0.004 -10"><span class='ocrx_word' id='word_1_199' title='bbox 0 1555 2 1557; x_wconf 55' lang='grc'>’</span> <span class='ocrx_word' id='word_1_200' title='bbox 37 1539 259 1586; x_wconf 80' lang='lat' dir='ltr'><strong>Pag.285.A</strong></span> <span class='ocrx_word' id='word_1_201' title='bbox 406 1528 734 1584; x_wconf 78' lang='grc' dir='ltr'><em>Λογγιβαρδίας</em></span> <span class='ocrx_word' id='word_1_202' title='bbox 764 1524 1007 1584; x_wconf 76' lang='grc' dir='ltr'>πορθμόν]</span> <span class='ocrx_word' id='word_1_203' title='bbox 1047 1530 1163 1573; x_wconf 77' lang='lat' dir='ltr'><strong>Petri</strong></span> <span class='ocrx_word' id='word_1_204' title='bbox 1194 1529 1421 1572; x_wconf 81' lang='lat' dir='ltr'><strong>adventum</strong></span> <span class='ocrx_word' id='word_1_205' title='bbox 1444 1526 1662 1579; x_wconf 73' lang='lat' dir='ltr'><strong>Italorum,</strong></span> <span class='ocrx_word' id='word_1_206' title='bbox 1686 1527 1757 1569; x_wconf 85' lang='lat' dir='ltr'><strong>Li-</strong></span> 
     </span>
     <span class='ocr_line' id='line_1_24' title="bbox 271 1583 1758 1642; baseline -0.002 -14"><span class='ocrx_word' id='word_1_207' title='bbox 271 1599 437 1641; x_wconf 89' lang='lat' dir='ltr'><strong>gurum,</strong></span> <span class='ocrx_word' id='word_1_208' title='bbox 469 1586 840 1642; x_wconf 88' lang='lat' dir='ltr'><strong>Longobardorum</strong></span> <span class='ocrx_word' id='word_1_209' title='bbox 871 1587 1152 1640; x_wconf 86' lang='lat' dir='ltr'><strong>praecesserat</strong></span> <span class='ocrx_word' id='word_1_210' title='bbox 1184 1598 1348 1641; x_wconf 89' lang='lat' dir='ltr'><strong>agmen.</strong></span> <span class='ocrx_word' id='word_1_211' title='bbox 1365 1584 1556 1627; x_wconf 90' lang='lat' dir='ltr'><strong>Fulcher.</strong></span> <span class='ocrx_word' id='word_1_212' title='bbox 1587 1583 1758 1626; x_wconf 87' lang='lat' dir='ltr'><strong>Carnot.</strong></span> 
     </span>
     <span class='ocr_line' id='line_1_25' title="bbox 269 1640 1759 1698; baseline -0.001 -14"><span class='ocrx_word' id='word_1_213' title='bbox 269 1642 342 1685; x_wconf 90' lang='lat' dir='ltr'><strong>lib.</strong></span> <span class='ocrx_word' id='word_1_214' title='bbox 367 1643 402 1684; x_wconf 91' lang='lat'><strong>1.</strong></span> <span class='ocrx_word' id='word_1_215' title='bbox 435 1655 523 1698; x_wconf 88' lang='lat' dir='ltr'><strong>cap.</strong></span> <span class='ocrx_word' id='word_1_216' title='bbox 546 1644 584 1685; x_wconf 88' lang='grc'><strong>9.</strong></span> <span class='ocrx_word' id='word_1_217' title='bbox 630 1643 815 1686; x_wconf 86' lang='lat' dir='ltr'><strong>Baldric.</strong></span> <span class='ocrx_word' id='word_1_218' title='bbox 849 1642 943 1685; x_wconf 90' lang='lat' dir='ltr'><strong>Dol.</strong></span> <span class='ocrx_word' id='word_1_219' title='bbox 975 1656 1069 1698; x_wconf 87' lang='lat' dir='ltr'><strong>pag.</strong></span> <span class='ocrx_word' id='word_1_220' title='bbox 1091 1644 1158 1686; x_wconf 87' lang='lat'><strong>89.</strong></span> <span class='ocrx_word' id='word_1_221' title='bbox 1204 1642 1448 1684; x_wconf 87' lang='lat' dir='ltr'><strong>Ridiculum</strong></span> <span class='ocrx_word' id='word_1_222' title='bbox 1481 1653 1603 1695; x_wconf 90' lang='lat' dir='ltr'><strong>porro</strong></span> <span class='ocrx_word' id='word_1_223' title='bbox 1650 1640 1759 1695; x_wconf 87' lang='lat' dir='ltr'><strong>quod</strong></span> 
     </span>
     <span class='ocr_line' id='line_1_26' title="bbox 270 1698 1759 1755; baseline -0.001 -14"><span class='ocrx_word' id='word_1_224' title='bbox 270 1699 331 1741; x_wconf 89' lang='lat' dir='ltr'><strong>ait</strong></span> <span class='ocrx_word' id='word_1_225' title='bbox 368 1699 494 1742; x_wconf 88' lang='lat' dir='ltr'><strong>Anna</strong></span> <span class='ocrx_word' id='word_1_226' title='bbox 538 1699 725 1755; x_wconf 88' lang='lat' dir='ltr'><strong>singulos</strong></span> <span class='ocrx_word' id='word_1_227' title='bbox 755 1699 957 1742; x_wconf 87' lang='lat' dir='ltr'><strong>exercitus</strong></span> <span class='ocrx_word' id='word_1_228' title='bbox 996 1700 1254 1743; x_wconf 86' lang='lat' dir='ltr'><strong>locustarum</strong></span> <span class='ocrx_word' id='word_1_229' title='bbox 1289 1711 1440 1753; x_wconf 83' lang='lat' dir='ltr'><strong>agmen</strong></span> <span class='ocrx_word' id='word_1_230' title='bbox 1479 1698 1759 1751; x_wconf 87' lang='lat' dir='ltr'><strong>praecessisse,</strong></span> 
     </span>
     <span class='ocr_line' id='line_1_27' title="bbox 272 1753 1760 1821; baseline -0.002 -23"><span class='ocrx_word' id='word_1_231' title='bbox 272 1768 378 1810; x_wconf 90' lang='lat' dir='ltr'><strong>quae</strong></span> <span class='ocrx_word' id='word_1_232' title='bbox 408 1769 517 1821; x_wconf 81' lang='lat' dir='ltr'><strong>anno</strong></span> <span class='ocrx_word' id='word_1_233' title='bbox 548 1757 646 1821; x_wconf 75' lang='lat' dir='ltr'><strong>ante</strong></span> <span class='ocrx_word' id='word_1_234' title='bbox 677 1756 784 1798; x_wconf 86' lang='lat' dir='ltr'><strong>hanc</strong></span> <span class='ocrx_word' id='word_1_235' title='bbox 815 1756 966 1798; x_wconf 90' lang='lat' dir='ltr'><strong>initam</strong></span> <span class='ocrx_word' id='word_1_236' title='bbox 997 1756 1311 1812; x_wconf 84' lang='lat' dir='ltr'><strong>Expeditionem</strong></span> <span class='ocrx_word' id='word_1_237' title='bbox 1360 1754 1507 1810; x_wconf 87' lang='lat' dir='ltr'><strong>quinto</strong></span> <span class='ocrx_word' id='word_1_238' title='bbox 1554 1754 1599 1796; x_wconf 92' lang='lat' dir='ltr'><strong>in</strong></span> <span class='ocrx_word' id='word_1_239' title='bbox 1628 1753 1760 1796; x_wconf 86' lang='lat' dir='ltr'><strong>futuri</strong></span> 
     </span>
    </p>

    <p class='ocr_par' dir='ltr' id='par_1_5' title="bbox 232 1813 1761 2026">
     <span class='ocr_line' id='line_1_28' title="bbox 232 1813 1761 1934; baseline -0.003 -20"><span class='ocrx_word' id='word_1_240' title='bbox 232 1813 947 1934; x_wconf 45' lang='grc' dir='ltr'><strong>ΟΡῖἃθεῇἔέἲὲφνέἓῗθέὲῗξὲἶὲυε</strong></span> <span class='ocrx_word' id='word_1_241' title='bbox 993 1869 1292 1925; x_wconf 85' lang='lat' dir='ltr'><strong>Lotharingiae</strong></span> <span class='ocrx_word' id='word_1_242' title='bbox 1336 1868 1430 1910; x_wconf 87' lang='lat' dir='ltr'><strong>Dux</strong></span> <span class='ocrx_word' id='word_1_243' title='bbox 1473 1867 1682 1922; x_wconf 76' lang='lat' dir='ltr'><strong>Princeps</strong></span> <span class='ocrx_word' id='word_1_244' title='bbox 1723 1871 1761 1910; x_wconf 92' lang='lat' dir='ltr'><strong>et</strong></span> 
     </span>
     <span class='ocr_line' id='line_1_29' title="bbox 271 1924 1760 2025; baseline -0.001 -56"><span class='ocrx_word' id='word_1_245' title='bbox 271 1924 484 2025; x_wconf 54' lang='lat' dir='ltr'><strong>Phoriginus</strong></span> <span class='ocrx_word' id='word_1_246' title='bbox 507 1925 648 2025; x_wconf 51' lang='lat' dir='ltr'><strong>chstig</strong></span> <span class='ocrx_word' id='word_1_247' title='bbox 676 1925 907 2025; x_wconf 48' lang='lat' dir='ltr'><strong>{ultionis</strong></span> <span class='ocrx_word' id='word_1_248' title='bbox 941 1925 1101 1969; x_wconf 87' lang='lat' dir='ltr'><strong>Albert.</strong></span> <span class='ocrx_word' id='word_1_249' title='bbox 1119 1925 1198 1981; x_wconf 89' lang='lat' dir='ltr'><strong>Aq.</strong></span> <span class='ocrx_word' id='word_1_250' title='bbox 1229 1925 1301 1968; x_wconf 90' lang='lat' dir='ltr'><strong>lib.</strong></span> <span class='ocrx_word' id='word_1_251' title='bbox 1324 1926 1363 1968; x_wconf 85' lang='lat'><strong>2.</strong></span> <span class='ocrx_word' id='word_1_252' title='bbox 1396 1938 1485 1980; x_wconf 90' lang='lat' dir='ltr'><strong>cap.</strong></span> <span class='ocrx_word' id='word_1_253' title='bbox 1507 1926 1574 1967; x_wconf 84' lang='lat'><strong>22.</strong></span> <span class='ocrx_word' id='word_1_254' title='bbox 1609 1925 1760 1980; x_wconf 85' lang='lat' dir='ltr'><strong>Tyrius</strong></span> 
     </span>
     <span class='ocr_line' id='line_1_30' title="bbox 288 1995 758 2026; baseline 0.002 -2"><span class='ocrx_word' id='word_1_255' title='bbox 288 1996 302 2024; x_wconf 94' lang='lat'>1</span> <span class='ocrx_word' id='word_1_256' title='bbox 334 2016 342 2025; x_wconf 92' lang='lat'><strong>.</strong></span> <span class='ocrx_word' id='word_1_257' title='bbox 396 2015 404 2024; x_wconf 91' lang='lat'><strong>.</strong></span> <span class='ocrx_word' id='word_1_258' title='bbox 437 1995 485 2025; x_wconf 90' lang='lat' dir='ltr'><strong>ca</strong></span> <span class='ocrx_word' id='word_1_259' title='bbox 518 2017 526 2026; x_wconf 92' lang='lat'><strong>.</strong></span> <span class='ocrx_word' id='word_1_260' title='bbox 580 2017 588 2025; x_wconf 97' lang='lat'><strong>.</strong></span> <span class='ocrx_word' id='word_1_261' title='bbox 642 2016 650 2025; x_wconf 91' lang='lat'><strong>.</strong></span> <span class='ocrx_word' id='word_1_262' title='bbox 681 1996 702 2025; x_wconf 93' lang='lat' dir='ltr'><strong>e</strong></span> <span class='ocrx_word' id='word_1_263' title='bbox 725 1995 758 2025; x_wconf 91' lang='grc'>0.</span> 
     </span>
    </p>

    <p class='ocr_par' dir='ltr' id='par_1_6' title="bbox 232 1996 1760 2887">
     <span class='ocr_line' id='line_1_31' title="bbox 232 1996 1760 2105; baseline 0 -25"><span class='ocrx_word' id='word_1_264' title='bbox 232 2051 259 2086; x_wconf 86' lang='lat' dir='ltr'>C</span> <span class='ocrx_word' id='word_1_265' title='bbox 406 1996 789 2105; x_wconf 51' lang='grc' dir='ltr'><strong>Ἀπὲμῖτολῄσοςς]</strong></span> <span class='ocrx_word' id='word_1_266' title='bbox 826 2038 1146 2103; x_wconf 81' lang='lat' dir='ltr'><strong>Quoimpensis</strong></span> <span class='ocrx_word' id='word_1_267' title='bbox 1178 2038 1268 2081; x_wconf 84' lang='lat' dir='ltr'><strong>tam</strong></span> <span class='ocrx_word' id='word_1_268' title='bbox 1298 2051 1491 2093; x_wconf 87' lang='lat' dir='ltr'><strong>operosae</strong></span> <span class='ocrx_word' id='word_1_269' title='bbox 1521 2039 1562 2081; x_wconf 86' lang='lat' dir='ltr'><strong>et</strong></span> <span class='ocrx_word' id='word_1_270' title='bbox 1591 2038 1760 2093; x_wconf 84' lang='lat' dir='ltr'><strong>longin-</strong></span> 
     </span>
     <span class='ocr_line' id='line_1_32' title="bbox 270 2093 1760 2216; baseline 0 -22"><span class='ocrx_word' id='word_1_271' title='bbox 270 2108 386 2216; x_wconf 50' lang='lat' dir='ltr'><strong>{aii</strong></span> <span class='ocrx_word' id='word_1_272' title='bbox 408 2093 1760 2207; x_wconf 47' lang='lat' dir='ltr'><strong>{⁶535&#39;&#39;fflissfflafffssffiessraiffttsafflt’{ifliignffsssssrtssisfflg</strong></span> 
     </span>
     <span class='ocr_line' id='line_1_33' title="bbox 271 2206 1758 2265; baseline 0 -15"><span class='ocrx_word' id='word_1_273' title='bbox 271 2209 387 2252; x_wconf 89' lang='grc'>1111110</span> <span class='ocrx_word' id='word_1_274' title='bbox 417 2210 457 2252; x_wconf 89' lang='grc'><strong>01</strong></span> <span class='ocrx_word' id='word_1_275' title='bbox 485 2210 768 2252; x_wconf 86' lang='grc'>110001113111111</span> <span class='ocrx_word' id='word_1_276' title='bbox 799 2210 966 2265; x_wconf 86' lang='lat' dir='ltr'><strong>argenti</strong></span> <span class='ocrx_word' id='word_1_277' title='bbox 991 2209 1086 2264; x_wconf 89' lang='lat' dir='ltr'><strong>puri</strong></span> <span class='ocrx_word' id='word_1_278' title='bbox 1119 2206 1219 2263; x_wconf 88' lang='lat' dir='ltr'><strong>(non</strong></span> <span class='ocrx_word' id='word_1_279' title='bbox 1249 2209 1354 2260; x_wconf 91' lang='lat' dir='ltr'><strong>auri,</strong></span> <span class='ocrx_word' id='word_1_280' title='bbox 1386 2209 1434 2251; x_wconf 91' lang='lat' dir='ltr'><strong>ut</strong></span> <span class='ocrx_word' id='word_1_281' title='bbox 1461 2209 1587 2253; x_wconf 89' lang='lat' dir='ltr'><strong>habet</strong></span> <span class='ocrx_word' id='word_1_282' title='bbox 1607 2208 1758 2250; x_wconf 90' lang='lat' dir='ltr'><strong>Petrus</strong></span> 
     </span>
     <span class='ocr_line' id='line_1_34' title="bbox 270 2264 1759 2321; baseline 0.001 -15"><span class='ocrx_word' id='word_1_283' title='bbox 270 2264 520 2321; x_wconf 89' lang='lat' dir='ltr'><strong>Merssaeus)</strong></span> <span class='ocrx_word' id='word_1_284' title='bbox 551 2279 789 2310; x_wconf 89' lang='lat' dir='ltr'><strong>marcarum</strong></span> <span class='ocrx_word' id='word_1_285' title='bbox 816 2266 949 2320; x_wconf 90' lang='lat' dir='ltr'><strong>pretio</strong></span> <span class='ocrx_word' id='word_1_286' title='bbox 971 2265 1173 2309; x_wconf 88' lang='lat' dir='ltr'><strong>vendidit.</strong></span> <span class='ocrx_word' id='word_1_287' title='bbox 1234 2265 1504 2308; x_wconf 88' lang='lat' dir='ltr'><strong>Invadiatum</strong></span> <span class='ocrx_word' id='word_1_288' title='bbox 1537 2266 1579 2319; x_wconf 84' lang='lat' dir='ltr'><strong>et</strong></span> <span class='ocrx_word' id='word_1_289' title='bbox 1612 2265 1759 2319; x_wconf 88' lang='lat' dir='ltr'><strong>oppig-</strong></span> 
     </span>
     <span class='ocr_line' id='line_1_35' title="bbox 270 2321 1758 2377; baseline 0 -14"><span class='ocrx_word' id='word_1_290' title='bbox 270 2323 463 2365; x_wconf 87' lang='lat' dir='ltr'><strong>neratum</strong></span> <span class='ocrx_word' id='word_1_291' title='bbox 507 2323 675 2365; x_wconf 89' lang='lat' dir='ltr'><strong>tantum</strong></span> <span class='ocrx_word' id='word_1_292' title='bbox 719 2336 792 2377; x_wconf 90' lang='lat' dir='ltr'><strong>pro</strong></span> <span class='ocrx_word' id='word_1_293' title='bbox 822 2333 906 2367; x_wconf 86' lang='lat' dir='ltr'><strong>VII.</strong></span> <span class='ocrx_word' id='word_1_294' title='bbox 944 2322 1132 2366; x_wconf 89' lang='lat' dir='ltr'><strong>millibus</strong></span> <span class='ocrx_word' id='word_1_295' title='bbox 1162 2322 1315 2364; x_wconf 89' lang='lat' dir='ltr'><strong>marcis</strong></span> <span class='ocrx_word' id='word_1_296' title='bbox 1364 2321 1509 2364; x_wconf 88' lang='lat' dir='ltr'><strong>scribit</strong></span> <span class='ocrx_word' id='word_1_297' title='bbox 1538 2321 1758 2364; x_wconf 87' lang='lat' dir='ltr'><strong>Ordericus</strong></span> 
     </span>
     <span class='ocr_line' id='line_1_36' title="bbox 270 2377 1758 2433; baseline 0 -14"><span class='ocrx_word' id='word_1_298' title='bbox 270 2377 342 2420; x_wconf 89' lang='lat' dir='ltr'><strong>lib.</strong></span> <span class='ocrx_word' id='word_1_299' title='bbox 368 2380 431 2421; x_wconf 91' lang='lat'><strong>10.</strong></span> <span class='ocrx_word' id='word_1_300' title='bbox 478 2379 548 2433; x_wconf 90' lang='lat' dir='ltr'><strong>pia</strong></span> <span class='ocrx_word' id='word_1_301' title='bbox 591 2392 687 2422; x_wconf 91' lang='lat' dir='ltr'><strong>vero</strong></span> <span class='ocrx_word' id='word_1_302' title='bbox 715 2379 970 2423; x_wconf 88' lang='lat' dir='ltr'><strong>liberalitate</strong></span> <span class='ocrx_word' id='word_1_303' title='bbox 1016 2391 1256 2422; x_wconf 89' lang='lat' dir='ltr'><strong>concessum</strong></span> <span class='ocrx_word' id='word_1_304' title='bbox 1286 2378 1499 2421; x_wconf 84' lang='lat' dir='ltr'><strong>Ecclesiae</strong></span> <span class='ocrx_word' id='word_1_305' title='bbox 1528 2378 1758 2430; x_wconf 88' lang='lat' dir='ltr'><strong>Leodiensi‚</strong></span> 
     </span>
     <span class='ocr_line' id='line_1_37' title="bbox 273 2434 1758 2491; baseline 0.001 -16"><span class='ocrx_word' id='word_1_306' title='bbox 273 2434 422 2490; x_wconf 86' lang='lat' dir='ltr'><strong>Tyrius</strong></span> <span class='ocrx_word' id='word_1_307' title='bbox 453 2435 524 2478; x_wconf 89' lang='lat' dir='ltr'><strong>lib.</strong></span> <span class='ocrx_word' id='word_1_308' title='bbox 547 2437 585 2478; x_wconf 93' lang='lat'><strong>9.</strong></span> <span class='ocrx_word' id='word_1_309' title='bbox 618 2448 705 2491; x_wconf 87' lang='lat' dir='ltr'><strong>cap.</strong></span> <span class='ocrx_word' id='word_1_310' title='bbox 726 2437 764 2478; x_wconf 82' lang='lat'><strong>8.</strong></span> <span class='ocrx_word' id='word_1_311' title='bbox 797 2436 1110 2479; x_wconf 87' lang='lat' dir='ltr'><strong>commemorat.</strong></span> <span class='ocrx_word' id='word_1_312' title='bbox 1176 2435 1281 2478; x_wconf 91' lang='lat' dir='ltr'><strong>Rem</strong></span> <span class='ocrx_word' id='word_1_313' title='bbox 1326 2435 1524 2486; x_wconf 60' lang='lat' dir='ltr'><strong>aonciliat</strong></span> <span class='ocrx_word' id='word_1_314' title='bbox 1557 2434 1758 2477; x_wconf 89' lang='lat' dir='ltr'><strong>Nicolaus</strong></span> 
     </span>
     <span class='ocr_line' id='line_1_38' title="bbox 273 2489 1756 2547; baseline 0 -14"><span class='ocrx_word' id='word_1_315' title='bbox 273 2489 505 2534; x_wconf 85' lang='lat' dir='ltr'><strong>Canonicus</strong></span> <span class='ocrx_word' id='word_1_316' title='bbox 536 2492 786 2544; x_wconf 89' lang='lat' dir='ltr'><strong>Leodiensis‚</strong></span> <span class='ocrx_word' id='word_1_317' title='bbox 830 2492 1019 2547; x_wconf 90' lang='lat' dir='ltr'><strong>Scriptor</strong></span> <span class='ocrx_word' id='word_1_318' title='bbox 1063 2492 1323 2544; x_wconf 89' lang='lat' dir='ltr'><strong>coaetaneus,</strong></span> <span class='ocrx_word' id='word_1_319' title='bbox 1364 2492 1409 2534; x_wconf 92' lang='lat' dir='ltr'><strong>in</strong></span> <span class='ocrx_word' id='word_1_320' title='bbox 1446 2491 1674 2546; x_wconf 86' lang='lat' dir='ltr'><strong>Triumpho</strong></span> <span class='ocrx_word' id='word_1_321' title='bbox 1715 2490 1756 2533; x_wconf 88' lang='lat' dir='ltr'><strong>S.</strong></span> 
     </span>
     <span class='ocr_line' id='line_1_39' title="bbox 271 2547 1758 2603; baseline 0.001 -15"><span class='ocrx_word' id='word_1_322' title='bbox 271 2547 456 2590; x_wconf 88' lang='lat' dir='ltr'><strong>Remacli</strong></span> <span class='ocrx_word' id='word_1_323' title='bbox 499 2548 548 2591; x_wconf 85' lang='lat' dir='ltr'><strong>de</strong></span> <span class='ocrx_word' id='word_1_324' title='bbox 580 2548 726 2592; x_wconf 84' lang='lat' dir='ltr'><strong>Castro</strong></span> <span class='ocrx_word' id='word_1_325' title='bbox 772 2549 969 2592; x_wconf 91' lang='lat' dir='ltr'><strong>Bullonio</strong></span> <span class='ocrx_word' id='word_1_326' title='bbox 1016 2562 1104 2603; x_wconf 90' lang='lat' dir='ltr'><strong>cap.</strong></span> <span class='ocrx_word' id='word_1_327' title='bbox 1129 2550 1165 2591; x_wconf 94' lang='lat'><strong>1.</strong></span> <span class='ocrx_word' id='word_1_328' title='bbox 1209 2561 1233 2591; x_wconf 91' lang='lat' dir='ltr'><strong>a</strong></span> <span class='ocrx_word' id='word_1_329' title='bbox 1277 2561 1357 2603; x_wconf 92' lang='lat' dir='ltr'><strong>quo</strong></span> <span class='ocrx_word' id='word_1_330' title='bbox 1387 2548 1529 2591; x_wconf 87' lang='lat' dir='ltr'><strong>hausit</strong></span> <span class='ocrx_word' id='word_1_331' title='bbox 1573 2561 1679 2602; x_wconf 91' lang='lat' dir='ltr'><strong>quae</strong></span> <span class='ocrx_word' id='word_1_332' title='bbox 1708 2547 1758 2589; x_wconf 91' lang='lat' dir='ltr'><strong>de</strong></span> 
     </span>
     <span class='ocr_line' id='line_1_40' title="bbox 270 2602 1757 2662; baseline 0.001 -18"><span class='ocrx_word' id='word_1_333' title='bbox 270 2602 349 2645; x_wconf 89' lang='lat' dir='ltr'><strong>hoc</strong></span> <span class='ocrx_word' id='word_1_334' title='bbox 384 2604 472 2658; x_wconf 92' lang='lat' dir='ltr'><strong>ipso</strong></span> <span class='ocrx_word' id='word_1_335' title='bbox 518 2606 665 2662; x_wconf 85' lang='lat' dir='ltr'><strong>narrat</strong></span> <span class='ocrx_word' id='word_1_336' title='bbox 695 2606 900 2660; x_wconf 86' lang='lat' dir='ltr'><strong>Aegidius</strong></span> <span class='ocrx_word' id='word_1_337' title='bbox 945 2606 1176 2649; x_wconf 88' lang='lat' dir='ltr'><strong>Monachus</strong></span> <span class='ocrx_word' id='word_1_338' title='bbox 1214 2605 1378 2652; x_wconf 89' lang='lat' dir='ltr'><strong>Aureae</strong></span> <span class='ocrx_word' id='word_1_339' title='bbox 1409 2604 1544 2648; x_wconf 87' lang='lat' dir='ltr'><strong>Vallis</strong></span> <span class='ocrx_word' id='word_1_340' title='bbox 1582 2617 1670 2658; x_wconf 90' lang='lat' dir='ltr'><strong>cap.</strong></span> <span class='ocrx_word' id='word_1_341' title='bbox 1691 2605 1757 2646; x_wconf 88' lang='lat'><strong>13.</strong></span> 
     </span>
     <span class='ocr_line' id='line_1_41' title="bbox 271 2658 1758 2716; baseline 0 -14"><span class='ocrx_word' id='word_1_342' title='bbox 271 2658 436 2712; x_wconf 82' lang='lat' dir='ltr'><strong>Adfuit,</strong></span> <span class='ocrx_word' id='word_1_343' title='bbox 486 2661 625 2716; x_wconf 90' lang='lat' dir='ltr'><strong>inquit</strong></span> <span class='ocrx_word' id='word_1_344' title='bbox 656 2662 869 2715; x_wconf 87' lang='lat' dir='ltr'><strong>Nicolaus,</strong></span> <span class='ocrx_word' id='word_1_345' title='bbox 908 2663 1056 2706; x_wconf 83' lang='lat' dir='ltr'><strong>divina</strong></span> <span class='ocrx_word' id='word_1_346' title='bbox 1084 2661 1385 2705; x_wconf 72' lang='lat' dir='ltr'><strong>misericordia.</strong></span> <span class='ocrx_word' id='word_1_347' title='bbox 1416 2660 1629 2704; x_wconf 87' lang='lat' dir='ltr'><strong>Permovit</strong></span> <span class='ocrx_word' id='word_1_348' title='bbox 1662 2659 1758 2715; x_wconf 92' lang='lat' dir='ltr'><strong>(Ot-</strong></span> 
     </span>
     <span class='ocr_line' id='line_1_42' title="bbox 271 2715 1757 2779; baseline 0.002 -22"><span class='ocrx_word' id='word_1_349' title='bbox 271 2715 429 2779; x_wconf 84' lang='lat' dir='ltr'><strong>bertus)</strong></span> <span class='ocrx_word' id='word_1_350' title='bbox 460 2717 622 2760; x_wconf 88' lang='lat' dir='ltr'><strong>Ducem</strong></span> <span class='ocrx_word' id='word_1_351' title='bbox 664 2722 711 2761; x_wconf 84' lang='lat' dir='ltr'><strong>ut</strong></span> <span class='ocrx_word' id='word_1_352' title='bbox 755 2719 904 2772; x_wconf 83' lang='lat' dir='ltr'><strong>offerat</strong></span> <span class='ocrx_word' id='word_1_353' title='bbox 932 2718 987 2761; x_wconf 89' lang='lat' dir='ltr'><strong>B.</strong></span> <span class='ocrx_word' id='word_1_354' title='bbox 1027 2718 1198 2774; x_wconf 72' lang='lat' dir='ltr'><strong>Viryini</strong></span> <span class='ocrx_word' id='word_1_355' title='bbox 1243 2722 1282 2761; x_wconf 92' lang='lat' dir='ltr'><strong>et</strong></span> <span class='ocrx_word' id='word_1_356' title='bbox 1307 2719 1382 2772; x_wconf 78' lang='lat' dir='ltr'><strong>pio</strong></span> <span class='ocrx_word' id='word_1_357' title='bbox 1409 2718 1605 2773; x_wconf 74' lang='lat' dir='ltr'><strong>Martyri</strong></span> <span class='ocrx_word' id='word_1_358' title='bbox 1628 2731 1757 2771; x_wconf 80' lang='lat' dir='ltr'><strong>prae-</strong></span> 
     </span>
     <span class='ocr_line' id='line_1_43' title="bbox 271 2772 1757 2829; baseline 0.001 -15"><span class='ocrx_word' id='word_1_359' title='bbox 271 2772 428 2815; x_wconf 79' lang='lat' dir='ltr'><strong>dictum</strong></span> <span class='ocrx_word' id='word_1_360' title='bbox 475 2774 670 2817; x_wconf 81' lang='lat' dir='ltr'><strong>Castrum</strong></span> <span class='ocrx_word' id='word_1_361' title='bbox 720 2776 769 2818; x_wconf 83' lang='lat' dir='ltr'><strong>ob</strong></span> <span class='ocrx_word' id='word_1_362' title='bbox 811 2777 1056 2819; x_wconf 85' lang='lat' dir='ltr'><strong>memoriam</strong></span> <span class='ocrx_word' id='word_1_363' title='bbox 1106 2776 1348 2819; x_wconf 87' lang='lat' dir='ltr'><strong>animarum</strong></span> <span class='ocrx_word' id='word_1_364' title='bbox 1385 2775 1757 2829; x_wconf 76' lang='lat' dir='ltr'><strong>praedecessorum</strong></span> 
     </span>
     <span class='ocr_line' id='line_1_44' title="bbox 270 2830 1758 2887; baseline 0.002 -16"><span class='ocrx_word' id='word_1_365' title='bbox 270 2841 452 2883; x_wconf 85' lang='lat' dir='ltr'><strong>suorum,</strong></span> <span class='ocrx_word' id='word_1_366' title='bbox 484 2830 721 2874; x_wconf 84' lang='lat' dir='ltr'><strong>conditione</strong></span> <span class='ocrx_word' id='word_1_367' title='bbox 740 2833 1002 2887; x_wconf 75' lang='lat' dir='ltr'><strong>interposita,</strong></span> <span class='ocrx_word' id='word_1_368' title='bbox 1019 2836 1066 2875; x_wconf 88' lang='lat' dir='ltr'><strong>ut</strong></span> <span class='ocrx_word' id='word_1_369' title='bbox 1086 2833 1125 2876; x_wconf 87' lang='lat' dir='ltr'><strong>si</strong></span> <span class='ocrx_word' id='word_1_370' title='bbox 1144 2833 1262 2876; x_wconf 86' lang='lat' dir='ltr'><strong>intra</strong></span> <span class='ocrx_word' id='word_1_371' title='bbox 1290 2836 1452 2886; x_wconf 77' lang='lat' dir='ltr'><strong>tempus</strong></span> <span class='ocrx_word' id='word_1_372' title='bbox 1477 2832 1758 2886; x_wconf 73' lang='lat' dir='ltr'><strong>praefinitum</strong></span> 
     </span>
    </p>
   </div>
  </div>
 </body>
</html>
