1806 3132
582 15 587 17 ,
607 19 652 26 ,s
664 12 690 18 l>

524 224 580 258 m
608 223 896 259 ALExrADEM
924 209 1089 261 Noun
1458 225 1542 267 633

63 337 318 404 expugnavit
345 337 574 404 Iconiensis
605 338 808 383 Sultanus
837 339 919 406 An..
940 351 1122 407 mecm.
1149 343 1197 386 ut
1225 345 1287 388 est
1314 345 1358 388 in
1389 345 1540 391 chron.

59 394 283 495 fflltlrgztfgb·
308 394 718 507 gggrssggrlggro
750 410 775 440 a
814 397 939 452 Tyno
976 398 1050 441 hb.
1079 400 1142 442 16.
1183 412 1271 456 cap.
1296 403 1363 444 26.
1435 404 1540 447 Vide

197 514 259 561 Τό
287 515 525 575 Μαράσιν]
576 519 775 563 Marasis
811 520 1010 565 Guiberto
1041 523 1112 566 lib.
1134 525 1174 567 4.
1205 537 1293 580 cap.
1315 527 1353 569 2.
1383 526 1576 572 Maru-c

56 576 119 619 sis
164 575 390 620 Tudebodo
435 575 509 619 lib.
531 577 570 618 2.
614 576 804 630 Marafi's
848 577 1046 622 Baldrieo
1091 580 1162 624 lib.
1186 582 1224 623 2.
1254 595 1348 638 pag.
1375 584 1467 626 101.
1498 586 1539 627 et

58 631 233 676 'I'zetzae
276 631 383 676 Chil.
407 633 472 675 12.
518 632 572 675 N.
600 634 696 675 652.
743 633 946 678 Mara-sia
990 636 1116 691 Tyrio
1159 637 1232 680 lib.
1262 640 1301 681 3.
1363 651 1450 694 cap.
1473 641 1537 683 18.

56 688 259 732 Mar-esch
290 689 335 732 in
366 689 479 732 Hist.
510 689 676 732 Hieros.
709 690 761 733 A.
790 699 959 734 Mcxlv.
992 693 1034 735 et
1063 693 1172 747 apud
1208 694 1427 738 Albeltum
1458 697 1538 751 Aq.

56 745 128 788 lib.
153 746 191 789 3.
233 758 323 800 cap.
353 746 421 788 27.
465 745 707 789 Mariscum
749 746 968 790 Fulcherio
1012 748 1083 792 lib.
1118 751 1153 792 1.
1200 763 1287 805 cap.
1316 752 1356 793 6.
1399 751 1470 795 lib.
1498 753 1537 795 2.

56 814 146 857 cap.
168 803 236 845 50.
266 802 459 857 Denique
488 799 759 858 Μαραύσιον
789 803 994 847 Cinnamo
1023 805 1094 848 lib.
1120 808 1155 848 1.

187 864 445 926 Ἐπισκόπῳ
478 868 680 927 Πίσσης]
727 871 981 926 Dagobert0‚
1011 872 1268 925 Daimberto,
1299 887 1370 917 seu
1410 875 1539 918 Daia-
1549 882 1768 929 Pag.335.A

55 926 178 970 berto
207 926 367 971 Pisano
396 927 614 982 Episcopo,
661 927 732 983 qui
772 928 1036 982 postmodum
1077 930 1209 984 captis
1238 931 1537 987 Hierosolymis

56 983 102 1026 in
131 983 427 1027 Patriarcham
461 984 616 1027 electus
661 985 735 1027 est.
811 984 873 1027 De
918 985 1148 1041 Dagoberti
1194 987 1247 1030 ad
1291 987 1536 1031 Laodiceam

53 1039 231 1094 appulsu
260 1041 397 1096 agunt
425 1040 626 1083 Albertus
656 1041 737 1096 Aq.
766 1040 840 1083 lib.
863 1042 901 1083 6.
930 1054 1019 1097 cap.
1041 1043 1109 1085 56.
1140 1044 1181 1086 et
1200 1056 1283 1099 seq.
1314 1043 1441 1087 Gesta
1467 1044 1534 1087 Fr.

54 1109 143 1151 cap.
159 1097 227 1140 33.
259 1096 505 1140 Fulcherius
526 1097 599 1140 lib.
619 1098 654 1140 l.
676 1110 766 1152 cap.
783 1099 849 1141 21.
883 1098 980 1151 Tyr.
1001 1099 1074 1141 lib.
1094 1100 1159 1142 11.
1191 1112 1280 1154 cap.
1304 1100 1369 1142 14.
1399 1100 1537 1144 Multa

52 1153 179 1196 etiam
223 1152 275 1197 de
317 1153 397 1196 hoc
426 1153 630 1203 Pontifice
671 1154 798 1197 habet
839 1155 1044 1210 Ughellus
1087 1156 1131 1198 in
1162 1156 1355 1211 Archiep.
1394 1157 1533 1200 Pisan.

53 1209 174 1253 Tom.
194 1210 234 1254 3.
262 1210 363 1254 Ital.
387 1210 554 1255 Sacrae.

181 1273 384 1333 Ἐτὲρους
411 1273 525 1334 δύο]
570 1279 736 1322 Pisanis
782 1279 971 1322 adiuncti
1013 1282 1132 1322 erant
1175 1280 1257 1323 duo
1301 1294 1347 1323 ex
1390 1282 1572 1328 eademB

50 1333 181 1377 maris
208 1347 283 1378 ora
301 1335 458 1390 populi,
476 1335 643 1378 Etrusci
664 1335 836 1386 scilicet,
858 1336 930 1391 qui
951 1337 993 1378 et
1009 1336 1200 1388 Toscani,
1225 1339 1266 1380 et
1284 1336 1530 1381 Genuensoe.

52 1390 244 1434 Fulcher.
273 1391 349 1435 lib.
372 1393 410 1434 1.
440 1404 528 1447 cap.
552 1393 620 1435 21.
649 1393 763 1435 Hist.
795 1392 911 1435 Hier.
942 1405 1037 1447 pag.
1061 1394 1157 1436 594.

185 1444 559 1503 Κατασκευάζων]
590 1449 679 1492 Hos
696 1449 928 1504 Dagoberti
949 1451 990 1491 et
1006 1449 1267 1501 Pisanorum,
1289 1450 1529 1505 priusquam
1542 1457 1574 1492 A

51 1503 301 1547 Laodiceam
329 1505 599 1560 appellerent,
622 1519 717 1548 cum
733 1505 949 1548 Alexianis
969 1505 1186 1549 conflictus
1214 1507 1255 1549 et
1277 1507 1530 1550 hostilitates

49 1559 199 1615 attigit.
231 1561 382 1618 Tyrius
408 1562 482 1605 lib.
507 1564 571 1605 11.
601 1575 691 1616 cap.
712 1563 780 1604 44.
836 1561 925 1604 Iter
965 1575 1062 1617 erqo
1101 1565 1301 1618 ayyressss
1338 1567 1376 1605 et
1413 1577 1531 1606 oram

47 1618 212 1671 sequuti
238 1619 513 1668 maritimam,
550 1620 723 1662 nonnisi
761 1619 943 1661 hostium
984 1621 1201 1672 reperiunt
1242 1619 1374 1671 urbes,
1419 1620 1530 1662 unde

47 1687 142 1716 eum
169 1675 360 1718 maxima
391 1675 639 1729 difficultate
664 1679 703 1719 et
722 1675 1014 1718 alimentorum
1040 1676 1187 1729 inopia
1205 1677 1318 1718 viam
1333 1680 1532 1730 poterant

49 1731 285 1785 incoeptam
313 1731 524 1786 conficere.

180 1794 325 1841 Ζώων
354 1796 573 1858 κεφαλάς]
622 1800 738 1843 More
770 1801 957 1843 veterum
989 1799 1088 1842 fecit
1119 1800 1302 1852 Alexius‚
1340 1800 1412 1855 qui
1441 1799 1570 1842 bel-B

47 1854 217 1955 fflarum
246 1856 387 1912 capita
415 1869 518 1900 auro
548 1857 746 1901 exornata
774 1857 943 1899 navium
965 1857 1110 1899 rostris
1130 1856 1346 1911 aptabant.
1376 1855 1525 1911 Virgil.

66 1911 76 1920 ⁶
111 1945 122 1955 .
145 1913 212 1955 10.
241 1913 416 1956 Aeneid.

450 1970 614 2013 Aerata
641 1969 853 2024 Princeps
880 1974 991 2014 secat
1020 1983 1200 2025 aequora
1228 1970 1344 2023 tiqri.

46 2036 140 2080 Hoc
183 2041 257 2091 est,
303 2038 367 2082 ait
396 2038 580 2089 Servius,
626 2040 745 2082 ouius
785 2043 970 2081 rostrum
1015 2042 1106 2080 erat
1132 2038 1180 2080 in
1207 2036 1525 2080 similitudinem

45 2093 239 2148 tiqridis:
267 2108 449 2151 namque
477 2095 612 2139 solent
638 2110 766 2138 naves
796 2097 969 2138 nomina
1006 2095 1194 2148 accipere
1223 2108 1251 2136 a
1281 2093 1526 2136 Tutelarum

36 2151 226 2204 pictura.
287 2151 368 2195 Sed
397 2152 449 2196 de
479 2152 641 2195 Tutelis
670 2153 805 2195 multa
827 2153 1075 2195 Vowerenus
1105 2150 1157 2192 ad
1187 2150 1353 2192 Petron.
1384 2150 1524 2192 Meur-

46 2207 133 2250 sius
156 2207 211 2250 ad
234 2207 435 2264 Lycophr.
456 2209 624 2252 Delrius
654 2208 707 2251 ad
728 2209 867 2252 Senec.
892 2208 1017 2263 Trag.
1040 2206 1268 2257 Turnebus,
1291 2205 1523 2249 Alexander

46 2263 101 2306 ab
129 2263 247 2307 Alex.
278 2265 514 2321 caeterique
543 2266 785 2308 criticorum
829 2265 906 2307 filii
936 2263 1206 2307 commentati
1239 2263 1349 2325 sunt.
1410 2261 1524 2304 Tan-

44 2320 137 2362 tum
166 2320 275 2364 addo
305 2334 414 2377 quae
441 2323 569 2365 habet
598 2322 836 2377 perelegans
858 2321 1043 2375 Scriptor
1071 2320 1114 2361 in
1138 2319 1334 2361 Encomlo
1351 2318 1521 2361 Emmae

45 2376 150 2432 Reg.
193 2376 323 2433 Angl.
369 2378 440 2421 lib.
480 2380 517 2421 1.
570 2378 807 2433 Aqyreyati
850 2377 1019 2420 tandem
1062 2376 1239 2439 turritas
1292 2374 1521 2438 ascendunt

39 2446 216 2487 puppas,
248 2436 408 2478 aeratis
451 2436 604 2478 rostris
632 2434 772 2478 Duces
813 2433 1003 2488 sinyulos
1036 2431 1270 2475 videntzbus
1312 2430 1521 2472 descramu-

43 2493 203 2533 nantes.
266 2490 383 2534 Eme
413 2496 505 2534 erat
536 2505 702 2535 cernere
731 2491 867 2534 leones
896 2503 1000 2532 auro
1036 2487 1183 2542 fusiles
1211 2489 1258 2529 in
1292 2485 1518 2550 puppibus,

42 2545 139 2589 hinc
167 2550 306 2590 autem
333 2548 521 2591 volucres
548 2550 596 2591 in
624 2548 798 2590 summis
826 2546 951 2589 malis
989 2546 1207 2594 venientes,
1238 2547 1406 2586 austros
1431 2556 1521 2585 sms

41 2603 263 2702 {zm-5¹1²?
283 2599 1521 2711 ἔῗῖἱὲὂᾚὲέεεώέἓωέῗηέῗν”ἓὶνῗᾞὲῗηῖἔέῗῖἆῗαὲῗ

0 2755 5 2760 .
38 2715 147 2758 vivis
174 2717 478 2771 quodammodo
511 2732 595 2761 non
629 2719 824 2770 impares,
870 2719 992 2768 atque
1033 2691 1154 2756 illine
1193 2716 1339 2754 tauros
1375 2712 1519 2775 erectis

39 2785 208 2815 sursum
237 2773 356 2816 collis
390 2775 684 2828 protensisque
708 2772 911 2817 eruribus.
935 2771 1118 2826 muyitus
1137 2781 1359 2822 cursusque
1377 2781 1518 2810 ewen-

39 2829 145 2872 tium
169 2829 428 2874 simulantes.
482 2831 651 2874 Videres
675 2843 832 2884 quoque
860 2827 1079 2881 delphinos
1105 2825 1253 2868 electro
1286 2824 1417 2878 fusos,
1447 2837 1513 2866 ve-
