1780 3138
515 261 782 297 ALEXIADIS
815 261 909 297 LIB.
943 261 1009 297 XI.
1048 255 1111 298 10.
1479 259 1557 302 115

64 379 144 435 μὲν
175 377 232 424 τὰ
275 379 382 436 περὶ
418 382 504 424 τοῦ
525 377 697 436 γΒοὶρδα
735 381 851 440 φημὶ
900 382 973 425 καὶ
1014 384 1094 425 τοῦ
1133 377 1439 439 ἅρχιοινοχόου
1471 389 1564 429 Μι-

63 445 198 507 χαήλ·
244 446 269 493 ὃ
299 449 350 492 δέ·
379 465 427 506 γε
458 449 766 507 Βουτουμίτης
800 447 915 506 μετὰ
958 453 1039 494 τοῦ
1071 454 1320 509 ῘΡΙοναστρᾶ
1362 454 1436 497 καὶ
1475 456 1564 497 τῶν

63 516 144 562 σὺν
171 513 293 576 αὐτῷ
319 518 713 576 καταλειφθέντων
744 515 945 576 λογάδων
979 516 1207 579 ἡγεμόνιον
1246 520 1328 580 τήν
1358 523 1563 566 Κιλικίαν

63 583 291 646 εφθακώς,
325 604 387 639 ως
420 584 526 639 τούς
557 582 819 644 Λρμενίους
849 604 948 669 ευρε
978 589 1306 645 σπεισαμένους
1331 588 1443 646 μετὰ
1482 593 1618 634 τοῦῩ.
1646 598 1717 632 265

27 662 50 695 ῦ
69 654 245 712 Ταγγρέ,
278 654 584 712 παραδραμων
612 653 800 708 τούτους
841 656 914 700 καὶ
957 673 1009 700 το
1052 654 1262 714 ΖΡΙαράσιν
1305 659 1563 715 καταλαβων

62 722 268 777 κατέσχεν
302 718 425 775 αὕτό,
455 720 551 779 ἅμα
581 722 630 768 δὲ
656 724 731 767 καὶ
775 721 855 777 τὰς
902 726 1227 782 παρακειμένας
1269 724 1448 780 ἁπάσας
1477 734 1607 771 κω-Ι)

60 789 280 847 μοπόλεις
324 792 398 836 καὶ
444 789 500 835 τά
546 792 753 847 πολίχνια
805 794 878 837 καὶ
922 789 1193 851 ἄποχριόσας
1247 793 1454 852 δυνάμεις
1499 795 1564 849 εἷς

61 857 264 918 φρουρὰν
292 860 371 921 τῆς
398 857 546 917 χώρας
575 858 755 920 ἁπάσης
786 862 860 905 καὶ
891 859 1083 922 ἡγεμόνα
1119 861 1198 906 τὸν
1234 861 1564 921 μιξοβάρβαρον

60 927 318 973 καταλιπών
347 932 630 987 ΠΙοναστρᾶν,
676 931 782 987 περὶ
828 920 881 974 οὗ
919 931 964 975 ἐν
997 932 1187 984 πολλοῖς
1217 929 1242 975 ὁ
1271 930 1403 990 λόγος
1434 933 1565 989 ἐμέμ-

5 1008 49 1043 10
62 1015 179 1055 νητο,
211 996 331 1055 πρὸς
358 996 438 1059 τὴν
466 996 789 1055 βασιλεύουσαν
819 999 1166 1057 ἐτανέστρεψεν.

201 1071 266 1112 10.
326 1062 449 1111 Ἐπεὶ
467 1067 558 1111 δὲ’
536 1084 557 1110 ε
559 1065 813 1124 ξερχομενοι
837 1085 879 1111 οι
905 1065 1099 1126 Φράγγοι
1122 1068 1279 1126 [πρὸς]
1302 1067 1357 1112 τὰ
1372 1067 1563 1127 Ἱεροσό·

59 1136 218 1192 λυμα
205 1135 322 1192 πρὸς
357 1133 621 1191 κατάσχεσιν
659 1139 751 1179 τῶν
790 1133 971 1180 πόλεων
1009 1138 1171 1195 Συρίας
1208 1136 1457 1193 ὑπέσχοντο
1495 1141 1560 1197 τῷ
1576 1148 1615 1182 P.
1644 1150 1714 1184 335

62 1201 302 1262 ἐπισκόπῳ
332 1204 507 1262 Πίσσης
547 1201 690 1257 ἱκανά,
735 1203 775 1249 εἰ
816 1202 995 1257 τούτοις
1037 1203 1275 1264 συνάρηται
1322 1205 1439 1264 πρὸς
1483 1205 1563 1251 τόν

61 1274 358 1331 προκείμενον
402 1268 556 1326 αὐτοῖς
585 1271 771 1327 σκοπόν,
815 1271 840 1318 ὁ
873 1274 922 1318 δὲ
960 1273 1241 1333 καταπειθὴς
1280 1280 1377 1328 τοῖς
1415 1275 1563 1334 λόγοις

3 1350 49 1387 15
59 1339 232 1387 τούτων
258 1340 448 1400 γεγονώς
476 1344 549 1387 καὶ
571 1341 749 1399 ἑτέρους
769 1340 849 1387 δύο
877 1345 968 1387 τῶν
987 1342 1112 1400 παρὰ
1136 1341 1364 1389 θάλατταν
1390 1342 1562 1390 οἰκούν-

59 1427 150 1453 των
182 1410 227 1463 ἑς
254 1408 364 1455 αὐτὸ
386 1413 521 1455 τοῦτο
543 1411 754 1468 ἐρεθίσας
782 1406 863 1456 οὐκ
883 1407 1167 1468 ἀνεβάλλετο,
1199 1407 1291 1456 ἄλλ’
1323 1413 1562 1468 ἑξοπλίσας

59 1475 230 1536 ὄιήρεις
259 1495 309 1522 τε
337 1480 411 1523 καὶ
440 1476 636 1538 τριήρεις
672 1480 746 1524 καὶ
776 1477 1012 1537 δρόμωνας
1041 1481 1114 1524 καὶ
1145 1480 1275 1538 ἕτερα
1313 1484 1404 1525 τῶν
1431 1498 1562 1536 ταχυ-

59 1544 240 1604 δρόμων
269 1548 443 1592 πλοίων
469 1547 534 1601 εἰς
564 1546 771 1593 ἐνακόσια
800 1547 1122 1607 περιϊστάμενα
1163 1548 1325 1605 ἔξεισιν
1359 1547 1422 1603 ὦς
1442 1548 1559 1607 πρὸς

58 1612 226 1670 αὖτούς
269 1613 590 1674 ἀπερχόμενος.
665 1614 791 1662 ἱκανὰ
833 1619 882 1662 δὲ
924 1615 1098 1663 τούτων
1126 1613 1467 1676 ἀποτεμόμενος
1497 1617 1562 1671 εἷς

0 1684 292 1745 Ωοπρονομὴν
330 1689 409 1746 τῆς
439 1689 696 1747 Κορυφοῦς,
742 1689 824 1745 τῆς
861 1685 1108 1741 Λευκάδος,
1157 1691 1236 1747 τῆς
1278 1688 1563 1747 Κεφαληνίας

57 1754 130 1797 καὶ
159 1756 238 1812 τῆς
266 1752 506 1799 Ζακύνθου
538 1749 787 1801 ἀπέστειλε.
849 1759 988 1800 ταῦτα
1016 1754 1260 1813 μανθάνων
1290 1753 1315 1801 ὁ
1354 1753 1561 1812 βασιλεὺς

58 1822 108 1877 ἐξ
132 1819 323 1867 ἁπασῶν
351 1825 443 1867 τιῖν
471 1820 561 1867 ὑπὸ
592 1821 674 1882 τήν
702 1826 793 1867 τῶν
810 1822 1039 1881 Ῥωμαίων
1067 1820 1204 1884 ἀρχὴν
1227 1828 1387 1881 χωρῶν
1415 1841 1559 1880 προσ-

30 1890 182 1945 έταξε
211 1891 421 1948 γενέσθαι
449 1892 601 1938 πλοῖα
656 1894 729 1937 καὶ
773 1890 838 1946 εἷς
874 1888 1010 1950 αὐτὴν
1049 1894 1098 1937 δὲ
1126 1894 1205 1954 τὴν
1236 1890 1602 1948 βασιλεύουσανΒ

195 2002 226 2037 1.
253 2003 339 2049 περὶ
363 1998 512 2045 τούτων,
539 2003 633 2038 τυῡῖ
783 2005 840 2040 11.
864 2001 959 2058 πρὸς
984 2003 1126 2040 seclusi.
1278 2003 1334 2038 13.
1363 1999 1553 2059 συνάρετιιι

192 2050 237 2087 F.
367 2052 422 2087 14.
451 2047 574 2098 λόγοις
598 2048 738 2087 τούτων
761 2052 806 2095 F,
830 2048 968 2087 τούτων
994 2048 1118 2098 λόγοις
1140 2051 1180 2088 P.
1297 2052 1353 2088 18.
1380 2049 1557 2087 ἐνακόσια

192 2098 237 2144 F,
263 2096 464 2135 {maxema
490 2100 530 2137 P.
671 2102 730 2137 20.
758 2100 1006 2148 ΚορυφοῦςΟ,
1039 2098 1204 2148 Κορυφὼ
1233 2100 1277 2146 F,
1305 2101 1492 2157 Κοουφῶς
1515 2101 1557 2136 Ρ.

191 2148 254 2192 τῆς
277 2145 472 2188 Λευκάδος
495 2149 558 2193 τῆς
583 2151 823 2197 Κεφαληνίας
842 2149 885 2192 F,
911 2150 973 2194 τῆς
1001 2151 1248 2197 Κεφαληνίας,
1275 2150 1339 2193 τῆς
1364 2146 1559 2188 Λευκάδος

191 2195 232 2233 P.
384 2197 444 2234 21.
471 2194 668 2233 ἀπόστειλε
694 2198 734 2244 Ρ,
760 2198 919 2234 correxi.

56 2289 104 2325 de
131 2289 257 2326 Barda
283 2293 322 2326 et
344 2291 527 2328 Michaele
551 2293 892 2338 archipocillatore.
942 2296 983 2329 at
1007 2293 1220 2330 Butumites
1253 2305 1338 2330 cum
1365 2293 1558 2329 Monastra

57 2338 291 2386 ducibusque
316 2341 475 2386 eximiis,
500 2341 566 2388 qui
589 2346 857 2387 remanserant,
882 2342 921 2378 in
949 2341 1117 2378 Ciliciam
1153 2342 1355 2388 profectus,
1380 2354 1466 2378 cum
1482 2343 1556 2377 iam

56 2387 245 2443 pepigisse
274 2388 474 2425 Armenios
507 2402 592 2426 eum
626 2390 819 2426 Taneredo
853 2391 1044 2436 audiisset,
1079 2391 1180 2437 ipsos
1214 2391 1448 2437 praeteriens
1480 2390 1557 2425 Ma—

56 2437 158 2472 rasin
185 2439 352 2473 castrum
368 2450 578 2485 omnesque
604 2439 815 2475 adiacentes
841 2440 942 2476 vicos
963 2439 1178 2485 oppidaque
1203 2440 1401 2485 occupavit
1426 2442 1464 2474 et
1478 2439 1557 2474 ido

56 2484 136 2520 neis
149 2486 269 2531 copiis
291 2486 340 2522 ad
360 2482 479 2522 totius
500 2489 666 2534 regionis
691 2487 900 2524 custodiam
931 2500 1016 2524 cum
1041 2488 1136 2524 duce
1156 2488 1351 2523 Monastra
1368 2488 1557 2523 mixobar-

56 2532 160 2574 bam.
173 2534 281 2577 cuius
299 2534 375 2571 iam
392 2536 539 2581 saepius
552 2538 694 2572 mentio
712 2536 812 2573 facta
829 2540 896 2578 est,
912 2537 1053 2572 relictis
1067 2536 1417 2582 Constantinopolin
1430 2536 1556 2572 rediit.

158 2584 213 2618 10.
262 2583 419 2620 Interim
441 2585 579 2621 Franci
600 2585 868 2632 Hierosolymis
888 2586 1039 2631 egressi,
1069 2589 1112 2620 ut
1127 2585 1255 2631 Syriae
1276 2586 1387 2620 urbes
1400 2597 1558 2631 occupa-

56 2633 153 2676 rent,
175 2631 283 2667 Pisae
303 2633 478 2689 episcopo
497 2645 634 2680 magna
653 2635 821 2690 praemia
845 2634 1113 2680 promiserunt,
1135 2635 1166 2669 si
1190 2633 1237 2669 ad
1258 2633 1371 2669 finem
1388 2634 1556 2680 proposi-

55 2680 136 2714 tum
151 2691 237 2715 cum
251 2682 343 2726 ipsis
360 2693 398 2717 se
411 2682 598 2728 iungeret.
627 2683 761 2718 annuit
778 2683 809 2718 is
824 2683 958 2718 horum
974 2683 1164 2728 rogationi
1178 2682 1336 2728 aliisque
1350 2682 1496 2719 duobus
1509 2682 1556 2717 ad

56 2738 159 2763 mare
179 2729 430 2765 incolentibus
454 2731 493 2766 in
514 2731 669 2767 eandem
692 2732 916 2767 sententiam
939 2731 1112 2766 adductis
1138 2731 1232 2766 nihil
1246 2734 1445 2767 cunctatus
1459 2731 1558 2766 bire-

15 2791 19 2810 ς
56 2787 134 2811 mes
147 2778 320 2814 triremes
334 2778 535 2815 dromones
548 2780 711 2826 aliasque
725 2780 764 2815 id
774 2792 892 2826 genus
902 2779 1044 2816 veloces
1059 2791 1169 2815 naves
1184 2784 1393 2826 nongentas
1406 2780 1557 2816 circiter

57 2824 241 2862 instruxit
255 2838 482 2873 cumamque
507 2828 555 2864 ad
571 2840 633 2864 eos
646 2829 830 2873 intendit;
855 2828 1027 2864 idoneam
1046 2840 1132 2864 vero
1151 2829 1230 2864 eius
1245 2829 1392 2864 numeri
1409 2832 1556 2874 partem

56 2874 160 2909 misit
173 2874 223 2910 ad
243 2876 477 2922 populandas
493 2876 667 2924 Coryphe
685 2856 963 2923 Cephalleniam
977 2877 1188 2913 Leucadem
1208 2877 1238 2912 7
1240 2888 1306 2923 ac
1307 2877 1455 2912 nthum.
1482 2887 1557 2922 quo

57 2922 264 2969 imperator
278 2924 409 2960 audito
431 2926 471 2961 in
483 2927 631 2962 eunctis
645 2926 806 2962 Romani
829 2926 982 2972 imperii
1000 2926 1219 2972 regionibus
1242 2938 1352 2962 naves
1368 2924 1557 2960 aedificari
