1768 3152
566 249 830 296 ALEXIADIS
862 263 956 296 Lm.
985 264 1029 296 x.
1061 257 1097 297 8.
1522 259 1573 299 41

79 372 273 435 τριήρεις
298 376 372 420 καί
415 393 536 430 τινας
576 373 802 434 δρομάδας
847 372 1176 434 ἆναλαβόμενος
1216 383 1317 433 ναῦς
1360 376 1578 426 ἀπελθών

77 445 233 489 ἵστατο
278 443 342 499 εἷς
385 446 656 501 Καβαλίωνα
703 441 885 502 α’ντικρῦ
945 449 1024 490 τοῦ
1070 441 1291 502 ’Ἀσωνος,
1344 449 1392 504 ἐξ
1436 441 1576 506 οὗπερ

79 510 332 572 ἐξεληλύθει
375 511 455 558 τόν
483 514 617 572 μέγαν
658 515 800 559 ἐκεῖσε
846 511 1008 559 στόλον
1036 514 1306 572 καταλιπών,
1337 518 1408 562 καὶ
1438 514 1577 563 ἀπέσ-

77 583 194 627 τειλε
249 581 329 627 τόν
386 580 658 639 καλοί-μενον
702 580 912 640 δεύτερον
958 581 1128 643 κόμητα
1175 582 1286 640 μετὰ
1331 589 1411 630 τοῦ
1458 585 1572 630 ι’δίου

43 651 288 709 ὅκατέργου
315 649 612 708 ἒξκουσσάτου
643 650 767 708 παρὰ
792 656 890 706 τοῖς
919 657 1142 706 ναυτικοῖς
1162 655 1433 711 καλουμένου
1477 656 1618 700 ἐπι-Ο

77 716 256 779 σκήψας
284 715 418 779 αὐτῷ,
447 720 502 764 ἵν’
534 720 725 779 ὁπηνίκα
750 718 806 765 τὰ
853 719 1111 779 πρυμνήσια
1137 725 1215 780 τῆς
1243 716 1327 781 ἤδη
1361 727 1575 783 ῥηθείσης

78 786 181 846 νηὸς
210 785 251 832 οἳ
284 789 428 845 ἐρέται
457 785 667 842 λύσαντες
696 788 761 843 εἷς
791 793 907 846 κῦμα
931 787 1164 849 θαλάσσης
1194 789 1436 848 ἐμβάλωσι,
1466 811 1576 850 πυρ-

77 855 158 902 σὸν
187 853 350 918 ἅνάψῃ,
405 855 429 902 ὁ
461 859 510 903 δὲ
530 857 748 902 ἀπελθών
772 862 1040 919 παραχρῆμα
1069 858 1121 904 τὸ
1147 861 1389 906 κελευσθὲν
1418 862 1577 906 ἐποίει.

78 923 102 970 ό
134 926 183 971 δὲ
213 924 324 982 ‹foi-5
354 924 572 981 Νικόλαος
610 931 744 972 τοῦτο
779 925 1068 984 θεασάμενος
1109 930 1187 982 τὰς
1224 929 1305 984 μὲν
1343 933 1434 973 τῶν
1463 933 1578 988 νηῶν

19 993 64 1040 10
75 998 173 1048 τοῖς
199 993 358 1049 ἱστίοις
380 999 651 1056 παραχρῆμα
681 997 887 1053 ἑπτέρου,
916 995 995 1050 τὰς
1026 999 1074 1042 δὲ
1095 999 1168 1043 καὶ
1195 994 1295 1043 οἷον
1314 996 1577 1052 πολύποδας

75 1068 174 1117 ταῖς
201 1061 376 1118 κώπαις
404 1059 773 1123 οἷπεργασάμενος
810 1064 921 1110 καταῖ
966 1070 1046 1110 τοῦ
1089 1070 1393 1124 διαπεριῦντος
1439 1073 1576 1126 χωρεῖ
1616 1090 1618 1092 “

74 1130 280 1192 κόμητος.
324 1127 458 1178 οἷ’πω
491 1134 539 1179 δὲ
568 1138 690 1191 τρεῖς
718 1135 926 1188 σταδίους
952 1130 1044 1179 άπὸ
1074 1139 1152 1195 τῆς
1180 1137 1340 1193 χέρσου
1361 1139 1574 1182 διαπλωϊ-

74 1199 266 1259 σάμενον
300 1199 621 1260 καταλαμβάνει
647 1206 808 1247 τοῦτον
837 1202 954 1260 πρὸς
980 1202 1059 1263 τὴν
1089 1205 1278 1262 περαίαν
1307 1201 1622 1262 ἘπιδάμνουῙ)

75 1267 342 1326 σπεύδοντα,
374 1268 592 1324 ἐνόπλους
620 1271 701 1328 μὲν
744 1269 1019 1328 στρατιώτας
1064 1271 1220 1328 ἔχοντα
1249 1274 1418 1329 χιλίους
1461 1271 1576 1331 πρὸς

18 1354 61 1388 15
74 1342 172 1392 τοῖς
202 1341 526 1397 πεντακοσίοις,
556 1341 731 1394 ἵππους
761 1340 809 1385 δὲ
837 1343 928 1385 τῶν
955 1341 1168 1398 ἐκκρίτων
1188 1339 1473 1401 ὀγδοήκοντα.
1524 1339 1574 1387 ὃν

75 1406 362 1465 θεασάμενος
392 1406 416 1454 ὃ
448 1411 746 1469 πηδαλιοῢχος
774 1413 853 1470 τῆς
882 1408 993 1464 νεώς
1023 1428 1132 1470 φησι
1155 1410 1272 1468 πρὸς
1301 1410 1380 1455 τὸν
1403 1410 1573 1470 κόμητα

74 1478 352 1536 Πρεβέντζης
370 1492 380 1502 ·
420 1478 494 1523 “Su
526 1480 688 1536 Συρίας
718 1477 741 1524 ὁ
772 1473 853 1538 ἤδη
891 1477 1237 1536 καταλαμβάνων
1267 1478 1384 1538 ἡμᾶς
1413 1477 1574 1533 στόλος

77 1544 171 1590 ἔστι
211 1547 283 1591 καὶ
327 1547 527 1601 κίνδυνος
563 1549 779 1605 μαχαίρας
820 1549 893 1592 καὶ
923 1550 1066 1606 ξιφῶν
1097 1546 1401 1607 παρανάλωμα
1431 1549 1571 1607 γενέσ-
1585 1557 1628 1593 V.
1657 1560 1729 1594 230

72 1616 198 1660 θαι..”
272 1619 539 1675 παραχρῆμα
581 1620 687 1674 γοῦν
717 1614 741 1662 ὁ
773 1614 914 1675 κόμης
954 1614 1257 1676 θωρήξασθαί
1296 1635 1344 1662 τε
1378 1618 1574 1663 ἐκέλευεν

10 1692 60 1734 ‘20
72 1680 271 1738 ἅπαντας
298 1685 371 1729 καὶ
400 1689 625 1742 καρτερῶς
653 1683 891 1742 μάχεσθαι.
957 1682 1042 1730 κᾶν
1071 1687 1120 1731 δὲ
1149 1687 1285 1743 μέσος
1315 1684 1480 1743 χειμών
1510 1679 1572 1746 ἦν,

75 1749 216 1797 ὁπότε
246 1750 273 1814 ἡ
304 1750 451 1812 μνήμη
481 1756 561 1797 τοῦ
612 1754 657 1798 ἐν
688 1751 911 1810 ἶεράρχαις
940 1755 1150 1812 μεγίστου
1184 1752 1412 1800 Νικολάου
1433 1756 1574 1800 τελεῖ-

206 1879 238 1914 5.
267 1875 512 1918 ἒξκουσσάτου
536 1881 580 1927 F,
615 1877 835 1921 ἒξκουσάτου
858 1881 896 1917 Ρ.
1100 1877 1248 1939 vaginas·
1271 1877 1503 1929 καλούμενον
1531 1882 1573 1918 G.

207 1927 239 1962 9.
267 1923 480 1974 θεσὰμενος
491 1929 532 1964 F.
633 1930 689 1965 11.
711 1934 870 1977 χωρείου
885 1931 926 1966 G.
1039 1931 1093 1966 12.
1121 1944 1227 1969 ουτος
1240 1930 1282 1966 G.
1393 1932 1447 1966 17.
1475 1935 1573 1977 Πρε-

205 1977 330 2021 βέῐζης
354 1976 399 2019 F,
427 1980 636 2024 Πρεβέτζον
661 1979 701 2021 P,
731 1981 952 2026 πρεβέντζας
979 1979 1021 2014 Α.
1173 1981 1228 2015 19.
1252 1978 1344 2024 γοῦν
1370 1979 1414 2019 F,
1442 1973 1508 2015 οὖν
1531 1979 1571 2015 Ρ.

207 2025 376 2061 ἐκέλευεν
406 2026 448 2069 F,
487 2028 681 2063 ἐκέλευσεν
708 2027 746 2063 P.
922 2029 979 2063 21.
1018 2030 1199 2075 μεγίστου
1225 2027 1269 2070 F,
1303 2024 1469 2075 μεγάλου
1497 2028 1570 2073 Ac,

208 2085 279 2109 om.
306 2074 347 2110 G.

68 2183 191 2220 factus
225 2185 399 2222 omnibus
432 2186 651 2223 triremibus
689 2188 972 2234 biremibusque
1005 2191 1043 2224 et
1076 2188 1265 2224 nonnullis
1297 2189 1481 2225 celeribus
1516 2202 1569 2225 as-

69 2233 230 2279 sumptis
254 2233 377 2270 locum
403 2235 450 2270 ad
471 2234 709 2271 Cabalionem
735 2237 912 2273 adversus
933 2238 1094 2272 Asonem
1109 2240 1268 2283 ceperat,
1286 2249 1422 2284 magna
1435 2237 1569 2283 Asone,

69 2281 135 2316 ubi
162 2282 296 2326 fuerat,
325 2282 439 2319 classe
464 2284 606 2320 relicta.
650 2285 680 2320 is
710 2286 830 2321 mittit
856 2286 1059 2322 secundum
1097 2298 1206 2332 quem
1236 2286 1368 2322 dicunt
1393 2287 1569 2323 comitem

68 2341 151 2366 cum
179 2342 245 2366 sua
279 2331 406 2376 triere,
439 2345 534 2379 quae
560 2333 749 2369 Excusata
775 2347 795 2370 a
820 2335 982 2370 nauticis
1013 2338 1180 2379 vocatur,
1204 2346 1375 2380 eumque,
1400 2336 1431 2370 si
1467 2337 1569 2372 navis

69 2381 156 2414 ante
181 2384 491 2417 commemoratae
508 2386 645 2418 nautae
670 2383 822 2418 funibus
844 2383 974 2419 solutis
1000 2395 1102 2419 mare
1132 2383 1432 2429 ingrederentur,
1450 2384 1569 2420 facem

68 2427 269 2463 accendere
313 2429 447 2475 iussit3
489 2430 603 2477 idque
644 2432 773 2467 statim
816 2432 879 2467 ille
919 2432 1114 2478 profectus
1160 2433 1317 2478 peregit.
1370 2436 1567 2478 conspecto

68 2476 176 2522 signo
200 2476 292 2512 alias
329 2489 441 2514 naves
467 2478 645 2516 Nicolaus
669 2480 746 2515 dux
775 2481 864 2516 velis
898 2481 945 2516 ad
978 2481 1232 2526 navigandum
1268 2482 1439 2526 parabat,
1477 2482 1569 2517 alias

68 2524 197 2560 multis
223 2525 330 2571 quasi
354 2526 514 2572 pedibus
538 2540 727 2565 remorum
757 2530 950 2565 instruxit.
1017 2541 1091 2575 quo
1120 2529 1219 2565 facto
1245 2529 1420 2564 adversus
1448 2533 1567 2565 trans-

68 2573 268 2609 fretantem
299 2575 475 2611 comitem
513 2578 668 2624 navigat
706 2590 865 2624 eumque
897 2578 1109 2624 assequitur
1143 2580 1207 2613 vix
1238 2578 1362 2612 tribus
1397 2590 1419 2613 a
1449 2579 1567 2614 conti·

68 2622 175 2657 nenti
211 2621 344 2658 stadiis
380 2624 590 2669 profectum
618 2626 947 2673 Epidamnumque
975 2627 1105 2662 urbem
1141 2627 1180 2661 in
1214 2626 1370 2661 adversa
1401 2628 1485 2672 ripa
1521 2628 1568 2662 si-

68 2672 146 2705 tam
170 2682 255 2706 cum
281 2671 382 2707 mille
409 2674 626 2720 quingentis
654 2676 810 2710 armatis
840 2678 878 2710 et
903 2675 1007 2721 equis
1034 2675 1194 2721 egregiis
1219 2675 1414 2721 octoginta
1439 2680 1567 2721 peten-

68 2722 155 2753 tem.
206 2719 307 2755 hunc
337 2722 569 2767 conspiciens
605 2724 710 2759 navis
743 2725 976 2770 gubernator
1014 2723 1241 2759 Prebentzae
1273 2724 1404 2759 comiti
1453 2724 1567 2759 “clas-

69 2767 142 2802 sis”
180 2767 305 2814 inquit
341 2769 384 2804 “e
410 2769 516 2816 Syria
542 2772 651 2807 nobis
676 2772 815 2808 infesta
838 2772 883 2808 fit
906 2773 1054 2808 obviam
1080 2771 1278 2817 caedisque
1315 2784 1356 2807 ac
1382 2773 1483 2808 necis
1506 2784 1568 2818 pe-

69 2815 230 2851 riculum
256 2816 396 2853 adest.”
441 2822 523 2854 tum
552 2831 673 2856 comes
700 2821 888 2867 extemplo
914 2832 1041 2856 omnes
1066 2820 1174 2855 indui
1198 2820 1326 2855 loricis
1352 2824 1390 2856 et
1415 2820 1567 2856 fortiter

69 2876 240 2911 pugnare
266 2865 388 2911 iubet3
433 2879 476 2903 ac
512 2868 602 2904 licet
629 2869 753 2905 media
777 2869 896 2905 hiems
923 2872 1019 2904 esset
1058 2869 1332 2914 (celebrabatur
1366 2869 1465 2904 enim
1491 2881 1565 2904 me-

71 2913 192 2949 moria
239 2915 375 2950 summi
420 2917 603 2953 antistitis
643 2917 814 2965 Nicolai)‚
865 2921 991 2955 tamen
1028 2929 1137 2953 omne
1180 2929 1282 2953 mare
1320 2917 1565 2964 tranquillum
