1748 3100
614 202 769 237 INDEX
797 203 1113 242 GRAECITATIS

120 317 307 373 χαμευνία
328 315 348 352 1
376 316 456 360 154,
471 316 496 352 9

124 376 146 407 η
178 359 422 409 Μχαηλᾶτος
450 361 601 411 χαραγῆ
637 366 672 401 Π
709 367 831 410 243,8

171 406 330 447 τάλαντα
365 412 431 447 τοῦ
465 412 621 459 Μχαὴλ
658 411 831 459 ποιότητά

171 458 494 543 {243xa2222019ayi1v
524 459 763 510 ἀποφέροντα
797 464 831 499 11

243 534 255 550 2

121 550 306 603 χάραγμα
330 556 348 592 I
371 557 454 600 228,
469 559 492 593 6
520 563 676 605 χρυσίου
692 564 750 596 καὶ
769 557 829 605 ἆρ-

170 599 286 650 νῦρθυ
309 604 345 640 Π
369 606 429 651 63,
448 607 493 641 15
533 603 610 642 ἀπὸ
634 604 827 655 χαράγμα-

170 664 232 691 τος
244 653 389 699 χρυσοῦ
404 657 466 689 καὶ
482 651 642 700 ἆργῦροι·
667 657 701 692 Π
714 659 829 704 264,8

119 695 295 747 χαράδρα
319 703 467 738 torrens
492 703 528 739 11
553 705 696 746 383,12

118 744 369 796 χαραδρῶδης
393 750 601 788 salebrosas
626 753 644 788 1
672 754 755 794 424,
772 755 789 788 1

121 796 186 831 τοῦ
205 798 438 844 χαρακτῆρος
461 800 562 846 ἔχειν
589 802 780 848 στρινφνῶς
812 802 829 837 1

170 845 256 890 260,
271 847 315 880 17
340 845 362 881 ὁ
382 847 572 891 βασιλικὸς
584 862 624 895 χ.
644 850 677 885 11
695 851 830 895 152,12

170 890 293 938 ἀληθῆ
311 896 526 941 χαρακτῆρα
550 897 750 944 ἐμφαίνειν
769 895 830 944 ἆρ-

167 944 324 988 χιερέως
346 942 366 978 I
390 944 472 988 350,
489 946 533 980 18

119 993 399 1037 χαρακιηρίζειν
421 991 439 1027 1
467 993 584 1037 163,9
656 1034 659 1035 ⁷

122 1038 173 1094 ἐκ,
188 1039 254 1073 τοῦ
273 1034 442 1086 χάρακος
460 1037 681 1088 ὁρμώμενος
704 1042 741 1077 11
757 1044 792 1087 6,
806 1044 827 1078 3

117 1097 291 1134 χαρισμα
315 1099 450 1124 munus
474 1090 494 1125 I
518 1090 601 1131 360,
619 1090 662 1123 21

119 1132 361 1182 χαριστήριον
393 1134 633 1185 ἀναπέμπειν
665 1137 716 1183 τῷ
747 1138 828 1183 Θεῷ

170 1182 207 1219 Π
233 1185 316 1227 370,
334 1185 378 1219 19

117 1229 294 1278 χαρμονὴ
322 1232 338 1267 Ι
362 1233 445 1278 298,
460 1233 491 1267 3.
507 1233 531 1267 9

117 1277 295 1327 χαροπὸν
318 1281 471 1327 βλέμμα
496 1281 514 1316 I
542 1282 665 1322 140,6.
694 1282 828 1326 145,13

116 1331 275 1375 χαρτίον
299 1327 332 1364 ll
356 1330 440 1374 326,
455 1331 512 1364 11.
529 1330 573 1364 15

117 1373 254 1423 χάσμα
278 1377 453 1413 oscitatio
477 1377 511 1412 Π
537 1378 619 1422 368,
638 1377 681 1412 17

117 1425 353 1472 χαυνοῦσθαι
370 1429 447 1464 τοῖς
463 1426 630 1464 ἐπαίνοις
643 1425 678 1460 Π
693 1426 776 1471 353,
787 1427 827 1460 17

117 1469 204 1520 χειά
227 1473 266 1509 11
295 1475 378 1515 351,
395 1475 440 1509 13

116 1523 244 1568 χεῖλος
255 1522 319 1556 τοῦ
332 1521 506 1568 ποταμοῦ
515 1522 622 1564 1326,
634 1524 667 1557 6.
682 1523 829 1567 398,17.

170 1571 289 1615 399‚3
327 1570 364 1605 11
388 1571 471 1612 203,
490 1571 546 1605 17.
572 1571 654 1614 207,
670 1571 715 1605 10
770 1570 831 1614 τῆς

130 1665 139 1676 .
171 1614 355 1661 θαλάττης
378 1618 412 1654 Π
437 1619 559 1661 57,10
585 1618 698 1663 (add.)

121 1680 143 1711 '¹
166 1666 832 1762 {11⁹1on‘quassrsssshssfflfffss‘Jssssa2

169 1762 276 1799 varia
289 1766 372 1798 arbe
385 1766 562 1799 ornatum
576 1774 653 1798 esse
666 1763 683 1798 1
697 1763 774 1806 168,
788 1763 830 1797 19

169 1811 299 1847 πᾶσαν
326 1815 436 1858 χεῖρα
470 1808 728 1856 στρατιωτικὴν
759 1811 832 1849 ἐξο-

169 1861 311 1901 πλίζειν
339 1858 375 1895 Π
403 1860 543 1904 168,15
615 1862 699 1905 χεὶρ
725 1860 831 1893 πολε-

168 1911 271 1955 μίων
291 1907 458 1944 hostium
482 1907 595 1943 turba
619 1907 638 1942 I
657 1908 715 1949 36,
733 1909 754 1942 7
790 1907 831 1941 ἐκ

169 1956 320 1992 πολλῶν
342 1955 482 2002 χειρῶν
497 1957 557 1990 καὶ
576 1951 771 2001 δυνάμεων
797 1954 831 1989 Π

169 2005 265 2048 85,6
304 2008 413 2050 χρεία
438 2006 498 2038 καὶ
522 2004 661 2050 χειρῶν
685 2005 745 2037 καὶ
771 2002 830 2036 δυ-

168 2049 322 2099 νάμεων
352 2052 387 2087 Π
422 2052 568 2095 328,18
625 2053 675 2089 εἰς
703 2055 832 2097 χεῖρας

170 2096 441 2184 ifigvfflvgggl
452 2113 484 2183 ἑι
503 2100 536 2134 Π
554 2099 633 2155 130,
645 2101 695 2154 52
710 2099 829 2155 1667.

317 2176 326 2184 .
426 2177 436 2192 ,
546 2161 565 2182 τ
591 2160 609 2186 ς
632 2160 695 2181 του
722 2159 829 2181 αυτο-

169 2176 346 2243 κριὶἷορος
379 2194 507 2243 χειρὸς
545 2161 675 2230 ἑΖυτὸν
712 2192 832 2229 ἁπαλ-

170 2242 313 2281 λάττειν
336 2244 355 2280 1
380 2245 496 2290 279‚9
537 2240 664 2289 πόρρω
690 2243 833 2277 δεσπο-

169 2293 270 2337 τικῆς
290 2293 419 2340 χειρὸς
441 2288 607 2338 γεγονώς
630 2290 665 2326 Π
694 2291 831 2333 137,19

169 2339 192 2386 ἡ
226 2340 431 2387 βαρβαρικὴ
465 2343 548 2387 χείρ
582 2340 600 2374 Ι
631 2339 754 2382 429,8
795 2338 832 2373 II

171 2391 291 2436 365,2
345 2390 408 2433 τῆς
433 2389 553 2431 δεινῆς
574 2388 647 2423 τῶν
671 2387 833 2421 Σκυθῶν

166 2435 296 2485 χειρός
311 2450 392 2474 τινα
409 2431 652 2472 ἀπαλλάττειν
665 2435 683 2470 Ι
696 2435 778 2478 405,
786 2434 831 2468 20

167 2488 253 2533 χεὶρ
267 2481 463 2533 τυραννική
475 2485 493 2520 Ι
508 2486 553 2519 27
556 2485 621 2528 5,8
646 2483 680 2518 Π
696 2483 776 2526 156,
787 2483 831 2517 17

122 2556 127 2558 -
170 2532 250 2589 ὅλῃ,
259 2537 361 2581 χειρί
379 2534 398 2569 I
422 2534 504 2577 280,
518 2534 541 2567 4
580 2529 644 2578 ὅλη
659 2533 755 2576 χειρὶ
772 2532 832 2564 καὶ

170 2594 278 2676 ἔξω
275 2583 334 2666 192I
347 2583 434 2677 332¹]
443 2579 832 2683 172111351125353323113’111

175 2680 259 2724 123,
272 2679 307 2715 5.
334 2679 417 2722 201,
434 2679 478 2712 10
527 2674 592 2724 ὅλῃ
616 2687 747 2723 γνωμῃ
773 2675 834 2708 καὶ

172 2723 277 2767 ὅλαις
298 2729 413 2774 χερσί
433 2726 451 2761 1
469 2725 527 2766 66,
543 2725 564 2760 7
589 2726 758 2770 γενναῖος
772 2723 834 2756 καὶ

169 2779 280 2822 χεῖρα
318 2776 379 2810 καὶ
423 2769 580 2820 γνώμην
615 2771 651 2811 II
687 2771 772 2817 217,
788 2769 833 2805 15

1510 205 1589 248 821

872 352 878 355 .
945 324 1006 357 καὶ
1028 327 1137 370 χεῖρα
1161 328 1221 361 καὶ
1235 323 1389 373 γνώμην
1405 325 1497 376 πρός
1512 343 1591 368 τινα

943 375 1208 416 μετατίθεσθαι
1234 374 1269 409 ΙΙ
1292 376 1373 419 236,
1388 379 1411 413 9
1452 379 1592 415 ἐλευθέ-

944 431 1020 463 ριος
1054 423 1115 454 καὶ
1143 418 1296 468 γνώμην
1325 428 1385 459 καὶ
1414 430 1520 471 χεῖρα
1557 426 1591 462 Π

945 467 1026 510 249,
1042 469 1082 501 11
1132 467 1153 511 ἡ
1179 471 1344 515 βασιλικὴ
1365 477 1446 519 χείρ
1471 475 1590 510 muni·

945 513 1090 570 fipentia
1104 517 1206 562 regia
1222 517 1255 552 Π
1268 519 1351 565 346,
1367 522 1407 555 11
1451 522 1590 566 δαψιλῆ

943 575 1010 606 την
1024 567 1132 608 χεῖρα
1150 568 1324 610 παρέχειν
1339 572 1412 604 τινί
1431 568 1464 604 Π
1481 571 1588 614 146,1

894 614 1133 658 χειραγωγίω
1159 612 1194 647 ΙΙ
1220 614 1300 658 342,
1317 617 1371 651 11.
1396 618 1477 662 347,
1490 618 1525 652 6.
1539 619 1562 653 8

894 658 1075 706 χειρίδων
1099 659 1132 694 Π
1159 661 1295 706 379,11

894 710 1110 754 χειροθεσία
1134 708 1152 743 I
1176 710 1293 751 66,13

894 759 1041 802 χεῖροντ
1074 752 1184 791 οὐδὲν
1214 757 1255 792 δὲ
1283 762 1410 803 χεῖρον
1442 760 1487 801 (ο.
1511 759 1593 803 inf.)

943 814 1018 838 non
1044 807 1168 839 autem
1193 805 1239 840 ab
1264 817 1305 840 re
1330 805 1444 841 fuerit
1468 807 1592 852 156,5

892 854 1111 898 χειροτονέω
1136 853 1287 888 nomino
1313 853 1345 888 n
1374 855 1512 899 183,19

891 902 1099 982 χειροόονιέι
1130 911 1306 936 manuum
1339 901 1528 948 impositio
1559 902 1592 938 11

944 949 990 981 24
1016 949 1058 989 ,1

893 991 1055 1042 χελώνης
1081 992 1220 1041 πύργος
1242 996 1277 1031 Π
1304 998 1383 1040 190,
1398 998 1445 1032 20

891 1041 1036 1090 χερμὰς
1059 1045 1163 1082 λίθος
1186 1044 1203 1079 I
1229 1045 1311 1089 358,
1327 1046 1371 1080 14

892 1087 1118 1138 χερρόνησος
1141 1092 1158 1126 Ι
1183 1091 1266 1137 203,
1285 1094 1326 1128 11

891 1142 1021 1186 χηρειά
1045 1138 1081 1174 Ῑ1
1106 1141 1187 1185 380,
1201 1141 1245 1174 17

891 1189 1165 1234 χθαμαλωτέρα
1189 1184 1279 1234 τύχη
1303 1188 1320 1222 1
1350 1189 1429 1234 196,
1444 1190 1488 1224 18

892 1235 990 1282 χθὲς
1011 1237 1073 1269 καὶ
1096 1231 1224 1280 πρώην
1252 1236 1270 1270 Ι
1295 1236 1423 1280 25,15.
1449 1237 1530 1280 431,
1549 1238 1593 1272 10

943 1285 1004 1318 καὶ
1027 1283 1122 1329 χθὲς
1137 1286 1197 1317 καὶ
1214 1278 1388 1330 πρὸτριτα
1412 1284 1430 1319 Ι
1456 1285 1590 1330 280,ss

893 1327 979 1378 χιλή
1004 1330 1039 1366 ΙΙ
1067 1332 1146 1374 185,
1162 1332 1206 1365 17

893 1374 1038 1426 χλαμὺς
1085 1378 1190 1414 miles
1236 1377 1488 1426 chlamydatus
1559 1380 1594 1416 11

945 1428 1027 1471 219,
1040 1427 1099 1460 22.
1124 1427 1206 1470 220,
1222 1428 1267 1461 10

893 1475 1030 1522 χλιδᾶν
1056 1474 1074 1509 1
1099 1475 1241 1519 257‚23

893 1518 1004 1570 χλιδή
1030 1522 1046 1558 Ι
1071 1523 1191 1567 258,2

894 1568 1069 1619 χνοάζειν
1093 1570 1111 1604 I
1136 1571 1255 1614 444,2

893 1615 1007 1666 χόλος
1020 1619 1061 1653 ἐν
1077 1619 1151 1663 ῥισὶ
1164 1613 1437 1663 ἔπικαθήμενος
1454 1618 1471 1653 Ι
1483 1619 1597 1663 220,4

894 1670 1070 1715 χορηγεῖν
1095 1666 1263 1710 δαψιλῶς
1286 1665 1322 1700 11
1347 1666 1430 1706 306,
1449 1667 1493 1700 12

893 1718 1051 1763 χορηγία
1075 1710 1243 1757 βασιλική
1267 1712 1303 1748 ΙΙ
1329 1714 1410 1756 347,
1425 1714 1448 1748 3
1484 1713 1596 1758 δαψι-

944 1759 1006 1807 λής
1029 1762 1065 1797 Π
1090 1762 1172 1804 360,
1189 1763 1236 1797 20

897 1810 962 1847 τὸν
988 1807 1107 1856 χορὸν
1137 1809 1210 1845 τῶν
1243 1807 1472 1853 στρατιωτῶν
1502 1819 1598 1847 τινος

945 1857 1153 1901 ἀπαρτίζειν
1175 1857 1211 1892 Π
1235 1856 1318 1899 245,
1334 1857 1357 1891 8
1404 1852 1502 1895 ἅπας
1524 1856 1598 1892 τῶν

947 1903 1109 1952 ῥητόρων
1130 1901 1246 1952 χορός
1270 1903 1287 1938 1
1311 1905 1393 1947 410,
1408 1904 1452 1939 19

894 1956 1130 2002 χορταγωγία
1178 1953 1196 1988 I
1246 1952 1324 1995 179,
1347 1953 1403 1986 14.
1460 1951 1539 1992 196,
1562 1951 1595 1986 9.

946 2004 1026 2046 340,
1035 2003 1069 2037 7.
1093 2002 1174 2042 343,
1188 2001 1231 2035 12
1256 2000 1293 2035 Π
1314 2000 1459 2044 109,22.
1485 1999 1597 2042 215,7
1615 2014 1623 2021 ·

895 2045 1138 2098 χορτάσματα
1154 2047 1190 2083 II
1207 2049 1287 2092 109,
1300 2049 1354 2083 16.
1384 2047 1597 2090 124,,19.22.

896 2149 1063 2194 χραίνειν
1084 2143 1147 2184 τὰς
1167 2148 1296 2191 χεῖρας
1319 2145 1476 2190 αἵμασιν
1499 2139 1597 2178 ἄναι-

944 2198 1034 2232 τίοις
1057 2193 1075 2228 Ι
1099 2194 1181 2235 447,
1197 2193 1220 2227 9

894 2243 993 2290 χρᾶν
1022 2244 1096 2276 τινί
1125 2254 1155 2275 τι
1190 2240 1356 2275 tribuere
1389 2237 1501 2274 alicui
1535 2235 1598 2272 nli·

945 2289 1036 2336 quid
1060 2289 1097 2324 11
1123 2289 1206 2329 237,
1224 2289 1246 2323 5

897 2337 940 2373 τὰ
980 2332 1141 2383 χρειώδη
1182 2336 1199 2370 1
1238 2336 1320 2377 340,
1337 2334 1393 2371 12.
1443 2332 1598 2374 343,12.

946 2387 1027 2427 355,
1044 2386 1066 2420 6
1090 2384 1126 2419 11
1147 2384 1226 2428 174,
1238 2385 1273 2419 3.
1298 2382 1446 2424 206,11.
1471 2380 1553 2435 248,
1563 2380 1597 2415 3.

945 2434 1029 2477 263,
1041 2433 1087 2466 22
1116 2430 1160 2466 τὰ
1177 2427 1270 2478 πρὸς
1283 2429 1419 2477 χρῆσιν
1437 2427 1598 2475 χρειωδη

947 2481 964 2516 1
989 2481 1073 2524 309,
1087 2481 1109 2514 7

894 2531 1096 2577 χρεωστεῖν
1118 2530 1245 2562 πίστιν
1267 2529 1340 2560 τινί
1362 2525 1398 2560 11
1422 2524 1481 2568 82,
1494 2523 1544 2558 20

894 2574 967 2625 χρή
993 2587 1078 2611 cum
1103 2574 1170 2610 inf.
1195 2573 1309 2609 futur.
1337 2573 1355 2608 Ι
1380 2572 1462 2627 207,
1477 2572 1501 2605 4

895 2624 1025 2673 χρῆμα
1050 2618 1099 2667 ἦν
1122 2621 1144 2666 ἡ
1167 2619 1257 2667 γυνὴ
1282 2624 1446 2668 φοβερον
1467 2619 1486 2655 1
1509 2617 1601 2662 ⁷¹22

945 2673 1076 2719 χρῆμα
1100 2670 1225 2715 (sing.)
1257 2668 1415 2714 pecunia
1438 2666 1455 2702 Ι
1480 2665 1602 2722 78,’16

898 2722 1111 2768 χρηματίζει
1135 2713 1300 2764 ἀδελφός
1330 2716 1367 2751 Π
1394 2715 1487 2758 15,2
1535 2725 1601 2769 αρ-

945 2771 1192 2815 χιεπίσκοπος
1213 2765 1232 2802 1
1257 2764 1340 2808 412,
1354 2764 1378 2799 2
1430 2765 1600 2810 γαμβρος
