1806 3132
287 235 372 280 536
806 245 986 297 CARQLI
1014 246 1256 282 DUGANGH

285 374 379 404 mus
407 361 574 413 urbem,·
598 361 697 406 haec
716 362 866 405 civitas
895 365 955 405 est
974 362 1020 405 in
1040 361 1192 418 quiro,
1215 363 1335 407 cuius
1356 378 1467 419 pars
1494 369 1555 409 est
1570 365 1769 418 Chaonia,

286 432 394 474 quae
422 422 520 462 ante
546 418 759 462 Molossia
788 418 903 463 dicta
932 423 1003 462 est.

205 475 208 477 ’
239 480 273 516 D
421 474 720 530 Διεπέρασεν]
774 476 958 519 Traieoit
1005 476 1160 520 iterum
1208 477 1415 522 Robertus
1462 479 1508 521 in
1556 479 1771 535 Illyricum

286 544 426 575 mense
458 531 705 588 Septembri,
731 546 840 576 anno
870 533 1032 576 scilicet
1062 533 1157 577 Chr.
1188 545 1452 579 MLXXXIHI.
1482 536 1531 578 ut
1561 537 1680 579 autor
1710 536 1772 578 est

285 588 517 632 Malaterra
548 589 620 632 lib.
644 591 682 632 3.
714 602 803 644 cap.
824 589 892 632 40.
936 589 1065 633 Gesta
1094 590 1139 632 in
1162 591 1242 634 hac
1268 592 1421 636 ultima
1451 592 1623 636 Roberti
1653 605 1772 647 expe-

285 645 444 689 ditione
462 646 610 689 multis
628 646 756 689 refert
776 645 1028 689 Guillelmus
1049 646 1176 702 Apul.
1197 649 1269 692 lib.
1289 648 1328 691 5.
1351 662 1458 704 quae
1485 649 1537 692 ad
1556 649 1772 692 illustran-

285 702 383 745 dam
413 702 583 746 Annam
613 703 792 759 integra‚
818 704 896 746 etsi
925 703 1164 758 prolixiora,
1209 706 1288 749 hoc
1331 706 1422 749 loco
1463 706 1632 756 damus;
1677 717 1771 748 cum

284 759 353 802 hio
382 759 575 816 egregius
602 759 802 815 Scripssor,
834 761 934 804 licet
975 761 1103 805 semel
1141 762 1291 816 editus,
1327 762 1440 806 haud
1476 763 1666 806 omnibus
1700 763 1773 806 ob-

284 816 378 860 vius
408 817 478 860 sit.

398 874 483 917 His
511 874 576 918 ita
602 874 816 929 completis
843 875 1008 919 animos
1036 875 1220 919 intendit
1248 876 1306 920 ad
1333 877 1445 920 illud

395 930 682 987 Propositum,
714 932 825 986 quod
854 936 988 976 mente
1017 933 1092 976 diu
1122 936 1332 977 tractarat
1361 934 1583 990 aqendum.

397 988 572 1031 Electos
593 989 729 1044 iyitur
757 993 925 1042 nautas,
957 993 996 1033 et
1024 1003 1127 1045 quos
1156 991 1295 1046 maqis
1323 995 1445 1045 aptos

397 1045 589 1089 Militiae
619 1047 747 1098 novit,
777 1060 916 1090 secum
938 1047 1046 1101 facit
1075 1048 1140 1090 ire
1169 1047 1411 1092 Tarentum.

397 1103 495 1145 Huc
525 1116 619 1146 cum
646 1107 767 1158 qente
795 1117 874 1147 sua
903 1105 1028 1147 navis
1057 1109 1307 1148 convenerat
1336 1105 1483 1148 omnis.

400 1159 567 1203 Classis
595 1160 843 1215 maynificos
871 1161 932 1204 ibi
962 1161 1219 1217 militiaeque
1246 1166 1431 1216 paratus

396 1216 595 1272 Instruit,
627 1218 822 1271 expensis
855 1231 983 1261 naves
1008 1218 1240 1272 implentur
1271 1223 1310 1262 et
1339 1220 1482 1262 armis.

395 1273 575 1316 Portum
603 1273 861 1327 Brundusii,
894 1276 966 1330 qui
995 1277 1126 1319 tutior
1155 1290 1241 1319 esse
1265 1277 1441 1329 videtur,

395 1331 481 1374 His
510 1331 731 1374 comitatus
760 1332 863 1375 adit.
907 1332 1112 1376 Transire
1141 1337 1306 1376 veretur
1335 1334 1571 1389 Hydrunti,

398 1387 487 1441 Quo
517 1388 682 1432 brevior
705 1393 978 1433 transcursus
1009 1394 1111 1443 erat,
1144 1392 1245 1445 quia
1272 1394 1434 1444 tempus
1466 1392 1611 1435 adesse

399 1444 603 1498 Coeperat
631 1444 852 1501 Autumni,
883 1447 1121 1502 tranquilla
1149 1452 1379 1491 recesserat
1407 1453 1557 1492 aestas.

404 1501 523 1546 Unde
551 1503 702 1546 timens
731 1504 908 1556 ratibus,
930 1518 1051 1548 mora
1069 1518 1123 1547 ne
1142 1519 1226 1559 qua
1254 1509 1419 1548 noceret
1436 1505 1661 1561 Hydrunti

394 1558 468 1601 Ex
497 1560 754 1613 tempestatis
782 1561 934 1604 subitis
962 1561 1211 1616 incursibus,
1231 1566 1360 1613 ortae,

393 1614 450 1659 In
475 1620 606 1670 portu
634 1620 723 1660 tuto
748 1617 800 1671 fit
831 1621 946 1661 tutus
976 1618 1108 1661 classe
1133 1623 1312 1674 recepta,

395 1672 607 1727 Expectat
627 1673 759 1726 flatus
782 1675 994 1728 prudenti
1022 1679 1157 1718 mente
1179 1676 1395 1720 secundos.

394 1729 502 1773 Inde
529 1730 785 1784 valefaciens
808 1733 934 1775 uxori
964 1731 1105 1776 littore
1129 1733 1274 1785 stanti,
1348 1754 1350 1759 ·

394 1786 672 1842 Restantique
701 1788 830 1831 simul
854 1789 1016 1843 populo
1048 1803 1141 1832 cum
1171 1790 1357 1845 coniuqe,
1390 1791 1523 1844 coepit

393 1843 585 1887 Finibus
608 1844 817 1889 Ausoniis
846 1846 935 1889 iam
964 1860 1050 1890 non
1078 1847 1296 1890 rediturus
1325 1846 1455 1890 abire.

392 1900 588 1945 Armatis
617 1906 782 1945 centum
807 1903 961 1958 viqinti
989 1903 1170 1947 navibus
1198 1917 1355 1958 aequor

397 1957 666 2012 Transfretat
695 1958 946 2016 Adriacum,
975 1961 1115 2016 qenito
1145 1961 1368 2005 comitante
1396 1960 1577 2017 Rostro,

394 2014 476 2068 Qui
495 2016 644 2068 patris
673 2029 760 2059 esse
787 2030 947 2072 sequax
976 2031 1193 2061 armorum
1223 2018 1483 2073 strenuitate,

393 2071 454 2114 Et
471 2072 652 2126 placida
681 2074 842 2116 cunctis
870 2073 1122 2127 affabilitate
1150 2075 1356 2118 studebat.

393 2126 533 2172 Duxit
552 2133 781 2183 praeterea
809 2144 949 2184 naves,
981 2132 1181 2175 oneraria
1211 2145 1392 2186 quarum

392 2184 484 2228 Lex
510 2190 613 2242 erat,
642 2186 721 2230 has
750 2190 790 2230 et
818 2188 934 2242 equis
961 2192 1211 2243 sumptuque
1238 2189 1415 2243 replevit
1444 2192 1483 2232 et
1512 2191 1657 2244 armis,

392 2241 454 2285 Et
483 2244 618 2286 variis
646 2243 783 2297 rebus,
815 2258 921 2299 quas
950 2246 1146 2300 aequoris
1176 2247 1308 2301 exigit
1336 2259 1450 2289 usus.

393 2297 586 2354 Aequore
615 2303 873 2344 transvectos
904 2303 1110 2346 exercitus
1140 2301 1212 2345 ille
1241 2303 1384 2358 coeyit,

396 2355 526 2408 Quem
554 2356 692 2400 Ducis
719 2358 878 2413 eqreqii
905 2359 1100 2403 servabat
1122 2358 1242 2412 silius
1269 2359 1392 2403 alter.

394 2412 586 2468 Eoeeqere
612 2413 703 2467 fere
730 2428 892 2458 menses
921 2416 969 2459 in
998 2416 1137 2459 littore
1167 2415 1299 2469 binos,

396 2469 657 2524 Tempestate
684 2472 810 2527 qravi
840 2472 994 2516 bellum
1021 2472 1193 2526 differre
1222 2474 1367 2517 coacti.

395 2526 611 2581 Temperie
631 2527 813 2582 placida
836 2533 1014 2583 portum
1041 2530 1240 2573 redeunte
1268 2530 1526 2585 relinquunt,

393 2583 453 2626 Et
482 2588 630 2628 contra
653 2585 852 2629 Venetum
880 2600 1009 2630 naves
1038 2586 1322 2642 Danaumque
1353 2587 1605 2633 Chelindros

397 2638 617 2684 Certamen
645 2642 797 2685 navale
817 2647 998 2697 parant.
1050 2643 1156 2687 Dux
1186 2645 1366 2699 quinque
1395 2645 1587 2689 triremes

394 2695 539 2748 Ducit,
571 2699 780 2742 ducendos
805 2701 1011 2744 commisit
1037 2701 1219 2756 quinque
1246 2701 1443 2757 Roqero:

394 2752 576 2798 Roberto
606 2756 778 2799 totidem
799 2756 946 2812 fratri,
977 2757 1148 2801 totidem
1175 2757 1435 2802 Boemundo.

393 2808 479 2852 His
508 2811 690 2856 aderant
719 2815 879 2858 ratium
905 2814 1117 2871 suffraqia
1146 2815 1293 2859 iuncta
1319 2816 1542 2860 minorum.
