1734 3120
173 219 253 262 308
677 225 842 260 ANNAE
872 223 1137 259 οοΜΝΕΝΑΕ

207 341 217 356 x
284 341 294 357 (
335 347 365 369 ἶ,
482 342 503 353 ,υ
715 337 724 351 x
831 336 840 350 x
897 334 908 349 2
990 338 997 349 r
1128 327 1144 348 3
1347 333 1357 348 Ι
1576 353 1585 360 .-
1622 329 1634 346 )

169 360 246 402 γαρ
273 361 296 387 ο
328 343 529 398 ...ολυμας
566 341 753 385 σοτλταν
791 355 870 399 την
897 341 1050 381 Λσιαν
1090 340 1224 388 αυθις
1268 337 1531 396 δῃωσασθαι
1577 352 1660 379 κακ

115 405 118 407 ‚
169 415 248 456 τοῦ
278 411 461 468 Χοροσᾶ
496 409 568 453 καὶ
602 411 683 453 τοῦ
714 404 873 451 Χάλεπ
909 403 1113 461 δυνάμεις
1152 405 1449 461 μετεκαλεῖτο,
1490 400 1537 447 εἴ
1567 420 1657 447 που

170 480 376 538 γενναίως
404 476 526 536 παρὰ
556 475 634 521 τὸν
661 472 963 530 αὐτοκράτορα
991 469 1352 531 ἄντικαταστῆναι
1373 471 1510 529 σχοίη.
1559 470 1659 514 ἐπεὶ

170 549 206 592 δ’
239 543 358 605 αὐτῷ
388 544 438 590 τὸ
472 549 563 589 πᾶν
592 547 672 602 τῆς
702 546 780 587 τοῦ
802 543 979 598 Σολυμᾶ
1013 537 1202 584 σουλταν
1220 541 1383 598 βουλῆς
1407 537 1524 595 πρός
1542 555 1661 590 τινος

170 613 442 674 διεμηνύθη,’
464 611 646 658 ἐσκόπει
668 613 740 656 καὶ
769 607 902 655 αὐτὸν
921 609 1048 666 μέχρι
1078 611 1158 652 τοῦ
1187 603 1367 652 ’[κονίου
1398 609 1656 663 στρατεῦσαι
1674 619 1695 653 5

170 685 244 728 καὶ
276 680 608 741 καρτερώτατον
636 678 714 724 τὸν
733 681 828 736 μετ’
851 678 986 721 αὐτοῦ
1007 674 1270 733 συναρράξαι
1292 674 1502 732 πόλεμον.
1538 679 1662 718 κεῖθι

129 751 249 810 Βγάρ
281 750 332 797 τὸ
365 748 650 797 σουλτανικόν
683 752 744 807 τῷ
769 744 1101 802 Κλιτζιασθλάν
1133 745 1480 802 οἷπομεμέριστο.
1538 740 1665 788 δυνά-

170 838 268 877 μεις
309 821 456 865 τοίνυν
496 820 545 875 ἐξ
571 814 836 862 ἀλλοδαπῶν
883 816 955 859 καὶ
1001 813 1336 874 μισθοφορικὸν
1379 815 1663 871 μετεκαλεῖτο

171 887 287 933 πολὺ
317 889 389 932 καὶ
422 886 472 932 τὸ
495 884 610 932 ἴδιον
642 883 890 943 στράτευμα
907 881 1192 938 πανταχόθεν
1212 883 1541 940 μετεπέμπετο.
1571 884 1664 925 κατ’

171 952 369 1015 ἀλλήλων
400 948 476 1000 οὖν
506 952 771 1014 ἀμφοτέρων
796 956 885 995 τῶν
917 954 1172 1009 στρατηγῶν
1199 950 1276 1011 τὴν
1304 951 1488 1009 μελέτην
1508 967 1665 994 ποιου-
1679 955 1724 991 10

170 1026 314 1081 μένων
345 1023 392 1068 ἐν
421 1027 483 1082 τῷ
514 1020 676 1079 μεταξὺ
707 1018 757 1064 τό
789 1018 981 1078 σύνηθες
1010 1014 1178 1077 ἄλγημα
1206 1021 1297 1062 τῶν
1327 1020 1482 1063 ποδῶν
1508 1018 1665 1075 συνέβη

170 1097 233 1151 τῷ
265 1089 567 1150 αὐτοκράτορι.
625 1092 696 1134 καὶ
728 1086 932 1145 δυνάμεις
963 1085 1280 1143 ἁπανταχόθεν
1309 1089 1388 1145 μὲν
1420 1088 1664 1144 συνέρρεον,

170 1157 279 1205 ἀλλὰ
309 1159 417 1204 κατὰ
449 1161 637 1218 στράγγα
669 1160 740 1202 καὶ
773 1153 852 1201 οὐκ
883 1154 1058 1213 ἁθρόον
1087 1155 1160 1201 διὰ
1198 1155 1250 1201 τό
1283 1153 1441 1214 πόρρω
1472 1173 1561 1199 που
1589 1153 1668 1207 τὰς

171 1232 300 1287 σφῶν
343 1224 454 1273 εἶναι
496 1229 739 1284 πατρίδας·
786 1224 889 1286 ἠδέ
920 1243 966 1283 γε
999 1221 1131 1283 ὀδύνη
1173 1219 1358 1282 α’πεῖργε
1406 1227 1566 1267 τοῦτον
1613 1218 1665 1266 οὗ

172 1298 256 1340 τοῦ
288 1297 582 1354 προκειμένου
610 1297 746 1352 μόνον
771 1293 982 1352 ἅψασθαι
1010 1296 1197 1346 σκοποῦ,
1237 1288 1348 1337 ἀλλὰ
1379 1293 1451 1336 καὶ
1479 1294 1559 1335 τοῦ
1588 1294 1726 1346 fiac-15

174 1366 308 1421 δίζειν
337 1365 502 1417 ἁπλῶς.
548 1365 620 1408 καὶ
651 1360 855 1421 κλινήρης
886 1359 948 1406 ὢν
977 1356 1145 1420 ἤχθετο
1179 1356 1231 1406 οὗ
1252 1363 1470 1405 τοσοῦτον
1501 1359 1573 1403 διὰ
1591 1356 1670 1417 τὴν

134 1435 266 1484 Οτιῦν
294 1436 449 1478 ποδῶν
480 1432 776 1489 ’περιωδυνίαν
798 1428 970 1475 ὁπόσον
1001 1429 1073 1475 διὰ
1102 1428 1180 1490 την
1199 1426 1418 1489 ἀναβολὴν
1449 1430 1528 1473 τοῦ
1559 1425 1670 1471 κατὰ

174 1504 263 1546 τῶν
294 1500 530 1559 βαρβάρων
562 1500 702 1559 ἔργου.
778 1495 857 1543 οὐκ
899 1498 1112 1544 ἐλάνθανε
1151 1500 1288 1543 ταῦτα
1327 1496 1407 1542 τόν
1446 1495 1670 1555 βάρβαρον

174 1569 521 1627 Κλιτζιασθλάν·
569 1569 703 1615 ἔνθεν
746 1586 816 1613 τοιΥ
859 1569 932 1612 καὶ
972 1563 1270 1628 άμεριμνησας
1314 1569 1364 1611 τὸ
1410 1565 1556 1622 παρὸν
1588 1565 1668 1623 τήν

170 1634 324 1684 Ἀσίαν
351 1637 526 1684 ἅπασαν
559 1638 763 1696 ἐληίζετο,
803 1634 986 1690 ἑπτάκις
1015 1634 1125 1680 κατὰ
1166 1637 1258 1679 τῶν
1290 1636 1570 1693 Χριστιανῶν
1599 1634 1667 1678 ἐκ·
1680 1642 1727 1677 20

172 1706 338 1764 δρομὰς
368 1704 684 1765 ποιησάμενος.
750 1706 820 1749 καὶ
855 1704 935 1762 γὰρ
978 1699 1194 1749 οὐδέποτε
1235 1704 1311 1748 ἐπὶ
1356 1706 1572 1748 τοσοῦτον
1613 1700 1664 1745 τό

172 1770 302 1834 ἄλγος
347 1776 488 1820 ἐκεῖνο
526 1773 603 1820 τὸν
645 1772 949 1833 αὐτοκράτορα
993 1775 1222 1830 κατέσχεν·
1268 1775 1315 1818 ἐκ
1357 1770 1665 1831 διαστημάτων

307 1915 340 1949 2.
370 1915 527 1961 Χορασᾶ
542 1914 581 1960 Ρ,
611 1913 768 1950 correxi.
875 1915 907 1949 4.
933 1912 1072 1959 βουλὴν
1085 1913 1128 1959 C;
1154 1925 1250 1949 corr.
1265 1924 1313 1948 m.
1329 1914 1363 1948 2.
1470 1912 1502 1946 7.
1531 1912 1666 1952 Κλιτζι-

307 1964 429 1999 αθλᾶν
453 1963 491 1998 Ρ.
638 1962 670 1998 8.
696 1964 931 2010 μειεκαλεῖτο
946 1962 983 2003 C,
1010 1963 1268 2010 μετακαλεῖται
1280 1960 1321 1996 P.
1466 1961 1519 1994 15.
1544 1956 1668 2007 μόνον

309 2012 457 2058 scripsi:
482 2007 603 2058 μόνου
619 2011 687 2047 GP.
807 2012 861 2045 16.
890 2009 957 2055 τὴν
982 2010 1067 2047 add.
1094 2023 1140 2046 m.
1168 2010 1190 2046 2
1215 2010 1254 2045 in
1283 2009 1322 2045 G.
1448 2009 1500 2043 19.
1529 2009 1666 2048 Κλιτζι-

308 2061 456 2095 ασθλᾶν
481 2059 521 2105 Ρ,
548 2057 780 2101 κλιτζισθλὰν
807 2059 843 2095 C.
1135 2077 1137 2080 >
1431 2082 1434 2085 -

176 2199 340 2246 Solymas
360 2200 458 2234 enim
479 2199 647 2234 sultanus
667 2199 804 2234 iterum
820 2200 948 2234 Asiam
968 2198 1262 2245 depraedaturus
1283 2197 1410 2243 copias
1424 2208 1444 2231 c
1459 2196 1668 2232 Chorosane

177 2247 385 2294 Chalepque
425 2248 666 2289 convocabat,
708 2248 739 2283 si
777 2247 876 2283 forte
909 2259 1088 2294 prospere
1127 2248 1165 2282 in
1195 2247 1458 2292 imperatorem
1499 2257 1667 2291 pugnare

177 2301 321 2342 posset;
349 2308 421 2342 quo
447 2300 528 2331 toto
556 2296 693 2331 sultani
719 2296 873 2331 consilio
910 2296 1035 2332 delato
1073 2297 1152 2342 ipse
1181 2296 1229 2331 ad
1257 2295 1423 2331 Iconium
1450 2306 1574 2339 usque,
1603 2294 1667 2328 ubi

179 2345 468 2380 Clitziasthlanis
497 2345 685 2380 sultanicii
711 2344 800 2380 fines
826 2349 942 2388 erant,
978 2347 1100 2380 castra
1129 2356 1276 2380 movere
1301 2346 1339 2379 et
1365 2343 1543 2378 acerrime
1583 2354 1666 2377 cum
1695 2384 1697 2387 ι

179 2405 220 2428 eo
245 2393 423 2440 congredi
450 2394 667 2439 constituit3
693 2394 850 2439 ideoque
876 2394 993 2439 copiis
1019 2405 1064 2429 ex
1093 2392 1312 2439 alienigenis
1338 2391 1502 2427 collectis
1522 2391 1663 2425 multis-

178 2453 249 2487 que
278 2442 460 2477 militibus
486 2442 653 2477 mercede
687 2442 880 2477 conductis
915 2442 1112 2488 proprium
1149 2453 1296 2488 quoque
1328 2440 1534 2476 exercitum
1561 2439 1667 2474 undi-

180 2501 250 2535 que
275 2491 409 2537 coegit.
453 2490 516 2525 sed
543 2490 633 2525 dum
660 2491 769 2525 ambo
795 2490 906 2526 duces
943 2491 1118 2526 certatim
1144 2490 1283 2526 bellum
1311 2488 1555 2531 meditantur,
1582 2499 1666 2523 con-

179 2542 303 2574 suetus
345 2539 481 2584 pedum
520 2538 627 2574 dolor
664 2539 886 2584 imperatori
926 2539 1088 2584 accidit3
1130 2542 1167 2574 et
1207 2537 1478 2574 conveniebant
1515 2536 1666 2583 quidem

178 2588 316 2632 copiae,
334 2587 396 2622 sed
411 2587 546 2622 sensim
563 2588 818 2633 guttatimque
835 2588 952 2633 quasi,
966 2599 1040 2623 non
1056 2599 1130 2622 una
1145 2598 1283 2631 omnes,
1303 2597 1387 2622 cum
1398 2585 1523 2631 patria
1538 2596 1665 2620 eorum

178 2635 287 2681 longe
314 2635 466 2670 abesset.
516 2635 623 2670 dolor
649 2639 773 2670 autem
806 2635 1035 2682 impediebat
1073 2648 1155 2671 eum
1197 2647 1272 2671 non
1299 2634 1429 2679 solum,
1469 2634 1667 2679 quominus

179 2684 409 2729 propositum
437 2687 693 2729 exequeretur,
730 2684 793 2719 sed
833 2685 955 2730 etiam,
987 2696 1032 2720 ne
1059 2684 1247 2720 incederet
1285 2683 1458 2727 omnino;
1497 2682 1666 2727 lectoque

179 2730 313 2766 affixus
338 2731 488 2767 dolebat
513 2744 587 2767 non
614 2735 691 2767 tam
718 2733 765 2767 ob
793 2733 930 2778 pedum
968 2733 1148 2777 dolorem,
1189 2743 1300 2778 quam
1339 2730 1440 2777 quod
1477 2730 1666 2775 expeditio

178 2780 218 2815 in
247 2780 426 2815 barbaros
464 2780 716 2816 differebatur.
783 2793 849 2817 nec
888 2781 987 2827 fugit
1024 2781 1063 2817 id
1099 2780 1416 2816 Clitziasthlanem
1451 2778 1666 2822 barbarum,

179 2828 245 2874 qui
271 2831 411 2874 septem
435 2829 475 2863 in
500 2828 730 2864 Christianos
765 2830 1046 2865 excursionibus
1074 2829 1183 2865 factis
1215 2831 1335 2865 totam
1362 2828 1488 2864 Asiam
1515 2839 1557 2862 eo
1583 2828 1667 2872 ipso

179 2879 349 2923 tempore
375 2888 524 2912 securus
551 2878 741 2923 vastabat3
780 2890 899 2924 neque
934 2878 1025 2914 alias
1052 2889 1229 2924 umquam
1267 2880 1395 2913 tantus
1420 2875 1527 2912 dolor
1552 2876 1667 2922 impe-

1720 2930 1734 2946 „

1719 3089 1734 3120 ,ᾗ
