<?xml version="1.0" encoding="UTF-8"?>
<!DOCTYPE html PUBLIC "-//W3C//DTD XHTML 1.0 Transitional//EN"
    "http://www.w3.org/TR/xhtml1/DTD/xhtml1-transitional.dtd">
<html xmlns="http://www.w3.org/1999/xhtml" xml:lang="en" lang="en">
 <head>
  <title>
</title>
<meta http-equiv="Content-Type" content="text/html;charset=utf-8" />
  <meta name='ocr-system' content='tesseract 3.04.00' />
  <meta name='ocr-capabilities' content='ocr_page ocr_carea ocr_par ocr_line ocrx_word'/>
</head>
<body>
  <div class='ocr_page' id='page_1' title='image "./corpusscriptorum03niebuoft_0711.png"; bbox 0 0 1806 3132; ppageno 0'>
   <div class='ocr_carea' id='block_1_1' title="bbox 518 231 1536 273">
    <p class='ocr_par' dir='ltr' id='par_1_1' title="bbox 518 231 1536 273">
     <span class='ocr_line' id='line_1_1' title="bbox 518 231 1536 273; baseline 0.004 -4"><span class='ocrx_word' id='word_1_1' title='bbox 518 236 573 270; x_wconf 78' lang='lat' dir='ltr'><em>m</em></span> <span class='ocrx_word' id='word_1_2' title='bbox 601 234 888 269; x_wconf 79' lang='lat' dir='ltr'>ALEXIADEM</span> <span class='ocrx_word' id='word_1_3' title='bbox 917 236 1078 270; x_wconf 76' lang='lat' dir='ltr'>NOTAE</span> <span class='ocrx_word' id='word_1_4' title='bbox 1453 231 1536 273; x_wconf 86' lang='lat'><em>693</em></span> 
     </span>
    </p>
   </div>
   <div class='ocr_carea' id='block_1_2' title="bbox 54 349 1543 2883">
    <p class='ocr_par' dir='ltr' id='par_1_2' title="bbox 54 349 1543 2883">
     <span class='ocr_line' id='line_1_2' title="bbox 63 349 1535 408; baseline 0 -12"><span class='ocrx_word' id='word_1_5' title='bbox 63 351 283 396; x_wconf 71' lang='lat' dir='ltr'><em>Diaconos</em></span> <span class='ocrx_word' id='word_1_6' title='bbox 309 353 471 403; x_wconf 83' lang='lat' dir='ltr'><em>vocant,</em></span> <span class='ocrx_word' id='word_1_7' title='bbox 502 349 556 394; x_wconf 88' lang='lat' dir='ltr'><em>ab</em></span> <span class='ocrx_word' id='word_1_8' title='bbox 575 350 691 394; x_wconf 84' lang='lat' dir='ltr'><em>omni</em></span> <span class='ocrx_word' id='word_1_9' title='bbox 718 349 889 404; x_wconf 75' lang='lat' dir='ltr'><em>reqione</em></span> <span class='ocrx_word' id='word_1_10' title='bbox 916 353 1063 393; x_wconf 89' lang='lat' dir='ltr'><em>nostra</em></span> <span class='ocrx_word' id='word_1_11' title='bbox 1087 352 1255 405; x_wconf 85' lang='lat' dir='ltr'><em>penitus</em></span> <span class='ocrx_word' id='word_1_12' title='bbox 1273 352 1535 408; x_wconf 75' lang='lat' dir='ltr'><em>abroqamus,</em></span> 
     </span>
     <span class='ocr_line' id='line_1_3' title="bbox 59 406 1536 464; baseline 0 -12"><span class='ocrx_word' id='word_1_13' title='bbox 59 408 196 452; x_wconf 87' lang='lat' dir='ltr'><em>solum</em></span> <span class='ocrx_word' id='word_1_14' title='bbox 222 408 284 451; x_wconf 86' lang='lat' dir='ltr'><em>eis</em></span> <span class='ocrx_word' id='word_1_15' title='bbox 306 407 594 462; x_wconf 85' lang='lat' dir='ltr'><em>poenitentiae</em></span> <span class='ocrx_word' id='word_1_16' title='bbox 623 406 942 449; x_wconf 75' lang='lat' dir='ltr'><em>benedictionem</em></span> <span class='ocrx_word' id='word_1_17' title='bbox 969 406 1230 460; x_wconf 83' lang='lat' dir='ltr'><em>imponendo.</em></span> <span class='ocrx_word' id='word_1_18' title='bbox 1276 409 1302 450; x_wconf 93' lang='lat' dir='ltr'><em>i.</em></span> <span class='ocrx_word' id='word_1_19' title='bbox 1333 409 1536 464; x_wconf 89' lang='lat' dir='ltr'><em>quomodo</em></span> 
     </span>
     <span class='ocr_line' id='line_1_4' title="bbox 60 462 1538 521; baseline 0.001 -13"><span class='ocrx_word' id='word_1_20' title='bbox 60 463 368 521; x_wconf 79' lang='lat' dir='ltr'><em>poenitentibus</em></span> <span class='ocrx_word' id='word_1_21' title='bbox 398 475 547 506; x_wconf 88' lang='lat' dir='ltr'><em>manus</em></span> <span class='ocrx_word' id='word_1_22' title='bbox 577 463 736 518; x_wconf 90' lang='lat' dir='ltr'><em>imponi</em></span> <span class='ocrx_word' id='word_1_23' title='bbox 762 463 879 505; x_wconf 90' lang='lat' dir='ltr'><em>solet.</em></span> <span class='ocrx_word' id='word_1_24' title='bbox 926 462 1107 506; x_wconf 86' lang='lat' dir='ltr'>Proinde</span> <span class='ocrx_word' id='word_1_25' title='bbox 1127 465 1296 506; x_wconf 79' lang='lat' dir='ltr'><em>verbum</em></span> <span class='ocrx_word' id='word_1_26' title='bbox 1326 478 1538 509; x_wconf 88' lang='lat' dir='ltr'><em>eonsecra-</em></span> 
     </span>
     <span class='ocr_line' id='line_1_5' title="bbox 61 518 1537 575; baseline 0 -10"><span class='ocrx_word' id='word_1_27' title='bbox 61 522 190 565; x_wconf 82' lang='lat' dir='ltr'><em>tiom&#39;s</em></span> <span class='ocrx_word' id='word_1_28' title='bbox 229 520 290 564; x_wconf 85' lang='lat' dir='ltr'><em>ita</em></span> <span class='ocrx_word' id='word_1_29' title='bbox 336 519 623 575; x_wconf 89' lang='lat' dir='ltr'><em>accipiendum</em></span> <span class='ocrx_word' id='word_1_30' title='bbox 675 520 840 563; x_wconf 86' lang='lat' dir='ltr'><em>constat</em></span> <span class='ocrx_word' id='word_1_31' title='bbox 889 518 999 573; x_wconf 88' lang='lat' dir='ltr'><em>apud</em></span> <span class='ocrx_word' id='word_1_32' title='bbox 1036 520 1313 564; x_wconf 84' lang='lat' dir='ltr'><em>Fortunatum</em></span> <span class='ocrx_word' id='word_1_33' title='bbox 1362 521 1406 563; x_wconf 92' lang='lat' dir='ltr'><em>in</em></span> <span class='ocrx_word' id='word_1_34' title='bbox 1449 522 1537 565; x_wconf 84' lang='lat' dir='ltr'><em>vita</em></span> 
     </span>
     <span class='ocr_line' id='line_1_6' title="bbox 62 575 1539 632; baseline -0.001 -11"><span class='ocrx_word' id='word_1_35' title='bbox 62 577 243 622; x_wconf 80' lang='lat' dir='ltr'><em>Sanctae</em></span> <span class='ocrx_word' id='word_1_36' title='bbox 268 576 539 632; x_wconf 88' lang='lat' dir='ltr'><em>Radegundis</em></span> <span class='ocrx_word' id='word_1_37' title='bbox 571 589 661 631; x_wconf 87' lang='lat' dir='ltr'><em>cap.</em></span> <span class='ocrx_word' id='word_1_38' title='bbox 683 577 750 618; x_wconf 84' lang='lat'><em>22.</em></span> <span class='ocrx_word' id='word_1_39' title='bbox 781 575 881 618; x_wconf 89' lang='lat' dir='ltr'><em>dum</em></span> <span class='ocrx_word' id='word_1_40' title='bbox 910 578 1068 626; x_wconf 88' lang='lat' dir='ltr'><em>narrat,</em></span> <span class='ocrx_word' id='word_1_41' title='bbox 1104 576 1152 618; x_wconf 84' lang='lat' dir='ltr'><em>ut</em></span> <span class='ocrx_word' id='word_1_42' title='bbox 1179 577 1279 619; x_wconf 86' lang='lat' dir='ltr'><em>haec</em></span> <span class='ocrx_word' id='word_1_43' title='bbox 1308 577 1375 631; x_wconf 89' lang='lat' dir='ltr'><em>pia</em></span> <span class='ocrx_word' id='word_1_44' title='bbox 1406 577 1539 620; x_wconf 87' lang='lat' dir='ltr'><em>Fran-</em></span> 
     </span>
     <span class='ocr_line' id='line_1_7' title="bbox 63 631 1540 689; baseline -0.001 -11"><span class='ocrx_word' id='word_1_45' title='bbox 63 647 205 678; x_wconf 82' lang='lat' dir='ltr'><strong>corum</strong></span> <span class='ocrx_word' id='word_1_46' title='bbox 235 633 398 689; x_wconf 87' lang='lat' dir='ltr'><em>Regina</em></span> <span class='ocrx_word' id='word_1_47' title='bbox 432 632 488 675; x_wconf 93' lang='lat' dir='ltr'><em>B.</em></span> <span class='ocrx_word' id='word_1_48' title='bbox 512 632 773 676; x_wconf 87' lang='lat' dir='ltr'><em>Medardum</em></span> <span class='ocrx_word' id='word_1_49' title='bbox 801 631 1117 675; x_wconf 85' lang='lat' dir='ltr'><em>Noviomensem</em></span> <span class='ocrx_word' id='word_1_50' title='bbox 1151 632 1408 687; x_wconf 71' lang='lat' dir='ltr'><em>Episcopum</em></span> <span class='ocrx_word' id='word_1_51' title='bbox 1442 647 1540 687; x_wconf 89' lang='lat' dir='ltr'><em>sup-</em></span> 
     </span>
     <span class='ocr_line' id='line_1_8' title="bbox 54 688 1540 746; baseline -0.001 -12"><span class='ocrx_word' id='word_1_52' title='bbox 54 691 282 746; x_wconf 78' lang='lat' dir='ltr'><em>plicaverit</em></span> <span class='ocrx_word' id='word_1_53' title='bbox 316 690 538 741; x_wconf 71' lang='lat' dir='ltr'><em>instanter,</em></span> <span class='ocrx_word' id='word_1_54' title='bbox 582 693 629 732; x_wconf 91' lang='lat' dir='ltr'><em>ut</em></span> <span class='ocrx_word' id='word_1_55' title='bbox 674 690 812 743; x_wconf 88' lang='lat' dir='ltr'><em>ipsam</em></span> <span class='ocrx_word' id='word_1_56' title='bbox 854 692 1014 731; x_wconf 86' lang='lat' dir='ltr'><em>mutata</em></span> <span class='ocrx_word' id='word_1_57' title='bbox 1054 693 1161 731; x_wconf 85' lang='lat' dir='ltr'><em>veste</em></span> <span class='ocrx_word' id='word_1_58' title='bbox 1188 688 1370 732; x_wconf 87' lang='lat' dir='ltr'><em>Domino</em></span> <span class='ocrx_word' id='word_1_59' title='bbox 1399 703 1540 732; x_wconf 86' lang='lat' dir='ltr'><em>conse-</em></span> 
     </span>
     <span class='ocr_line' id='line_1_9' title="bbox 61 744 1542 796; baseline -0.002 -5"><span class='ocrx_word' id='word_1_60' title='bbox 61 750 211 792; x_wconf 87' lang='lat' dir='ltr'><em>craret.</em></span> <span class='ocrx_word' id='word_1_61' title='bbox 273 745 380 790; x_wconf 86' lang='lat' dir='ltr'><em>Cum</em></span> <span class='ocrx_word' id='word_1_62' title='bbox 409 746 520 790; x_wconf 91' lang='lat' dir='ltr'><em>enim</em></span> <span class='ocrx_word' id='word_1_63' title='bbox 557 746 757 789; x_wconf 80' lang='lat' dir='ltr'><em>abnueret</em></span> <span class='ocrx_word' id='word_1_64' title='bbox 801 744 843 788; x_wconf 87' lang='lat' dir='ltr'><em>S.</em></span> <span class='ocrx_word' id='word_1_65' title='bbox 885 744 1122 796; x_wconf 89' lang='lat' dir='ltr'><em>Medardus,</em></span> <span class='ocrx_word' id='word_1_66' title='bbox 1165 746 1334 788; x_wconf 79' lang='lat' dir='ltr'><em>intrans</em></span> <span class='ocrx_word' id='word_1_67' title='bbox 1375 745 1453 788; x_wconf 91' lang='lat' dir='ltr'><em>illa</em></span> <span class='ocrx_word' id='word_1_68' title='bbox 1494 747 1542 788; x_wconf 86' lang='lat' dir='ltr'><em>in</em></span> 
     </span>
     <span class='ocr_line' id='line_1_10' title="bbox 62 801 1541 855; baseline -0.001 -8"><span class='ocrx_word' id='word_1_69' title='bbox 62 804 311 848; x_wconf 79' lang='lat' dir='ltr'><em>Sacrarium</em></span> <span class='ocrx_word' id='word_1_70' title='bbox 337 802 584 846; x_wconf 79' lang='lat' dir='ltr'><em>monachica</em></span> <span class='ocrx_word' id='word_1_71' title='bbox 612 806 720 846; x_wconf 77' lang='lat' dir='ltr'><em>veste</em></span> <span class='ocrx_word' id='word_1_72' title='bbox 739 802 944 854; x_wconf 76' lang='lat' dir='ltr'><em>induitur,</em></span> <span class='ocrx_word' id='word_1_73' title='bbox 972 801 1161 854; x_wconf 78' lang='lat' dir='ltr'><em>procedit</em></span> <span class='ocrx_word' id='word_1_74' title='bbox 1190 802 1248 844; x_wconf 88' lang='lat' dir='ltr'><em>ad</em></span> <span class='ocrx_word' id='word_1_75' title='bbox 1267 801 1411 855; x_wconf 87' lang='lat' dir='ltr'><em>altare,</em></span> <span class='ocrx_word' id='word_1_76' title='bbox 1431 801 1541 845; x_wconf 89' lang='lat' dir='ltr'><em>Bea-</em></span> 
     </span>
     <span class='ocr_line' id='line_1_11' title="bbox 61 858 1541 912; baseline -0.003 -7"><span class='ocrx_word' id='word_1_77' title='bbox 61 865 150 905; x_wconf 90' lang='lat' dir='ltr'><em>tum</em></span> <span class='ocrx_word' id='word_1_78' title='bbox 178 860 440 904; x_wconf 83' lang='lat' dir='ltr'><em>Medardum</em></span> <span class='ocrx_word' id='word_1_79' title='bbox 467 859 534 902; x_wconf 78' lang='lat' dir='ltr'><em>his</em></span> <span class='ocrx_word' id='word_1_80' title='bbox 562 859 700 902; x_wconf 83' lang='lat' dir='ltr'><em>verbis</em></span> <span class='ocrx_word' id='word_1_81' title='bbox 735 858 975 912; x_wconf 78' lang='lat' dir='ltr'><em>alloquitur,</em></span> <span class='ocrx_word' id='word_1_82' title='bbox 1009 858 1170 900; x_wconf 86' lang='lat' dir='ltr'><em>dicens.-</em></span> <span class='ocrx_word' id='word_1_83' title='bbox 1214 858 1264 901; x_wconf 84' lang='lat' dir='ltr'><em>Si</em></span> <span class='ocrx_word' id='word_1_84' title='bbox 1300 871 1363 901; x_wconf 87' lang='lat' dir='ltr'><em>me</em></span> <span class='ocrx_word' id='word_1_85' title='bbox 1405 871 1541 900; x_wconf 85' lang='lat' dir='ltr'><em>consc-</em></span> 
     </span>
     <span class='ocr_line' id='line_1_12' title="bbox 62 914 1543 970; baseline -0.003 -9"><span class='ocrx_word' id='word_1_86' title='bbox 62 931 184 962; x_wconf 86' lang='lat' dir='ltr'><em>crarc</em></span> <span class='ocrx_word' id='word_1_87' title='bbox 206 916 436 969; x_wconf 74' lang='lat' dir='ltr'><em>distuleris,</em></span> <span class='ocrx_word' id='word_1_88' title='bbox 469 919 509 959; x_wconf 88' lang='lat' dir='ltr'><em>et</em></span> <span class='ocrx_word' id='word_1_89' title='bbox 529 915 634 970; x_wconf 84' lang='lat' dir='ltr'><em>plus</em></span> <span class='ocrx_word' id='word_1_90' title='bbox 661 915 878 968; x_wconf 82' lang='lat' dir='ltr'><em>hominem,</em></span> <span class='ocrx_word' id='word_1_91' title='bbox 919 928 1045 968; x_wconf 79' lang='lat' dir='ltr'><em>quam</em></span> <span class='ocrx_word' id='word_1_92' title='bbox 1074 914 1212 957; x_wconf 89' lang='lat' dir='ltr'><em>Deum</em></span> <span class='ocrx_word' id='word_1_93' title='bbox 1251 914 1449 968; x_wconf 81' lang='lat' dir='ltr'><em>timueris,</em></span> <span class='ocrx_word' id='word_1_94' title='bbox 1492 914 1543 957; x_wconf 89' lang='lat' dir='ltr'><em>de</em></span> 
     </span>
     <span class='ocr_line' id='line_1_13' title="bbox 61 971 1540 1031; baseline -0.003 -13"><span class='ocrx_word' id='word_1_95' title='bbox 61 988 192 1018; x_wconf 89' lang='lat' dir='ltr'><em>manu</em></span> <span class='ocrx_word' id='word_1_96' title='bbox 219 977 294 1018; x_wconf 84' lang='lat' dir='ltr'><em>tua</em></span> <span class='ocrx_word' id='word_1_97' title='bbox 327 987 356 1016; x_wconf 91' lang='lat' dir='ltr'><em>a</em></span> <span class='ocrx_word' id='word_1_98' title='bbox 379 977 556 1031; x_wconf 78' lang='lat' dir='ltr'><em>pastore</em></span> <span class='ocrx_word' id='word_1_99' title='bbox 594 973 682 1015; x_wconf 87' lang='lat' dir='ltr'><em>ovis</em></span> <span class='ocrx_word' id='word_1_100' title='bbox 722 973 866 1015; x_wconf 84' lang='lat' dir='ltr'><em>anima</em></span> <span class='ocrx_word' id='word_1_101' title='bbox 900 972 1146 1025; x_wconf 82' lang='lat' dir='ltr'><em>requiretur.</em></span> <span class='ocrx_word' id='word_1_102' title='bbox 1215 971 1303 1025; x_wconf 73' lang='lat' dir='ltr'><em>Quo</em></span> <span class='ocrx_word' id='word_1_103' title='bbox 1338 971 1410 1014; x_wconf 80' lang='lat' dir='ltr'><em>ille</em></span> <span class='ocrx_word' id='word_1_104' title='bbox 1447 983 1540 1014; x_wconf 89' lang='lat' dir='ltr'><em>con-</em></span> 
     </span>
     <span class='ocr_line' id='line_1_14' title="bbox 62 1028 1543 1081; baseline -0.004 -6"><span class='ocrx_word' id='word_1_105' title='bbox 62 1030 298 1075; x_wconf 80' lang='lat' dir='ltr'><em>testationis</em></span> <span class='ocrx_word' id='word_1_106' title='bbox 326 1043 549 1074; x_wconf 87' lang='lat' dir='ltr'><em>concussus</em></span> <span class='ocrx_word' id='word_1_107' title='bbox 579 1030 775 1080; x_wconf 85' lang='lat' dir='ltr'><em>tonitruo,</em></span> <span class='ocrx_word' id='word_1_108' title='bbox 814 1041 944 1070; x_wconf 79' lang='lat' dir='ltr'><em>nianu</em></span> <span class='ocrx_word' id='word_1_109' title='bbox 973 1028 1252 1081; x_wconf 85' lang='lat' dir='ltr'><em>superposita,</em></span> <span class='ocrx_word' id='word_1_110' title='bbox 1291 1028 1543 1070; x_wconf 85' lang='lat' dir='ltr'><em>consecravit</em></span> 
     </span>
     <span class='ocr_line' id='line_1_15' title="bbox 61 1082 1540 1139; baseline -0.005 -7"><span class='ocrx_word' id='word_1_111' title='bbox 61 1087 324 1132; x_wconf 77' lang='lat' dir='ltr'><em>Diaconum.-</em></span> <span class='ocrx_word' id='word_1_112' title='bbox 353 1086 398 1130; x_wconf 88' lang='lat' dir='ltr'><em>id</em></span> <span class='ocrx_word' id='word_1_113' title='bbox 427 1087 504 1138; x_wconf 88' lang='lat' dir='ltr'><em>est,</em></span> <span class='ocrx_word' id='word_1_114' title='bbox 535 1098 685 1129; x_wconf 88' lang='lat' dir='ltr'><em>manus</em></span> <span class='ocrx_word' id='word_1_115' title='bbox 704 1084 982 1139; x_wconf 77' lang='lat' dir='ltr'><em>impositione.</em></span> <span class='ocrx_word' id='word_1_116' title='bbox 1028 1084 1088 1126; x_wconf 89' lang='lat' dir='ltr'><em>At</em></span> <span class='ocrx_word' id='word_1_117' title='bbox 1106 1097 1126 1126; x_wconf 91' lang='lat' dir='ltr'><em>e</em></span> <span class='ocrx_word' id='word_1_118' title='bbox 1148 1085 1291 1126; x_wconf 89' lang='lat' dir='ltr'><em>contra</em></span> <span class='ocrx_word' id='word_1_119' title='bbox 1311 1082 1540 1126; x_wconf 80' lang='lat' dir='ltr'><em>benedictio</em></span> 
     </span>
     <span class='ocr_line' id='line_1_16' title="bbox 61 1138 1539 1200; baseline -0.004 -13"><span class='ocrx_word' id='word_1_120' title='bbox 61 1157 135 1200; x_wconf 90' lang='lat' dir='ltr'><em>pro</em></span> <span class='ocrx_word' id='word_1_121' title='bbox 164 1143 427 1188; x_wconf 87' lang='lat' dir='ltr'><em>ordinatione</em></span> <span class='ocrx_word' id='word_1_122' title='bbox 457 1142 639 1186; x_wconf 84' lang='lat' dir='ltr'><em>sumitur</em></span> <span class='ocrx_word' id='word_1_123' title='bbox 667 1142 711 1184; x_wconf 92' lang='lat' dir='ltr'><em>in</em></span> <span class='ocrx_word' id='word_1_124' title='bbox 743 1141 928 1184; x_wconf 83' lang='lat' dir='ltr'><em>Concilio</em></span> <span class='ocrx_word' id='word_1_125' title='bbox 959 1139 1250 1183; x_wconf 82' lang='lat' dir='ltr'><em>Aurelianensi</em></span> <span class='ocrx_word' id='word_1_126' title='bbox 1269 1140 1326 1182; x_wconf 94' lang='lat' dir='ltr'><em>II.</em></span> <span class='ocrx_word' id='word_1_127' title='bbox 1357 1138 1456 1182; x_wconf 88' lang='lat' dir='ltr'><em>Can.</em></span> <span class='ocrx_word' id='word_1_128' title='bbox 1476 1140 1539 1182; x_wconf 88' lang='lat'><em>17.</em></span> 
     </span>
     <span class='ocr_line' id='line_1_17' title="bbox 61 1196 1540 1256; baseline -0.004 -11"><span class='ocrx_word' id='word_1_129' title='bbox 61 1201 290 1245; x_wconf 87' lang='lat' dir='ltr'><em>Foeminae</em></span> <span class='ocrx_word' id='word_1_130' title='bbox 319 1213 425 1256; x_wconf 76' lang='lat' dir='ltr'><em>quae</em></span> <span class='ocrx_word' id='word_1_131' title='bbox 449 1199 773 1243; x_wconf 83' lang='lat' dir='ltr'><em>benedictionem</em></span> <span class='ocrx_word' id='word_1_132' title='bbox 787 1197 1054 1241; x_wconf 88' lang='lat' dir='ltr'><em>Diaconatus</em></span> <span class='ocrx_word' id='word_1_133' title='bbox 1082 1197 1280 1239; x_wconf 79' lang='lat' dir='ltr'><em>hactenus</em></span> <span class='ocrx_word' id='word_1_134' title='bbox 1305 1199 1449 1239; x_wconf 89' lang='lat' dir='ltr'><em>contra</em></span> <span class='ocrx_word' id='word_1_135' title='bbox 1476 1196 1540 1239; x_wconf 84' lang='lat' dir='ltr'><em>in-</em></span> 
     </span>
     <span class='ocr_line' id='line_1_18' title="bbox 61 1252 1542 1309; baseline -0.005 -7"><span class='ocrx_word' id='word_1_136' title='bbox 61 1258 240 1302; x_wconf 87' lang='lat' dir='ltr'><em>terdicta</em></span> <span class='ocrx_word' id='word_1_137' title='bbox 281 1255 500 1301; x_wconf 84' lang='lat' dir='ltr'><em>Ganonum</em></span> <span class='ocrx_word' id='word_1_138' title='bbox 545 1258 803 1309; x_wconf 81' lang='lat' dir='ltr'><em>acceperunt,</em></span> <span class='ocrx_word' id='word_1_139' title='bbox 849 1255 888 1296; x_wconf 85' lang='lat' dir='ltr'><em>si</em></span> <span class='ocrx_word' id='word_1_140' title='bbox 930 1254 987 1296; x_wconf 89' lang='lat' dir='ltr'><em>ad</em></span> <span class='ocrx_word' id='word_1_141' title='bbox 1029 1254 1268 1307; x_wconf 76' lang='lat' dir='ltr'><em>coniuyium</em></span> <span class='ocrx_word' id='word_1_142' title='bbox 1301 1252 1542 1306; x_wconf 78' lang='lat' dir='ltr'><em>probantur</em></span> 
     </span>
     <span class='ocr_line' id='line_1_19' title="bbox 61 1307 1542 1373; baseline -0.007 -14"><span class='ocrx_word' id='word_1_143' title='bbox 61 1316 214 1359; x_wconf 80' lang='lat' dir='ltr'><em>iterum</em></span> <span class='ocrx_word' id='word_1_144' title='bbox 243 1314 470 1373; x_wconf 57' lang='lat' dir='ltr'><em>devolutae,</em></span> <span class='ocrx_word' id='word_1_145' title='bbox 501 1327 529 1356; x_wconf 90' lang='lat' dir='ltr'><em>a</em></span> <span class='ocrx_word' id='word_1_146' title='bbox 557 1313 843 1356; x_wconf 79' lang='lat' dir='ltr'><em>communione</em></span> <span class='ocrx_word' id='word_1_147' title='bbox 866 1310 1096 1364; x_wconf 80' lang='lat' dir='ltr'><em>pellantur.</em></span> <span class='ocrx_word' id='word_1_148' title='bbox 1140 1310 1194 1352; x_wconf 92' lang='lat' dir='ltr'><em>Et</em></span> <span class='ocrx_word' id='word_1_149' title='bbox 1225 1308 1324 1352; x_wconf 85' lang='lat' dir='ltr'><em>Can.</em></span> <span class='ocrx_word' id='word_1_150' title='bbox 1344 1309 1408 1350; x_wconf 90' lang='grc'><em>18.</em></span> <span class='ocrx_word' id='word_1_151' title='bbox 1438 1307 1542 1351; x_wconf 87' lang='lat' dir='ltr'><em>Pla-</em></span> 
     </span>
     <span class='ocr_line' id='line_1_20' title="bbox 64 1364 1541 1424; baseline -0.006 -9"><span class='ocrx_word' id='word_1_152' title='bbox 64 1372 150 1415; x_wconf 85' lang='lat' dir='ltr'><em>cuit</em></span> <span class='ocrx_word' id='word_1_153' title='bbox 176 1371 303 1414; x_wconf 84' lang='lat' dir='ltr'><em>etiam</em></span> <span class='ocrx_word' id='word_1_154' title='bbox 321 1374 368 1414; x_wconf 88' lang='lat' dir='ltr'><em>ut</em></span> <span class='ocrx_word' id='word_1_155' title='bbox 393 1369 504 1413; x_wconf 89' lang='lat' dir='ltr'><em>nulli</em></span> <span class='ocrx_word' id='word_1_156' title='bbox 524 1369 797 1424; x_wconf 86' lang='lat' dir='ltr'><em>postmodum</em></span> <span class='ocrx_word' id='word_1_157' title='bbox 818 1367 1027 1421; x_wconf 77' lang='lat' dir='ltr'><em>foeminae</em></span> <span class='ocrx_word' id='word_1_158' title='bbox 1045 1365 1298 1409; x_wconf 83' lang='lat' dir='ltr'><em>Diaconolis</em></span> <span class='ocrx_word' id='word_1_159' title='bbox 1317 1364 1541 1408; x_wconf 86' lang='lat' dir='ltr'><em>benedictio</em></span> 
     </span>
     <span class='ocr_line' id='line_1_21' title="bbox 54 1420 1541 1483; baseline -0.007 -11"><span class='ocrx_word' id='word_1_160' title='bbox 54 1442 141 1483; x_wconf 87' lang='lat' dir='ltr'><em>pro</em></span> <span class='ocrx_word' id='word_1_161' title='bbox 181 1428 437 1471; x_wconf 87' lang='lat' dir='ltr'><em>conditionis</em></span> <span class='ocrx_word' id='word_1_162' title='bbox 465 1427 591 1470; x_wconf 78' lang='lat' dir='ltr'><em>huius</em></span> <span class='ocrx_word' id='word_1_163' title='bbox 634 1425 873 1480; x_wconf 71' lang='lat' dir='ltr'><em>frayilitate</em></span> <span class='ocrx_word' id='word_1_164' title='bbox 901 1423 1110 1467; x_wconf 87' lang='lat' dir='ltr'><em>credatur.</em></span> <span class='ocrx_word' id='word_1_165' title='bbox 1166 1422 1397 1465; x_wconf 86' lang='lat' dir='ltr'><em>Damnatos</em></span> <span class='ocrx_word' id='word_1_166' title='bbox 1441 1420 1541 1463; x_wconf 91' lang='lat' dir='ltr'><em>olim</em></span> 
     </span>
     <span class='ocr_line' id='line_1_22' title="bbox 64 1476 1543 1540; baseline -0.007 -12"><span class='ocrx_word' id='word_1_167' title='bbox 64 1484 362 1540; x_wconf 83' lang='lat' dir='ltr'><em>Gataphryges,</em></span> <span class='ocrx_word' id='word_1_168' title='bbox 398 1483 508 1539; x_wconf 92' lang='lat' dir='ltr'><em>quod</em></span> <span class='ocrx_word' id='word_1_169' title='bbox 539 1482 733 1525; x_wconf 89' lang='lat' dir='ltr'><em>mulieres</em></span> <span class='ocrx_word' id='word_1_170' title='bbox 771 1494 887 1536; x_wconf 86' lang='lat' dir='ltr'><em>posse</em></span> <span class='ocrx_word' id='word_1_171' title='bbox 918 1479 1126 1522; x_wconf 88' lang='lat' dir='ltr'><em>Diaconas</em></span> <span class='ocrx_word' id='word_1_172' title='bbox 1164 1477 1347 1521; x_wconf 90' lang='lat' dir='ltr'><em>ordinari</em></span> <span class='ocrx_word' id='word_1_173' title='bbox 1376 1476 1543 1531; x_wconf 81' lang='lat' dir='ltr'><em>profite-</em></span> 
     </span>
     <span class='ocr_line' id='line_1_23' title="bbox 63 1532 1541 1594; baseline -0.007 -9"><span class='ocrx_word' id='word_1_174' title='bbox 63 1542 220 1594; x_wconf 86' lang='lat' dir='ltr'><em>rentur,</em></span> <span class='ocrx_word' id='word_1_175' title='bbox 241 1542 366 1584; x_wconf 89' lang='lat' dir='ltr'><em>autor</em></span> <span class='ocrx_word' id='word_1_176' title='bbox 383 1540 448 1583; x_wconf 85' lang='lat' dir='ltr'><em>est</em></span> <span class='ocrx_word' id='word_1_177' title='bbox 469 1540 519 1582; x_wconf 90' lang='lat' dir='ltr'><em>D.</em></span> <span class='ocrx_word' id='word_1_178' title='bbox 541 1539 789 1582; x_wconf 87' lang='lat' dir='ltr'><em>Ambrosius</em></span> <span class='ocrx_word' id='word_1_179' title='bbox 819 1538 861 1579; x_wconf 90' lang='lat' dir='ltr'><em>in</em></span> <span class='ocrx_word' id='word_1_180' title='bbox 893 1549 979 1590; x_wconf 90' lang='lat' dir='ltr'><em>cap.</em></span> <span class='ocrx_word' id='word_1_181' title='bbox 1001 1537 1039 1578; x_wconf 89' lang='lat'><em>3.</em></span> <span class='ocrx_word' id='word_1_182' title='bbox 1070 1535 1200 1590; x_wconf 86' lang='lat' dir='ltr'><em>Epist.</em></span> <span class='ocrx_word' id='word_1_183' title='bbox 1225 1535 1261 1577; x_wconf 91' lang='lat' dir='ltr'><em>l.</em></span> <span class='ocrx_word' id='word_1_184' title='bbox 1291 1533 1344 1576; x_wconf 89' lang='lat' dir='ltr'><em>ad</em></span> <span class='ocrx_word' id='word_1_185' title='bbox 1362 1532 1541 1575; x_wconf 88' lang='lat' dir='ltr'><em>Timoth.</em></span> 
     </span>
     <span class='ocr_line' id='line_1_24' title="bbox 63 1589 1542 1654; baseline -0.008 -12"><span class='ocrx_word' id='word_1_186' title='bbox 63 1611 191 1654; x_wconf 89' lang='lat' dir='ltr'><em>quam</em></span> <span class='ocrx_word' id='word_1_187' title='bbox 222 1597 424 1641; x_wconf 83' lang='lat' dir='ltr'><em>haeresim</em></span> <span class='ocrx_word' id='word_1_188' title='bbox 456 1595 681 1651; x_wconf 90' lang='lat' dir='ltr'><em>Acephalis</em></span> <span class='ocrx_word' id='word_1_189' title='bbox 711 1594 904 1637; x_wconf 84' lang='lat' dir='ltr'><em>tribuunt</em></span> <span class='ocrx_word' id='word_1_190' title='bbox 932 1592 1149 1635; x_wconf 85' lang='lat' dir='ltr'><em>Marianus</em></span> <span class='ocrx_word' id='word_1_191' title='bbox 1182 1591 1332 1633; x_wconf 82' lang='lat' dir='ltr'><em>Scotus</em></span> <span class='ocrx_word' id='word_1_192' title='bbox 1361 1590 1403 1632; x_wconf 88' lang='lat' dir='ltr'><em>et</em></span> <span class='ocrx_word' id='word_1_193' title='bbox 1424 1589 1542 1644; x_wconf 88' lang='lat' dir='ltr'><em>Sige-</em></span> 
     </span>
     <span class='ocr_line' id='line_1_25' title="bbox 62 1644 1541 1709; baseline -0.008 -11"><span class='ocrx_word' id='word_1_194' title='bbox 62 1655 218 1699; x_wconf 86' lang='lat' dir='ltr'><em>bertus.</em></span> <span class='ocrx_word' id='word_1_195' title='bbox 292 1653 550 1709; x_wconf 84' lang='lat' dir='ltr'><em>Epiphanius</em></span> <span class='ocrx_word' id='word_1_196' title='bbox 607 1652 846 1695; x_wconf 89' lang='lat' dir='ltr'><em>Salaminae</em></span> <span class='ocrx_word' id='word_1_197' title='bbox 883 1648 1005 1705; x_wconf 87' lang='lat' dir='ltr'><em>Cypri</em></span> <span class='ocrx_word' id='word_1_198' title='bbox 1048 1648 1274 1702; x_wconf 85' lang='lat' dir='ltr'><em>Episcopus</em></span> <span class='ocrx_word' id='word_1_199' title='bbox 1316 1646 1446 1700; x_wconf 84' lang='lat' dir='ltr'><em>Epist.</em></span> <span class='ocrx_word' id='word_1_200' title='bbox 1489 1644 1541 1687; x_wconf 90' lang='lat' dir='ltr'><em>ad</em></span> 
     </span>
     <span class='ocr_line' id='line_1_26' title="bbox 63 1701 1540 1765; baseline -0.009 -10"><span class='ocrx_word' id='word_1_201' title='bbox 63 1713 209 1755; x_wconf 87' lang='lat' dir='ltr'><em>Ioann.</em></span> <span class='ocrx_word' id='word_1_202' title='bbox 240 1711 379 1765; x_wconf 77' lang='lat' dir='ltr'><em>Episc.</em></span> <span class='ocrx_word' id='word_1_203' title='bbox 411 1709 616 1752; x_wconf 87' lang='lat' dir='ltr'><em>Hierosol.</em></span> <span class='ocrx_word' id='word_1_204' title='bbox 649 1722 731 1763; x_wconf 87' lang='lat' dir='ltr'><em>qua</em></span> <span class='ocrx_word' id='word_1_205' title='bbox 763 1707 879 1750; x_wconf 87' lang='lat' dir='ltr'><em>varia</em></span> <span class='ocrx_word' id='word_1_206' title='bbox 921 1705 1000 1748; x_wconf 88' lang='lat' dir='ltr'><em>sibi</em></span> <span class='ocrx_word' id='word_1_207' title='bbox 1040 1704 1200 1747; x_wconf 85' lang='lat' dir='ltr'><em>obiecta</em></span> <span class='ocrx_word' id='word_1_208' title='bbox 1231 1701 1375 1744; x_wconf 78' lang='lat' dir='ltr'><em>diluit:</em></span> <span class='ocrx_word' id='word_1_209' title='bbox 1418 1701 1540 1743; x_wconf 87' lang='lat' dir='ltr'><em>Nun-</em></span> 
     </span>
     <span class='ocr_line' id='line_1_27' title="bbox 63 1757 1542 1824; baseline -0.009 -12"><span class='ocrx_word' id='word_1_210' title='bbox 63 1782 189 1824; x_wconf 79' lang='lat' dir='ltr'><em>quam</em></span> <span class='ocrx_word' id='word_1_211' title='bbox 217 1771 356 1811; x_wconf 89' lang='lat' dir='ltr'><em>autem</em></span> <span class='ocrx_word' id='word_1_212' title='bbox 385 1780 459 1822; x_wconf 75' lang='lat' dir='ltr'><em>eqo</em></span> <span class='ocrx_word' id='word_1_213' title='bbox 504 1766 702 1809; x_wconf 86' lang='lat' dir='ltr'><em>ordinavi</em></span> <span class='ocrx_word' id='word_1_214' title='bbox 729 1763 1020 1812; x_wconf 83' lang='lat' dir='ltr'><em>Diaconissas‚</em></span> <span class='ocrx_word' id='word_1_215' title='bbox 1065 1764 1102 1803; x_wconf 90' lang='lat' dir='ltr'><em>et</em></span> <span class='ocrx_word' id='word_1_216' title='bbox 1144 1760 1201 1803; x_wconf 89' lang='lat' dir='ltr'><em>ad</em></span> <span class='ocrx_word' id='word_1_217' title='bbox 1242 1758 1405 1801; x_wconf 85' lang='lat' dir='ltr'><em>alienas</em></span> <span class='ocrx_word' id='word_1_218' title='bbox 1446 1757 1542 1800; x_wconf 80' lang='lat' dir='ltr'><em>misi</em></span> 
     </span>
     <span class='ocr_line' id='line_1_28' title="bbox 56 1814 1539 1880; baseline -0.009 -11"><span class='ocrx_word' id='word_1_219' title='bbox 56 1825 322 1880; x_wconf 82' lang='lat' dir='ltr'><em>provincias,</em></span> <span class='ocrx_word' id='word_1_220' title='bbox 366 1837 498 1878; x_wconf 81' lang='lat' dir='ltr'><em>neque</em></span> <span class='ocrx_word' id='word_1_221' title='bbox 544 1822 628 1876; x_wconf 81' lang='lat' dir='ltr'><em>feci</em></span> <span class='ocrx_word' id='word_1_222' title='bbox 673 1821 892 1876; x_wconf 76' lang='lat' dir='ltr'><em>quicquam</em></span> <span class='ocrx_word' id='word_1_223' title='bbox 935 1821 981 1860; x_wconf 91' lang='lat' dir='ltr'><em>ut</em></span> <span class='ocrx_word' id='word_1_224' title='bbox 1023 1816 1255 1860; x_wconf 84' lang='lat' dir='ltr'><em>Ecclesiam</em></span> <span class='ocrx_word' id='word_1_225' title='bbox 1299 1814 1539 1857; x_wconf 85' lang='lat' dir='ltr'><em>scinderem.</em></span> 
     </span>
     <span class='ocr_line' id='line_1_29' title="bbox 63 1871 1542 1928; baseline -0.009 -4"><span class='ocrx_word' id='word_1_226' title='bbox 63 1881 244 1924; x_wconf 86' lang='lat' dir='ltr'><em>Proinde</em></span> <span class='ocrx_word' id='word_1_227' title='bbox 273 1893 357 1924; x_wconf 89' lang='lat' dir='ltr'><em>non</em></span> <span class='ocrx_word' id='word_1_228' title='bbox 386 1880 471 1924; x_wconf 89' lang='lat' dir='ltr'><em>alia</em></span> <span class='ocrx_word' id='word_1_229' title='bbox 501 1879 670 1922; x_wconf 87' lang='lat' dir='ltr'><em>notione</em></span> <span class='ocrx_word' id='word_1_230' title='bbox 704 1889 844 1920; x_wconf 86' lang='lat' dir='ltr'><em>vocem</em></span> <span class='ocrx_word' id='word_1_231' title='bbox 875 1875 1140 1928; x_wconf 81' lang='grc' dir='ltr'><em>χειροτονεῖν</em></span> <span class='ocrx_word' id='word_1_232' title='bbox 1169 1871 1412 1925; x_wconf 75' lang='lat' dir='ltr'><em>usurpatam</em></span> <span class='ocrx_word' id='word_1_233' title='bbox 1443 1882 1542 1912; x_wconf 91' lang='lat' dir='ltr'><em>con-</em></span> 
     </span>
     <span class='ocr_line' id='line_1_30' title="bbox 62 1926 1540 1992; baseline -0.01 -10"><span class='ocrx_word' id='word_1_234' title='bbox 62 1938 150 1981; x_wconf 83' lang='lat' dir='ltr'><em>stat</em></span> <span class='ocrx_word' id='word_1_235' title='bbox 180 1951 205 1981; x_wconf 90' lang='lat' dir='ltr'><em>a</em></span> <span class='ocrx_word' id='word_1_236' title='bbox 235 1937 498 1992; x_wconf 84' lang='lat' dir='ltr'><em>Theophane,</em></span> <span class='ocrx_word' id='word_1_237' title='bbox 546 1935 648 1978; x_wconf 92' lang='lat' dir='ltr'><em>dum</em></span> <span class='ocrx_word' id='word_1_238' title='bbox 690 1934 751 1977; x_wconf 88' lang='lat' dir='ltr'><em>ait</em></span> <span class='ocrx_word' id='word_1_239' title='bbox 783 1930 1084 1987; x_wconf 79' lang='lat' dir='ltr'><em>Chrysaphium</em></span> <span class='ocrx_word' id='word_1_240' title='bbox 1129 1927 1306 1971; x_wconf 85' lang='lat' dir='ltr'><em>suasisse</em></span> <span class='ocrx_word' id='word_1_241' title='bbox 1334 1926 1540 1969; x_wconf 89' lang='lat' dir='ltr'><em>Eudociae</em></span> 
     </span>
     <span class='ocr_line' id='line_1_31' title="bbox 63 1980 1537 2050; baseline -0.012 -12"><span class='ocrx_word' id='word_1_242' title='bbox 63 1995 295 2050; x_wconf 74' lang='lat' dir='ltr'><em>Augustae,</em></span> <span class='ocrx_word' id='word_1_243' title='bbox 332 1994 381 2037; x_wconf 84' lang='lat' dir='ltr'><em>ut</em></span> <span class='ocrx_word' id='word_1_244' title='bbox 412 2008 438 2037; x_wconf 90' lang='lat' dir='ltr'><em>a</em></span> <span class='ocrx_word' id='word_1_245' title='bbox 465 1992 681 2036; x_wconf 84' lang='lat' dir='ltr'><em>Marciano</em></span> <span class='ocrx_word' id='word_1_246' title='bbox 729 1990 903 2043; x_wconf 82' lang='lat' dir='ltr'><em>coniuge</em></span> <span class='ocrx_word' id='word_1_247' title='bbox 945 1986 1150 2030; x_wconf 85' lang='lat' dir='ltr'><em>obtineret</em></span> <span class='ocrx_word' id='word_1_248' title='bbox 1195 1982 1431 2036; x_wconf 69' lang='grc' dir='ltr'><strong><em>ἐπιτρέψαι</em></strong></span> <span class='ocrx_word' id='word_1_249' title='bbox 1475 1980 1537 2037; x_wconf 77' lang='grc' dir='ltr'><em>τῷ</em></span> 
     </span>
     <span class='ocr_line' id='line_1_32' title="bbox 63 2038 1541 2111; baseline -0.01 -17"><span class='ocrx_word' id='word_1_250' title='bbox 63 2046 320 2108; x_wconf 81' lang='grc' dir='ltr'><strong><em>Πατριάρχῃ</em></strong></span> <span class='ocrx_word' id='word_1_251' title='bbox 344 2050 649 2107; x_wconf 78' lang='grc' dir='ltr'><strong><em>χειροτονῆσαι</em></strong></span> <span class='ocrx_word' id='word_1_252' title='bbox 674 2040 807 2111; x_wconf 68' lang='grc' dir='ltr'><strong><em>αὖτῂν</em></strong></span> <span class='ocrx_word' id='word_1_253' title='bbox 846 2039 1059 2092; x_wconf 77' lang='grc' dir='ltr'><strong><em>διάκονον,</em></strong></span> <span class='ocrx_word' id='word_1_254' title='bbox 1103 2042 1151 2083; x_wconf 85' lang='lat' dir='ltr'><em>ut</em></span> <span class='ocrx_word' id='word_1_255' title='bbox 1183 2052 1288 2095; x_wconf 84' lang='lat' dir='ltr'><em>quae</em></span> <span class='ocrx_word' id='word_1_256' title='bbox 1318 2038 1436 2093; x_wconf 86' lang='lat' dir='ltr'><em>virgo</em></span> <span class='ocrx_word' id='word_1_257' title='bbox 1465 2038 1541 2081; x_wconf 86' lang='lat' dir='ltr'><em>ad·</em></span> 
     </span>
     <span class='ocr_line' id='line_1_33' title="bbox 62 2095 1540 2158; baseline -0.012 -6"><span class='ocrx_word' id='word_1_258' title='bbox 62 2108 145 2151; x_wconf 90' lang='lat' dir='ltr'><em>huc</em></span> <span class='ocrx_word' id='word_1_259' title='bbox 175 2108 302 2158; x_wconf 83' lang='lat' dir='ltr'><em>esset3</em></span> <span class='ocrx_word' id='word_1_260' title='bbox 333 2107 393 2150; x_wconf 90' lang='lat' dir='ltr'><em>sic</em></span> <span class='ocrx_word' id='word_1_261' title='bbox 419 2107 547 2150; x_wconf 88' lang='lat' dir='ltr'><em>etiam</em></span> <span class='ocrx_word' id='word_1_262' title='bbox 579 2106 622 2147; x_wconf 91' lang='lat' dir='ltr'><em>in</em></span> <span class='ocrx_word' id='word_1_263' title='bbox 646 2103 831 2147; x_wconf 79' lang='lat' dir='ltr'><em>Concilio</em></span> <span class='ocrx_word' id='word_1_264' title='bbox 852 2098 1150 2143; x_wconf 87' lang='lat' dir='ltr'><em>Wormatiensi</em></span> <span class='ocrx_word' id='word_1_265' title='bbox 1183 2096 1339 2140; x_wconf 84' lang='lat' dir='ltr'><em>Canon.</em></span> <span class='ocrx_word' id='word_1_266' title='bbox 1355 2095 1423 2137; x_wconf 89' lang='lat'><em>45.</em></span> <span class='ocrx_word' id='word_1_267' title='bbox 1453 2108 1540 2137; x_wconf 87' lang='lat' dir='ltr'><em>ma-</em></span> 
     </span>
     <span class='ocr_line' id='line_1_34' title="bbox 63 2150 1540 2219; baseline -0.01 -12"><span class='ocrx_word' id='word_1_268' title='bbox 63 2179 145 2208; x_wconf 91' lang='lat' dir='ltr'><em>nus</em></span> <span class='ocrx_word' id='word_1_269' title='bbox 173 2165 388 2219; x_wconf 85' lang='lat' dir='ltr'><em>impositio</em></span> <span class='ocrx_word' id='word_1_270' title='bbox 411 2164 454 2206; x_wconf 92' lang='lat' dir='ltr'><em>in</em></span> <span class='ocrx_word' id='word_1_271' title='bbox 486 2160 743 2206; x_wconf 88' lang='lat' dir='ltr'><em>Diaconissis</em></span> <span class='ocrx_word' id='word_1_272' title='bbox 773 2157 904 2212; x_wconf 88' lang='lat' dir='ltr'><em>accipi</em></span> <span class='ocrx_word' id='word_1_273' title='bbox 934 2156 1065 2198; x_wconf 86' lang='lat' dir='ltr'><em>debet.</em></span> <span class='ocrx_word' id='word_1_274' title='bbox 1123 2154 1262 2207; x_wconf 80' lang='lat' dir='ltr'><em>Atque</em></span> <span class='ocrx_word' id='word_1_275' title='bbox 1301 2151 1396 2193; x_wconf 91' lang='lat' dir='ltr'><em>inde</em></span> <span class='ocrx_word' id='word_1_276' title='bbox 1438 2150 1540 2193; x_wconf 89' lang='lat' dir='ltr'><em>Dia-</em></span> 
     </span>
     <span class='ocr_line' id='line_1_35' title="bbox 65 2206 1540 2276; baseline -0.012 -11"><span class='ocrx_word' id='word_1_277' title='bbox 65 2221 260 2276; x_wconf 89' lang='lat' dir='ltr'><em>conissas,</em></span> <span class='ocrx_word' id='word_1_278' title='bbox 289 2220 388 2264; x_wconf 90' lang='lat' dir='ltr'><em>licet</em></span> <span class='ocrx_word' id='word_1_279' title='bbox 415 2220 460 2262; x_wconf 92' lang='lat' dir='ltr'><em>in</em></span> <span class='ocrx_word' id='word_1_280' title='bbox 481 2219 665 2262; x_wconf 83' lang='lat' dir='ltr'><em>Ecclesia</em></span> <span class='ocrx_word' id='word_1_281' title='bbox 697 2216 1039 2271; x_wconf 84' lang='lat' dir='ltr'><em>qualemcumque</em></span> <span class='ocrx_word' id='word_1_282' title='bbox 1068 2210 1253 2253; x_wconf 90' lang='lat' dir='ltr'><em>ordinem</em></span> <span class='ocrx_word' id='word_1_283' title='bbox 1275 2206 1540 2257; x_wconf 78' lang='lat' dir='ltr'><em>confecerint,</em></span> 
     </span>
     <span class='ocr_line' id='line_1_36' title="bbox 64 2263 1538 2332; baseline -0.013 -10"><span class='ocrx_word' id='word_1_284' title='bbox 64 2279 113 2321; x_wconf 88' lang='lat' dir='ltr'><em>ut</em></span> <span class='ocrx_word' id='word_1_285' title='bbox 133 2278 195 2321; x_wconf 87' lang='lat' dir='ltr'><em>ait</em></span> <span class='ocrx_word' id='word_1_286' title='bbox 210 2277 482 2332; x_wconf 87' lang='lat' dir='ltr'><em>Epiphanius,</em></span> <span class='ocrx_word' id='word_1_287' title='bbox 500 2275 635 2319; x_wconf 84' lang='lat' dir='ltr'><em>Laicis</em></span> <span class='ocrx_word' id='word_1_288' title='bbox 654 2272 843 2317; x_wconf 82' lang='lat' dir='ltr'><em>accenset</em></span> <span class='ocrx_word' id='word_1_289' title='bbox 860 2268 1093 2313; x_wconf 88' lang='lat' dir='ltr'><em>Concilium</em></span> <span class='ocrx_word' id='word_1_290' title='bbox 1106 2266 1336 2309; x_wconf 85' lang='lat' dir='ltr'><em>Nicaenum</em></span> <span class='ocrx_word' id='word_1_291' title='bbox 1357 2263 1455 2306; x_wconf 89' lang='lat' dir='ltr'><em>Can.</em></span> <span class='ocrx_word' id='word_1_292' title='bbox 1476 2263 1538 2305; x_wconf 87' lang='lat'><em>19.</em></span> 
     </span>
     <span class='ocr_line' id='line_1_37' title="bbox 66 2318 1540 2390; baseline -0.014 -11"><span class='ocrx_word' id='word_1_293' title='bbox 66 2335 210 2390; x_wconf 89' lang='lat' dir='ltr'><em>Neque</em></span> <span class='ocrx_word' id='word_1_294' title='bbox 238 2333 426 2377; x_wconf 87' lang='lat' dir='ltr'><em>diversae</em></span> <span class='ocrx_word' id='word_1_295' title='bbox 454 2334 552 2376; x_wconf 89' lang='lat' dir='ltr'><em>sunt</em></span> <span class='ocrx_word' id='word_1_296' title='bbox 580 2345 604 2374; x_wconf 89' lang='lat' dir='ltr'><em>a</em></span> <span class='ocrx_word' id='word_1_297' title='bbox 627 2327 893 2378; x_wconf 85' lang='lat' dir='ltr'><em>Diacouissis,</em></span> <span class='ocrx_word' id='word_1_298' title='bbox 924 2337 1029 2380; x_wconf 90' lang='lat' dir='ltr'><em>quae</em></span> <span class='ocrx_word' id='word_1_299' title='bbox 1059 2323 1186 2386; x_wconf 82' lang='lat' dir='ltr'><em>vulgo</em></span> <span class='ocrx_word' id='word_1_300' title='bbox 1205 2320 1375 2385; x_wconf 36' lang='lat' dir='ltr'><em>’Viduae</em></span> <span class='ocrx_word' id='word_1_301' title='bbox 1401 2319 1443 2360; x_wconf 89' lang='lat' dir='ltr'><em>in</em></span> <span class='ocrx_word' id='word_1_302' title='bbox 1461 2318 1540 2360; x_wconf 89' lang='lat' dir='ltr'><em>Ec-</em></span> 
     </span>
     <span class='ocr_line' id='line_1_38' title="bbox 66 2375 1541 2438; baseline -0.013 -3"><span class='ocrx_word' id='word_1_303' title='bbox 66 2391 214 2434; x_wconf 87' lang='lat' dir='ltr'><em>clesiae</em></span> <span class='ocrx_word' id='word_1_304' title='bbox 256 2390 432 2433; x_wconf 88' lang='lat' dir='ltr'><em>Latinae</em></span> <span class='ocrx_word' id='word_1_305' title='bbox 477 2388 671 2432; x_wconf 84' lang='lat' dir='ltr'><em>Conciliis</em></span> <span class='ocrx_word' id='word_1_306' title='bbox 717 2384 928 2433; x_wconf 89' lang='lat' dir='ltr'><em>dicuntur,</em></span> <span class='ocrx_word' id='word_1_307' title='bbox 974 2393 1080 2435; x_wconf 81' lang='lat' dir='ltr'><em>quae</em></span> <span class='ocrx_word' id='word_1_308' title='bbox 1126 2377 1283 2421; x_wconf 76' lang='lat' dir='ltr'><em>scilicet</em></span> <span class='ocrx_word' id='word_1_309' title='bbox 1309 2375 1541 2438; x_wconf 73' lang='lat' dir='ltr'><em>servandae</em></span> 
     </span>
     <span class='ocr_line' id='line_1_39' title="bbox 65 2433 1537 2501; baseline -0.014 -9"><span class='ocrx_word' id='word_1_310' title='bbox 65 2447 286 2491; x_wconf 86' lang='lat' dir='ltr'><em>viduitatis</em></span> <span class='ocrx_word' id='word_1_311' title='bbox 305 2447 614 2501; x_wconf 85' lang='lat' dir='ltr'><em>professionem</em></span> <span class='ocrx_word' id='word_1_312' title='bbox 643 2455 784 2486; x_wconf 88' lang='lat' dir='ltr'><em>coram</em></span> <span class='ocrx_word' id='word_1_313' title='bbox 812 2439 1023 2493; x_wconf 63' lang='lat' dir='ltr'><em>Episcopo</em></span> <span class='ocrx_word' id='word_1_314' title='bbox 1052 2437 1098 2478; x_wconf 89' lang='lat' dir='ltr'><em>in</em></span> <span class='ocrx_word' id='word_1_315' title='bbox 1125 2433 1358 2478; x_wconf 79' lang='lat' dir='ltr'><em>Secretario</em></span> <span class='ocrx_word' id='word_1_316' title='bbox 1386 2434 1537 2474; x_wconf 70' lang='lat' dir='ltr'><em>ernitte-</em></span> 
     </span>
     <span class='ocr_line' id='line_1_40' title="bbox 65 2487 1538 2559; baseline -0.013 -12"><span class='ocrx_word' id='word_1_317' title='bbox 65 2505 179 2555; x_wconf 88' lang='lat' dir='ltr'><em>bant,</em></span> <span class='ocrx_word' id='word_1_318' title='bbox 210 2504 412 2559; x_wconf 87' lang='lat' dir='ltr'><em>imposita</em></span> <span class='ocrx_word' id='word_1_319' title='bbox 442 2503 494 2546; x_wconf 91' lang='lat' dir='ltr'><em>ab</em></span> <span class='ocrx_word' id='word_1_320' title='bbox 533 2515 578 2544; x_wconf 85' lang='lat' dir='ltr'><em>eo</em></span> <span class='ocrx_word' id='word_1_321' title='bbox 615 2503 721 2542; x_wconf 81' lang='lat' dir='ltr'><em>veste</em></span> <span class='ocrx_word' id='word_1_322' title='bbox 755 2495 927 2546; x_wconf 85' lang='lat' dir='ltr'><em>viduali,</em></span> <span class='ocrx_word' id='word_1_323' title='bbox 974 2494 1023 2535; x_wconf 87' lang='lat' dir='ltr'><em>ut</em></span> <span class='ocrx_word' id='word_1_324' title='bbox 1058 2492 1120 2534; x_wconf 85' lang='lat' dir='ltr'><em>est</em></span> <span class='ocrx_word' id='word_1_325' title='bbox 1147 2491 1191 2533; x_wconf 89' lang='lat' dir='ltr'><em>in</em></span> <span class='ocrx_word' id='word_1_326' title='bbox 1219 2488 1477 2554; x_wconf 75' lang='lat' dir='ltr'><em>Arausicano</em></span> <span class='ocrx_word' id='word_1_327' title='bbox 1505 2487 1538 2529; x_wconf 87' lang='grc'><em>1.</em></span> 
     </span>
     <span class='ocr_line' id='line_1_41' title="bbox 67 2546 1541 2614; baseline -0.014 -9"><span class='ocrx_word' id='word_1_328' title='bbox 67 2560 167 2604; x_wconf 88' lang='lat' dir='ltr'><em>Cau.</em></span> <span class='ocrx_word' id='word_1_329' title='bbox 187 2561 255 2604; x_wconf 83' lang='lat'><em>27.</em></span> <span class='ocrx_word' id='word_1_330' title='bbox 287 2560 477 2603; x_wconf 87' lang='lat' dir='ltr'><em>univirae</em></span> <span class='ocrx_word' id='word_1_331' title='bbox 498 2558 678 2600; x_wconf 83' lang='lat' dir='ltr'><em>scilicet:</em></span> <span class='ocrx_word' id='word_1_332' title='bbox 708 2554 895 2597; x_wconf 88' lang='lat' dir='ltr'><em>Clemens</em></span> <span class='ocrx_word' id='word_1_333' title='bbox 919 2551 990 2592; x_wconf 91' lang='lat' dir='ltr'><em>lib.</em></span> <span class='ocrx_word' id='word_1_334' title='bbox 1012 2550 1050 2591; x_wconf 85' lang='grc'><em>6.</em></span> <span class='ocrx_word' id='word_1_335' title='bbox 1081 2560 1169 2614; x_wconf 74' lang='lat' dir='ltr'><em>cap.</em></span> <span class='ocrx_word' id='word_1_336' title='bbox 1194 2546 1257 2613; x_wconf 45' lang='grc'><em>117.</em></span> <span class='ocrx_word' id='word_1_337' title='bbox 1289 2546 1541 2611; x_wconf 74' lang='grc' dir='ltr'><strong><em>διακονισσα</em></strong></span> 
     </span>
     <span class='ocr_line' id='line_1_42' title="bbox 66 2600 1541 2672; baseline -0.014 -11"><span class='ocrx_word' id='word_1_338' title='bbox 66 2617 114 2660; x_wconf 80' lang='grc' dir='ltr'><em>δὲ</em></span> <span class='ocrx_word' id='word_1_339' title='bbox 142 2616 342 2672; x_wconf 77' lang='grc' dir='ltr'><em>γενέσθω</em></span> <span class='ocrx_word' id='word_1_340' title='bbox 370 2614 599 2669; x_wconf 76' lang='grc' dir='ltr'><strong><em>παρθένος</em></strong></span> <span class='ocrx_word' id='word_1_341' title='bbox 628 2607 744 2667; x_wconf 75' lang='grc' dir='ltr'>ἁγνὴ,</span> <span class='ocrx_word' id='word_1_342' title='bbox 766 2606 804 2651; x_wconf 82' lang='grc' dir='ltr'><em>εἰ</em></span> <span class='ocrx_word' id='word_1_343' title='bbox 826 2606 872 2650; x_wconf 80' lang='grc' dir='ltr'><em>δὲ</em></span> <span class='ocrx_word' id='word_1_344' title='bbox 902 2603 1027 2662; x_wconf 78' lang='grc' dir='ltr'><em>μήγε</em></span> <span class='ocrx_word' id='word_1_345' title='bbox 1056 2600 1135 2662; x_wconf 72' lang='grc' dir='ltr'><em>κᾷν</em></span> <span class='ocrx_word' id='word_1_346' title='bbox 1162 2618 1274 2659; x_wconf 72' lang='grc' dir='ltr'><strong><em>χηρα</em></strong></span> <span class='ocrx_word' id='word_1_347' title='bbox 1293 2614 1541 2664; x_wconf 58' lang='grc' dir='ltr'><strong><em>μονογαμορ</em></strong></span> 
     </span>
     <span class='ocr_line' id='line_1_43' title="bbox 67 2658 1538 2731; baseline -0.012 -15"><span class='ocrx_word' id='word_1_348' title='bbox 67 2670 201 2731; x_wconf 79' lang='grc' dir='ltr'><strong><em>πιστὴ</em></strong></span> <span class='ocrx_word' id='word_1_349' title='bbox 246 2673 318 2716; x_wconf 89' lang='grc' dir='ltr'><em>καὶ</em></span> <span class='ocrx_word' id='word_1_350' title='bbox 362 2671 498 2726; x_wconf 79' lang='grc' dir='ltr'><strong><em>τιμία.</em></strong></span> <span class='ocrx_word' id='word_1_351' title='bbox 558 2671 625 2712; x_wconf 87' lang='lat' dir='ltr'><em>Ita</em></span> <span class='ocrx_word' id='word_1_352' title='bbox 664 2667 791 2710; x_wconf 88' lang='lat' dir='ltr'><em>etiam</em></span> <span class='ocrx_word' id='word_1_353' title='bbox 834 2662 1100 2725; x_wconf 45' lang='lat' dir='ltr'><em>Epiphanius.</em></span> <span class='ocrx_word' id='word_1_354' title='bbox 1127 2672 1215 2714; x_wconf 87' lang='lat' dir='ltr'><em>cap.</em></span> <span class='ocrx_word' id='word_1_355' title='bbox 1249 2659 1323 2702; x_wconf 89' lang='lat' dir='ltr'><em>ult.</em></span> <span class='ocrx_word' id='word_1_356' title='bbox 1355 2658 1538 2700; x_wconf 82' lang='lat' dir='ltr'><em>Pananl.</em></span> 
     </span>
     <span class='ocr_line' id='line_1_44' title="bbox 65 2718 1152 2783; baseline -0.016 -8"><span class='ocrx_word' id='word_1_357' title='bbox 65 2731 321 2774; x_wconf 82' lang='lat' dir='ltr'><em>Prudentius</em></span> <span class='ocrx_word' id='word_1_358' title='bbox 348 2730 422 2772; x_wconf 88' lang='lat' dir='ltr'><em>lib.</em></span> <span class='ocrx_word' id='word_1_359' title='bbox 453 2726 567 2780; x_wconf 83' lang='grc' dir='ltr'><strong><em>Περὶ</em></strong></span> <span class='ocrx_word' id='word_1_360' title='bbox 596 2728 727 2780; x_wconf 76' lang='grc' dir='ltr'><em>Στεφ.</em></span> <span class='ocrx_word' id='word_1_361' title='bbox 762 2723 803 2763; x_wconf 93' lang='lat' dir='ltr'><em>in</em></span> <span class='ocrx_word' id='word_1_362' title='bbox 835 2719 877 2763; x_wconf 91' lang='lat' dir='ltr'><em>S.</em></span> <span class='ocrx_word' id='word_1_363' title='bbox 907 2718 1152 2783; x_wconf 77' lang='lat' dir='ltr'><em>Laurentlo:</em></span> 
     </span>
     <span class='ocr_line' id='line_1_45' title="bbox 471 2777 1059 2830; baseline -0.02 -2"><span class='ocrx_word' id='word_1_364' title='bbox 471 2783 617 2828; x_wconf 78' lang='lat' dir='ltr'><em>Cernis</em></span> <span class='ocrx_word' id='word_1_365' title='bbox 644 2781 836 2823; x_wconf 86' lang='lat' dir='ltr'><em>sacratas</em></span> <span class='ocrx_word' id='word_1_366' title='bbox 864 2777 1059 2830; x_wconf 76' lang='lat' dir='ltr'><em>viryines,</em></span> 
     </span>
     <span class='ocr_line' id='line_1_46' title="bbox 468 2837 1006 2883; baseline -0.019 1"><span class='ocrx_word' id='word_1_367' title='bbox 468 2839 649 2883; x_wconf 86' lang='lat' dir='ltr'><em>Mireris</em></span> <span class='ocrx_word' id='word_1_368' title='bbox 677 2837 859 2880; x_wconf 86' lang='lat' dir='ltr'><em>intactas</em></span> <span class='ocrx_word' id='word_1_369' title='bbox 887 2845 1006 2883; x_wconf 87' lang='lat' dir='ltr'><em>anus,</em></span> 
     </span>
    </p>
   </div>
  </div>
 </body>
</html>
