<?xml version="1.0" encoding="UTF-8"?>
<!DOCTYPE html PUBLIC "-//W3C//DTD XHTML 1.0 Transitional//EN"
    "http://www.w3.org/TR/xhtml1/DTD/xhtml1-transitional.dtd">
<html xmlns="http://www.w3.org/1999/xhtml" xml:lang="en" lang="en">
 <head>
  <title>
</title>
<meta http-equiv="Content-Type" content="text/html;charset=utf-8" />
  <meta name='ocr-system' content='tesseract 3.04.00' />
  <meta name='ocr-capabilities' content='ocr_page ocr_carea ocr_par ocr_line ocrx_word'/>
</head>
<body>
  <div class='ocr_page' id='page_1' title='image "./corpusscriptorum03niebuoft_0120.png"; bbox 0 0 1780 3138; ppageno 0'>
   <div class='ocr_carea' id='block_1_1' title="bbox 258 204 1241 246">
    <p class='ocr_par' dir='ltr' id='par_1_1' title="bbox 258 204 1241 246">
     <span class='ocr_line' id='line_1_1' title="bbox 258 204 1241 246; baseline -0.006 0"><span class='ocrx_word' id='word_1_1' title='bbox 258 204 335 246; x_wconf 89' lang='lat'><strong>102</strong></span> <span class='ocrx_word' id='word_1_2' title='bbox 706 221 718 230; x_wconf 91' lang='lat'><strong>·</strong></span> <span class='ocrx_word' id='word_1_3' title='bbox 775 207 942 243; x_wconf 79' lang='lat' dir='ltr'>ANNAE</span> <span class='ocrx_word' id='word_1_4' title='bbox 971 205 1241 241; x_wconf 76' lang='lat' dir='ltr'><strong>GOMNENAE</strong></span> 
     </span>
    </p>
   </div>
   <div class='ocr_carea' id='block_1_2' title="bbox 111 315 1780 1757">
    <p class='ocr_par' dir='ltr' id='par_1_2' title="bbox 111 315 1780 1757">
     <span class='ocr_line' id='line_1_2' title="bbox 254 315 1754 382; baseline -0.001 -12"><span class='ocrx_word' id='word_1_5' title='bbox 254 328 343 370; x_wconf 82' lang='grc' dir='ltr'><strong>τῶν</strong></span> <span class='ocrx_word' id='word_1_6' title='bbox 372 324 707 382; x_wconf 80' lang='grc' dir='ltr'><strong><em>ἀποπνιγέντων</em></strong></span> <span class='ocrx_word' id='word_1_7' title='bbox 739 325 836 374; x_wconf 83' lang='grc' dir='ltr'><strong><em>τοῖς</em></strong></span> <span class='ocrx_word' id='word_1_8' title='bbox 865 315 1063 366; x_wconf 59' lang='grc' dir='ltr'><strong><em>ὄπισθεν</em></strong></span> <span class='ocrx_word' id='word_1_9' title='bbox 1093 321 1360 378; x_wconf 78' lang='grc' dir='ltr'><strong><em>ἐρχομένοις.</em></strong></span> <span class='ocrx_word' id='word_1_10' title='bbox 1408 323 1479 382; x_wconf 73' lang='grc' dir='ltr'><strong>ἐφ’</strong></span> <span class='ocrx_word' id='word_1_11' title='bbox 1508 321 1656 368; x_wconf 72' lang='grc' dir='ltr'><strong><em>ἱκανὸν</em></strong></span> <span class='ocrx_word' id='word_1_12' title='bbox 1678 319 1754 368; x_wconf 75' lang='grc' dir='ltr'><strong>οὖν</strong></span> 
     </span>
     <span class='ocr_line' id='line_1_3' title="bbox 255 387 1755 453; baseline -0.003 -13"><span class='ocrx_word' id='word_1_13' title='bbox 255 396 326 440; x_wconf 86' lang='grc' dir='ltr'><strong>καὶ</strong></span> <span class='ocrx_word' id='word_1_14' title='bbox 355 392 459 447; x_wconf 81' lang='grc' dir='ltr'><strong><em>τούς</em></strong></span> <span class='ocrx_word' id='word_1_15' title='bbox 489 390 732 453; x_wconf 77' lang='grc' dir='ltr'><strong><em>φεύγοντας</em></strong></span> <span class='ocrx_word' id='word_1_16' title='bbox 761 387 997 446; x_wconf 84' lang='grc' dir='ltr'><strong><em>διώξαντες</em></strong></span> <span class='ocrx_word' id='word_1_17' title='bbox 1022 388 1140 447; x_wconf 75' lang='grc' dir='ltr'><strong><em>πρὸς</em></strong></span> <span class='ocrx_word' id='word_1_18' title='bbox 1173 388 1252 449; x_wconf 85' lang='grc' dir='ltr'><strong>τὴν</strong></span> <span class='ocrx_word' id='word_1_19' title='bbox 1274 391 1520 450; x_wconf 81' lang='grc' dir='ltr'><strong><em>Τουρκικὴν</em></strong></span> <span class='ocrx_word' id='word_1_20' title='bbox 1538 393 1755 452; x_wconf 81' lang='grc' dir='ltr'><strong><em>ταφρείαν</em></strong></span> 
     </span>
     <span class='ocr_line' id='line_1_4' title="bbox 255 456 1753 521; baseline -0.002 -12"><span class='ocrx_word' id='word_1_21' title='bbox 255 462 543 521; x_wconf 79' lang='grc' dir='ltr'><strong><em>ὑπέστρεψαν</em></strong></span> <span class='ocrx_word' id='word_1_22' title='bbox 584 457 760 506; x_wconf 75' lang='grc' dir='ltr'><strong><em>κάκεῖσε</em></strong></span> <span class='ocrx_word' id='word_1_23' title='bbox 793 460 871 513; x_wconf 79' lang='grc' dir='ltr'><strong><em>τὰς</em></strong></span> <span class='ocrx_word' id='word_1_24' title='bbox 899 456 1170 516; x_wconf 80' lang='grc' dir='ltr'><strong><em>βαρβαρικὰς</em></strong></span> <span class='ocrx_word' id='word_1_25' title='bbox 1197 458 1357 514; x_wconf 83' lang='grc' dir='ltr'><strong><em>σκευὰς</em></strong></span> <span class='ocrx_word' id='word_1_26' title='bbox 1387 458 1638 520; x_wconf 90' lang='grc' dir='ltr'><strong><em>εὑρηκότες.</em></strong></span> <span class='ocrx_word' id='word_1_27' title='bbox 1679 463 1753 506; x_wconf 83' lang='grc' dir='ltr'><strong>καὶ</strong></span> 
     </span>
     <span class='ocr_line' id='line_1_5' title="bbox 256 524 1755 592; baseline -0.001 -15"><span class='ocrx_word' id='word_1_28' title='bbox 256 528 307 592; x_wconf 68' lang='grc' dir='ltr'><strong>ἢν</strong></span> <span class='ocrx_word' id='word_1_29' title='bbox 337 531 693 590; x_wconf 84' lang='grc' dir='ltr'><strong><em>συνεπεφέροντο</em></strong></span> <span class='ocrx_word' id='word_1_30' title='bbox 734 529 854 573; x_wconf 82' lang='grc' dir='ltr'><strong><em>λείαν</em></strong></span> <span class='ocrx_word' id='word_1_31' title='bbox 903 525 1081 573; x_wconf 77' lang='grc' dir='ltr'><strong><em>ἅπασαν</em></strong></span> <span class='ocrx_word' id='word_1_32' title='bbox 1117 524 1424 585; x_wconf 71' lang='grc' dir='ltr'><strong><em>ἀναλαβέσθαι</em></strong></span> <span class='ocrx_word' id='word_1_33' title='bbox 1462 530 1544 587; x_wconf 82' lang='grc' dir='ltr'><strong>μὲν</strong></span> <span class='ocrx_word' id='word_1_34' title='bbox 1586 524 1755 591; x_wconf 76' lang='grc' dir='ltr'><strong><em>ἤθελον</em></strong></span> 
     </span>
     <span class='ocr_line' id='line_1_6' title="bbox 256 588 1780 659; baseline -0.001 -13"><span class='ocrx_word' id='word_1_35' title='bbox 256 602 538 659; x_wconf 83' lang='grc' dir='ltr'><strong><em>παραχρῆμα,</em></strong></span> <span class='ocrx_word' id='word_1_36' title='bbox 588 595 758 657; x_wconf 83' lang='grc' dir='ltr'><strong><em>πολλὴν</em></strong></span> <span class='ocrx_word' id='word_1_37' title='bbox 800 597 848 642; x_wconf 81' lang='grc' dir='ltr'><strong>δὲ</strong></span> <span class='ocrx_word' id='word_1_38' title='bbox 892 588 1035 642; x_wconf 77' lang='grc' dir='ltr'><strong><em>οὖσαν</em></strong></span> <span class='ocrx_word' id='word_1_39' title='bbox 1077 595 1150 641; x_wconf 82' lang='grc' dir='ltr'><strong>διὰ</strong></span> <span class='ocrx_word' id='word_1_40' title='bbox 1195 598 1582 657; x_wconf 86' lang='grc' dir='ltr'><strong><em>τριακονθημέρου</em></strong></span> <span class='ocrx_word' id='word_1_41' title='bbox 1628 598 1780 657; x_wconf 70' lang='grc' dir='ltr'><strong><em>μόγιςέ</em></strong></span> 
     </span>
     <span class='ocr_line' id='line_1_7' title="bbox 256 662 1750 728; baseline -0.003 -13"><span class='ocrx_word' id='word_1_42' title='bbox 256 667 417 728; x_wconf 78' lang='grc' dir='ltr'><strong><em>ταύτην</em></strong></span> <span class='ocrx_word' id='word_1_43' title='bbox 446 667 691 726; x_wconf 77' lang='grc' dir='ltr'><strong><em>εἰσαγαγεῖν</em></strong></span> <span class='ocrx_word' id='word_1_44' title='bbox 719 666 783 719; x_wconf 83' lang='grc' dir='ltr'><strong>εἷς</strong></span> <span class='ocrx_word' id='word_1_45' title='bbox 823 664 905 724; x_wconf 76' lang='grc' dir='ltr'><strong>τήν</strong></span> <span class='ocrx_word' id='word_1_46' title='bbox 934 662 1168 722; x_wconf 80' lang='grc' dir='ltr'><strong><em>Ἀντιόχου</em></strong></span> <span class='ocrx_word' id='word_1_47' title='bbox 1207 664 1341 712; x_wconf 87' lang='grc' dir='ltr'><strong><em>πόλιν</em></strong></span> <span class='ocrx_word' id='word_1_48' title='bbox 1372 667 1615 723; x_wconf 79' lang='grc' dir='ltr'><strong><em>ἑξίσχυσαν.</em></strong></span> <span class='ocrx_word' id='word_1_49' title='bbox 1680 668 1750 713; x_wconf 76' lang='grc' dir='ltr'><strong><em>ἐπ’</em></strong></span> 
     </span>
     <span class='ocr_line' id='line_1_8' title="bbox 258 726 1754 796; baseline -0.001 -15"><span class='ocrx_word' id='word_1_50' title='bbox 258 733 405 795; x_wconf 83' lang='grc' dir='ltr'><strong><em>όλίγον</em></strong></span> <span class='ocrx_word' id='word_1_51' title='bbox 435 727 512 781; x_wconf 74' lang='grc' dir='ltr'><strong>οὖν</strong></span> <span class='ocrx_word' id='word_1_52' title='bbox 541 732 683 780; x_wconf 72' lang='grc' dir='ltr'><strong><em>αὑτοῦ</em></strong></span> <span class='ocrx_word' id='word_1_53' title='bbox 712 752 802 779; x_wconf 88' lang='grc' dir='ltr'><strong><em>που</em></strong></span> <span class='ocrx_word' id='word_1_54' title='bbox 835 731 1243 792; x_wconf 80' lang='grc' dir='ltr'><strong><em>ἐγκαρτερήσαντες,</em></strong></span> <span class='ocrx_word' id='word_1_55' title='bbox 1286 735 1356 795; x_wconf 76' lang='grc' dir='ltr'><strong>ἐφ’</strong></span> <span class='ocrx_word' id='word_1_56' title='bbox 1390 726 1427 795; x_wconf 81' lang='grc' dir='ltr'><em>ᾦ</em></span> <span class='ocrx_word' id='word_1_57' title='bbox 1456 742 1533 796; x_wconf 86' lang='grc' dir='ltr'><strong><em>τῆς</em></strong></span> <span class='ocrx_word' id='word_1_58' title='bbox 1561 743 1641 781; x_wconf 82' lang='grc' dir='ltr'><strong>τοῦ</strong></span> <span class='ocrx_word' id='word_1_59' title='bbox 1672 754 1754 780; x_wconf 83' lang='grc' dir='ltr'><strong><em>πο-</em></strong></span> 
     </span>
     <span class='ocr_line' id='line_1_9' title="bbox 257 800 1757 864; baseline -0.001 -15"><span class='ocrx_word' id='word_1_60' title='bbox 257 806 391 862; x_wconf 84' lang='grc' dir='ltr'><strong><em>λέμου</em></strong></span> <span class='ocrx_word' id='word_1_61' title='bbox 423 804 732 856; x_wconf 88' lang='grc' dir='ltr'><strong><em>κακοπαθείας</em></strong></span> <span class='ocrx_word' id='word_1_62' title='bbox 771 800 955 855; x_wconf 67' lang='grc' dir='ltr'><strong><em>ἑαυτούς</em></strong></span> <span class='ocrx_word' id='word_1_63' title='bbox 995 803 1304 857; x_wconf 79' lang='grc' dir='ltr'><strong><em>διαναπαῦσαι,</em></strong></span> <span class='ocrx_word' id='word_1_64' title='bbox 1346 801 1443 860; x_wconf 71' lang='grc' dir='ltr'><strong>ἅμα</strong></span> <span class='ocrx_word' id='word_1_65' title='bbox 1482 804 1530 849; x_wconf 80' lang='grc' dir='ltr'><strong>δὲ</strong></span> <span class='ocrx_word' id='word_1_66' title='bbox 1566 805 1639 849; x_wconf 82' lang='grc' dir='ltr'><strong>καὶ</strong></span> <span class='ocrx_word' id='word_1_67' title='bbox 1678 807 1757 864; x_wconf 83' lang='grc' dir='ltr'><strong><em>τῆς</em></strong></span> 
     </span>
     <span class='ocr_line' id='line_1_10' title="bbox 256 865 1755 933; baseline 0.001 -16"><span class='ocrx_word' id='word_1_68' title='bbox 256 869 487 928; x_wconf 78' lang='grc' dir='ltr'><strong><em>Ἀντιόχου</em></strong></span> <span class='ocrx_word' id='word_1_69' title='bbox 516 872 733 931; x_wconf 82' lang='grc' dir='ltr'><strong><em>φροντίδα</em></strong></span> <span class='ocrx_word' id='word_1_70' title='bbox 763 868 1034 927; x_wconf 80' lang='grc' dir='ltr'><strong><em>ποιούμενοι</em></strong></span> <span class='ocrx_word' id='word_1_71' title='bbox 1053 865 1289 930; x_wconf 72' lang='grc' dir='ltr'><strong><em>ἀνεζήτουν</em></strong></span> <span class='ocrx_word' id='word_1_72' title='bbox 1318 870 1399 917; x_wconf 78' lang='grc' dir='ltr'><strong>τὸν</strong></span> <span class='ocrx_word' id='word_1_73' title='bbox 1423 870 1587 932; x_wconf 75' lang='grc' dir='ltr'><strong><em>ταίτην</em></strong></span> <span class='ocrx_word' id='word_1_74' title='bbox 1617 890 1755 933; x_wconf 86' lang='grc' dir='ltr'><strong><em>φρου-</em></strong></span> 
     </span>
     <span class='ocr_line' id='line_1_11' title="bbox 259 933 1780 1003; baseline -0.002 -16"><span class='ocrx_word' id='word_1_75' title='bbox 259 941 462 1002; x_wconf 78' lang='grc' dir='ltr'><strong><em>ρήσοντα.</em></strong></span> <span class='ocrx_word' id='word_1_76' title='bbox 513 933 564 1000; x_wconf 71' lang='grc' dir='ltr'><strong>ἦν</strong></span> <span class='ocrx_word' id='word_1_77' title='bbox 597 942 645 986; x_wconf 79' lang='grc' dir='ltr'><strong>δὲ</strong></span> <span class='ocrx_word' id='word_1_78' title='bbox 671 939 694 985; x_wconf 82' lang='grc' dir='ltr'>ὁ</span> <span class='ocrx_word' id='word_1_79' title='bbox 715 943 1005 998; x_wconf 78' lang='grc' dir='ltr'><strong><em>Βαϊμοῦντος,</em></strong></span> <span class='ocrx_word' id='word_1_80' title='bbox 1039 938 1164 986; x_wconf 81' lang='grc' dir='ltr'><strong><em>καθά</em></strong></span> <span class='ocrx_word' id='word_1_81' title='bbox 1196 958 1243 999; x_wconf 89' lang='grc' dir='ltr'><strong>γε</strong></span> <span class='ocrx_word' id='word_1_82' title='bbox 1276 940 1368 999; x_wconf 77' lang='grc' dir='ltr'><strong><em>πρὸ</em></strong></span> <span class='ocrx_word' id='word_1_83' title='bbox 1402 946 1482 987; x_wconf 79' lang='grc' dir='ltr'><strong>τοῦ</strong></span> <span class='ocrx_word' id='word_1_84' title='bbox 1513 940 1593 1003; x_wconf 78' lang='grc' dir='ltr'><strong>τὴν</strong></span> <span class='ocrx_word' id='word_1_85' title='bbox 1623 940 1780 988; x_wconf 84' lang='grc' dir='ltr'><strong><em>πόλιν]</em></strong></span> 
     </span>
     <span class='ocr_line' id='line_1_12' title="bbox 213 1005 1758 1072; baseline -0.001 -14"><span class='ocrx_word' id='word_1_86' title='bbox 213 1010 427 1058; x_wconf 75' lang='grc' dir='ltr'><strong><em>Βᾶλῶναι</em></strong></span> <span class='ocrx_word' id='word_1_87' title='bbox 464 1007 648 1070; x_wconf 82' lang='grc' dir='ltr'><strong><em>φθάσας</em></strong></span> <span class='ocrx_word' id='word_1_88' title='bbox 683 1005 894 1071; x_wconf 71' lang='grc' dir='ltr'><strong><em>ᾐτήσατο.</em></strong></span> <span class='ocrx_word' id='word_1_89' title='bbox 962 1009 1388 1069; x_wconf 82' lang='grc' dir='ltr'><strong><em>παρακεχωρηκότες</em></strong></span> <span class='ocrx_word' id='word_1_90' title='bbox 1426 1012 1475 1057; x_wconf 81' lang='grc' dir='ltr'><strong>δὲ</strong></span> <span class='ocrx_word' id='word_1_91' title='bbox 1516 1008 1635 1072; x_wconf 71' lang='grc' dir='ltr'><strong><em>αὐτῷ</em></strong></span> <span class='ocrx_word' id='word_1_92' title='bbox 1679 1015 1758 1071; x_wconf 79' lang='grc' dir='ltr'><strong><em>τῆς</em></strong></span> 
     </span>
     <span class='ocr_line' id='line_1_13' title="bbox 259 1074 1755 1138; baseline 0.001 -14"><span class='ocrx_word' id='word_1_93' title='bbox 259 1076 435 1137; x_wconf 80' lang='grc' dir='ltr'><strong><em>ἁπάσης</em></strong></span> <span class='ocrx_word' id='word_1_94' title='bbox 463 1079 663 1135; x_wconf 78' lang='grc' dir='ltr'><strong><em>ἐξουσίας</em></strong></span> <span class='ocrx_word' id='word_1_95' title='bbox 691 1081 769 1137; x_wconf 83' lang='grc' dir='ltr'><strong><em>τῆς</em></strong></span> <span class='ocrx_word' id='word_1_96' title='bbox 796 1074 1029 1134; x_wconf 80' lang='grc' dir='ltr'><strong><em>Ἀντιόχου</em></strong></span> <span class='ocrx_word' id='word_1_97' title='bbox 1075 1074 1204 1124; x_wconf 72' lang='grc' dir='ltr'><strong><em>αὐτοὶ</em></strong></span> <span class='ocrx_word' id='word_1_98' title='bbox 1233 1082 1313 1138; x_wconf 78' lang='grc' dir='ltr'><strong><em>τῆς</em></strong></span> <span class='ocrx_word' id='word_1_99' title='bbox 1342 1077 1460 1137; x_wconf 75' lang='grc' dir='ltr'><strong><em>πρὸς</em></strong></span> <span class='ocrx_word' id='word_1_100' title='bbox 1486 1078 1543 1126; x_wconf 73' lang='grc' dir='ltr'><strong>τὰ</strong></span> <span class='ocrx_word' id='word_1_101' title='bbox 1569 1078 1755 1138; x_wconf 83' lang='grc' dir='ltr'><strong><em>Ἱεροσό-</em></strong></span> 
     </span>
     <span class='ocr_line' id='line_1_14' title="bbox 260 1144 1757 1208; baseline 0.002 -17"><span class='ocrx_word' id='word_1_102' title='bbox 260 1148 372 1204; x_wconf 91' lang='grc' dir='ltr'><strong><em>λυμα</em></strong></span> <span class='ocrx_word' id='word_1_103' title='bbox 412 1144 634 1206; x_wconf 78' lang='grc' dir='ltr'><strong><em>φερούσης</em></strong></span> <span class='ocrx_word' id='word_1_104' title='bbox 672 1144 860 1208; x_wconf 76' lang='grc' dir='ltr'><strong><em>ἥψαντο.</em></strong></span> <span class='ocrx_word' id='word_1_105' title='bbox 926 1147 972 1192; x_wconf 79' lang='grc' dir='ltr'><strong><em>έν</em></strong></span> <span class='ocrx_word' id='word_1_106' title='bbox 1010 1148 1059 1192; x_wconf 80' lang='grc' dir='ltr'><strong>δὲ</strong></span> <span class='ocrx_word' id='word_1_107' title='bbox 1098 1151 1162 1207; x_wconf 80' lang='grc' dir='ltr'><strong>τῷ</strong></span> <span class='ocrx_word' id='word_1_108' title='bbox 1201 1149 1461 1206; x_wconf 74' lang='grc' dir='ltr'><strong><em>διέρχεσθαι</em></strong></span> <span class='ocrx_word' id='word_1_109' title='bbox 1501 1146 1647 1193; x_wconf 77' lang='grc' dir='ltr'><strong><em>πολλὰ</em></strong></span> <span class='ocrx_word' id='word_1_110' title='bbox 1676 1150 1757 1206; x_wconf 83' lang='grc' dir='ltr'><strong>μὲν</strong></span> 
     </span>
     <span class='ocr_line' id='line_1_15' title="bbox 258 1212 1759 1276; baseline 0.001 -16"><span class='ocrx_word' id='word_1_111' title='bbox 258 1219 347 1260; x_wconf 84' lang='grc' dir='ltr'><strong>τῶν</strong></span> <span class='ocrx_word' id='word_1_112' title='bbox 371 1217 600 1271; x_wconf 88' lang='grc' dir='ltr'><strong><em>παραλίων</em></strong></span> <span class='ocrx_word' id='word_1_113' title='bbox 623 1212 826 1273; x_wconf 85' lang='grc' dir='ltr'><strong><em>κάστρων</em></strong></span> <span class='ocrx_word' id='word_1_114' title='bbox 854 1217 1085 1272; x_wconf 80' lang='grc' dir='ltr'><strong><em>κατέσχον·</em></strong></span> <span class='ocrx_word' id='word_1_115' title='bbox 1118 1213 1267 1263; x_wconf 77' lang='grc' dir='ltr'><strong><em>ὁπόσα</em></strong></span> <span class='ocrx_word' id='word_1_116' title='bbox 1287 1218 1336 1263; x_wconf 79' lang='grc' dir='ltr'><strong>δὲ</strong></span> <span class='ocrx_word' id='word_1_117' title='bbox 1365 1216 1636 1276; x_wconf 81' lang='grc' dir='ltr'><strong><em>ἑρυμνότατα</em></strong></span> <span class='ocrx_word' id='word_1_118' title='bbox 1653 1212 1759 1263; x_wconf 61' lang='grc' dir='ltr'><strong><em>ὄντα</em></strong></span> 
     </span>
     <span class='ocr_line' id='line_1_16' title="bbox 259 1284 1780 1347; baseline 0.001 -18"><span class='ocrx_word' id='word_1_119' title='bbox 259 1285 467 1339; x_wconf 90' lang='grc' dir='ltr'><strong><em>πλείονος</em></strong></span> <span class='ocrx_word' id='word_1_120' title='bbox 513 1285 655 1329; x_wconf 78' lang='grc' dir='ltr'><strong><em>ἐδεῖτο</em></strong></span> <span class='ocrx_word' id='word_1_121' title='bbox 699 1292 776 1345; x_wconf 78' lang='grc' dir='ltr'><strong><em>τῆς</em></strong></span> <span class='ocrx_word' id='word_1_122' title='bbox 815 1286 1090 1343; x_wconf 81' lang='grc' dir='ltr'><strong><em>πολιορκίας,</em></strong></span> <span class='ocrx_word' id='word_1_123' title='bbox 1138 1284 1507 1345; x_wconf 84' lang='grc' dir='ltr'><strong><em>παραδραμόντες</em></strong></span> <span class='ocrx_word' id='word_1_124' title='bbox 1541 1294 1607 1347; x_wconf 76' lang='grc' dir='ltr'><strong>τῷ</strong></span> <span class='ocrx_word' id='word_1_125' title='bbox 1644 1287 1780 1341; x_wconf 85' lang='grc' dir='ltr'><strong><em>τέως]</em></strong></span> 
     </span>
     <span class='ocr_line' id='line_1_17' title="bbox 259 1348 1758 1415; baseline 0.002 -18"><span class='ocrx_word' id='word_1_126' title='bbox 259 1348 369 1398; x_wconf 71' lang='grc' dir='ltr'><strong><em>αὐτοὶ</em></strong></span> <span class='ocrx_word' id='word_1_127' title='bbox 398 1351 515 1411; x_wconf 68' lang='grc' dir='ltr'><strong><em>πρὸς</em></strong></span> <span class='ocrx_word' id='word_1_128' title='bbox 544 1351 626 1412; x_wconf 78' lang='grc' dir='ltr'><strong>τήν</strong></span> <span class='ocrx_word' id='word_1_129' title='bbox 653 1352 935 1415; x_wconf 84' lang='grc' dir='ltr'><strong><em>Ἰερουσαλὴμ</em></strong></span> <span class='ocrx_word' id='word_1_130' title='bbox 968 1353 1201 1402; x_wconf 77' lang='grc' dir='ltr'><strong><em>ἔσπευδον.</em></strong></span> <span class='ocrx_word' id='word_1_131' title='bbox 1268 1353 1598 1414; x_wconf 84' lang='grc' dir='ltr'><strong><em>περιζώσαντες</em></strong></span> <span class='ocrx_word' id='word_1_132' title='bbox 1626 1356 1675 1402; x_wconf 83' lang='grc' dir='ltr'><strong>δὲ</strong></span> <span class='ocrx_word' id='word_1_133' title='bbox 1702 1354 1758 1400; x_wconf 80' lang='grc' dir='ltr'><strong>τὰ</strong></span> 
     </span>
     <span class='ocr_line' id='line_1_18' title="bbox 259 1421 1756 1485; baseline 0.003 -19"><span class='ocrx_word' id='word_1_134' title='bbox 259 1422 380 1481; x_wconf 86' lang='grc' dir='ltr'><strong><em>τείχη</em></strong></span> <span class='ocrx_word' id='word_1_135' title='bbox 409 1422 483 1467; x_wconf 84' lang='grc' dir='ltr'><strong>καὶ</strong></span> <span class='ocrx_word' id='word_1_136' title='bbox 513 1426 700 1476; x_wconf 84' lang='grc' dir='ltr'><strong><em>πυκναῖς</em></strong></span> <span class='ocrx_word' id='word_1_137' title='bbox 727 1425 1005 1480; x_wconf 82' lang='grc' dir='ltr'><strong><em>προσβολαῖς</em></strong></span> <span class='ocrx_word' id='word_1_138' title='bbox 1034 1426 1383 1483; x_wconf 75' lang='grc' dir='ltr'><strong><em>πολιορκοῦντες</em></strong></span> <span class='ocrx_word' id='word_1_139' title='bbox 1407 1421 1543 1485; x_wconf 66' lang='grc' dir='ltr'><strong><em>αὑτὴν</em></strong></span> <span class='ocrx_word' id='word_1_140' title='bbox 1560 1423 1633 1471; x_wconf 82' lang='grc' dir='ltr'><strong>διὰ</strong></span> <span class='ocrx_word' id='word_1_141' title='bbox 1652 1429 1756 1483; x_wconf 82' lang='grc' dir='ltr'><strong><em>μιᾶς</em></strong></span> 
     </span>
     <span class='ocr_line' id='line_1_19' title="bbox 260 1488 1756 1554; baseline 0.002 -19"><span class='ocrx_word' id='word_1_142' title='bbox 260 1492 515 1550; x_wconf 63' lang='grc' dir='ltr'><strong><em>σεληνιακῖς</em></strong></span> <span class='ocrx_word' id='word_1_143' title='bbox 535 1488 750 1547; x_wconf 80' lang='grc' dir='ltr'><strong><em>περιόδου</em></strong></span> <span class='ocrx_word' id='word_1_144' title='bbox 771 1493 984 1548; x_wconf 78' lang='grc' dir='ltr'><strong><em>κατέσχον</em></strong></span> <span class='ocrx_word' id='word_1_145' title='bbox 1002 1492 1199 1548; x_wconf 80' lang='grc' dir='ltr'><strong><em>πολλοὺς</em></strong></span> <span class='ocrx_word' id='word_1_146' title='bbox 1229 1497 1320 1539; x_wconf 82' lang='grc' dir='ltr'><strong>τῶν</strong></span> <span class='ocrx_word' id='word_1_147' title='bbox 1346 1492 1472 1549; x_wconf 76' lang='grc' dir='ltr'><strong><em>ἐντός</em></strong></span> <span class='ocrx_word' id='word_1_148' title='bbox 1491 1498 1756 1554; x_wconf 80' lang='grc' dir='ltr'><strong><em>Σαρακηνιῦν</em></strong></span> 
     </span>
     <span class='ocr_line' id='line_1_20' title="bbox 261 1555 1753 1621; baseline 0.003 -18"><span class='ocrx_word' id='word_1_149' title='bbox 261 1560 333 1604; x_wconf 85' lang='grc' dir='ltr'><strong>καὶ</strong></span> <span class='ocrx_word' id='word_1_150' title='bbox 359 1557 573 1616; x_wconf 85' lang='grc' dir='ltr'><strong><em>Ἑβραίων</em></strong></span> <span class='ocrx_word' id='word_1_151' title='bbox 602 1555 879 1619; x_wconf 67' lang='grc' dir='ltr'><strong><em>ἀνῃρηκότες.</em></strong></span> <span class='ocrx_word' id='word_1_152' title='bbox 926 1558 1108 1606; x_wconf 86' lang='grc' dir='ltr'><strong><em>πάντων</em></strong></span> <span class='ocrx_word' id='word_1_153' title='bbox 1147 1564 1196 1607; x_wconf 83' lang='grc' dir='ltr'><strong>δὲ</strong></span> <span class='ocrx_word' id='word_1_154' title='bbox 1240 1561 1551 1621; x_wconf 79' lang='grc' dir='ltr'><strong><em>ὑποταγέντων</em></strong></span> <span class='ocrx_word' id='word_1_155' title='bbox 1587 1558 1753 1617; x_wconf 71' lang='grc' dir='ltr'><strong><em>αὑτοῖς,</em></strong></span> 
     </span>
     <span class='ocr_line' id='line_1_21' title="bbox 111 1623 1780 1692; baseline 0.004 -22"><span class='ocrx_word' id='word_1_156' title='bbox 111 1634 150 1671; x_wconf 86' lang='lat' dir='ltr'><strong>P.</strong></span> <span class='ocrx_word' id='word_1_157' title='bbox 179 1635 250 1670; x_wconf 88' lang='grc'><strong>328</strong></span> <span class='ocrx_word' id='word_1_158' title='bbox 262 1627 361 1672; x_wconf 73' lang='grc' dir='ltr'><strong><em>ἐπεὶ</em></strong></span> <span class='ocrx_word' id='word_1_159' title='bbox 390 1625 414 1672; x_wconf 83' lang='grc' dir='ltr'><em>ὃ</em></span> <span class='ocrx_word' id='word_1_160' title='bbox 444 1623 706 1684; x_wconf 67' lang='grc' dir='ltr'><strong><em>ἀντιβαίνων</em></strong></span> <span class='ocrx_word' id='word_1_161' title='bbox 737 1624 896 1683; x_wconf 70' lang='grc' dir='ltr'><strong><em>οὐδείς,</em></strong></span> <span class='ocrx_word' id='word_1_162' title='bbox 931 1628 1015 1689; x_wconf 73' lang='grc' dir='ltr'><strong>τήν</strong></span> <span class='ocrx_word' id='word_1_163' title='bbox 1046 1631 1249 1684; x_wconf 75' lang='grc' dir='ltr'><strong><em>ἐξουσίαν</em></strong></span> <span class='ocrx_word' id='word_1_164' title='bbox 1289 1630 1468 1678; x_wconf 77' lang='grc' dir='ltr'><strong><em>ἅπασαν</em></strong></span> <span class='ocrx_word' id='word_1_165' title='bbox 1502 1635 1566 1692; x_wconf 74' lang='grc' dir='ltr'><strong>τῷ</strong></span> <span class='ocrx_word' id='word_1_166' title='bbox 1597 1637 1623 1676; x_wconf 92' lang='grc' dir='ltr'><em>Ι</em></span> <span class='ocrx_word' id='word_1_167' title='bbox 1629 1636 1780 1677; x_wconf 64' lang='grc' dir='ltr'><strong><em>ὀπο-ἱ</em></strong></span> 
     </span>
     <span class='ocr_line' id='line_1_22' title="bbox 260 1691 1258 1757; baseline 0.005 -16"><span class='ocrx_word' id='word_1_168' title='bbox 260 1695 347 1754; x_wconf 82' lang='grc' dir='ltr'><strong>φρὲ</strong></span> <span class='ocrx_word' id='word_1_169' title='bbox 379 1691 648 1753; x_wconf 73' lang='grc' dir='ltr'><strong><em>ἀναθέμενοι</em></strong></span> <span class='ocrx_word' id='word_1_170' title='bbox 677 1700 785 1757; x_wconf 75' lang='grc' dir='ltr'><strong>ρῆγα</strong></span> <span class='ocrx_word' id='word_1_171' title='bbox 816 1701 976 1744; x_wconf 81' lang='grc' dir='ltr'><strong><em>τοῦτον</em></strong></span> <span class='ocrx_word' id='word_1_172' title='bbox 1010 1693 1258 1757; x_wconf 68' lang='grc' dir='ltr'><strong><em>ὠνόμασαν.</em></strong></span> 
     </span>
    </p>
   </div>
   <div class='ocr_carea' id='block_1_3' title="bbox 393 1843 1758 1955">
    <p class='ocr_par' dir='ltr' id='par_1_3' title="bbox 393 1843 1758 1955">
     <span class='ocr_line' id='line_1_23' title="bbox 394 1843 1758 1909; baseline 0.005 -28"><span class='ocrx_word' id='word_1_173' title='bbox 394 1846 428 1882; x_wconf 88' lang='lat'><strong>5.</strong></span> <span class='ocrx_word' id='word_1_174' title='bbox 453 1843 574 1903; x_wconf 53' lang='grc' dir='ltr'><strong><em>μόγις,</em></strong></span> <span class='ocrx_word' id='word_1_175' title='bbox 591 1847 634 1894; x_wconf 85' lang='lat' dir='ltr'><strong>F,</strong></span> <span class='ocrx_word' id='word_1_176' title='bbox 662 1844 771 1891; x_wconf 82' lang='grc' dir='ltr'><strong><em>μόλις</em></strong></span> <span class='ocrx_word' id='word_1_177' title='bbox 796 1849 838 1888; x_wconf 89' lang='lat' dir='ltr'><strong>P.</strong></span> <span class='ocrx_word' id='word_1_178' title='bbox 963 1852 1016 1887; x_wconf 89' lang='lat'><strong>10.</strong></span> <span class='ocrx_word' id='word_1_179' title='bbox 1043 1847 1144 1887; x_wconf 74' lang='grc' dir='ltr'><strong><em>καθά</em></strong></span> <span class='ocrx_word' id='word_1_180' title='bbox 1169 1864 1213 1899; x_wconf 84' lang='grc' dir='ltr'><strong>γε</strong></span> <span class='ocrx_word' id='word_1_181' title='bbox 1239 1852 1284 1898; x_wconf 84' lang='lat' dir='ltr'><strong>F,</strong></span> <span class='ocrx_word' id='word_1_182' title='bbox 1310 1847 1485 1904; x_wconf 63' lang='grc' dir='ltr'><strong><em>καθάπερ</em></strong></span> <span class='ocrx_word' id='word_1_183' title='bbox 1509 1850 1585 1909; x_wconf 61' lang='grc' dir='ltr'><strong>Ρᾼ.</strong></span> <span class='ocrx_word' id='word_1_184' title='bbox 1703 1852 1758 1888; x_wconf 89' lang='grc'><strong>14.</strong></span> 
     </span>
     <span class='ocr_line' id='line_1_24' title="bbox 393 1894 1758 1955; baseline 0.004 -25"><span class='ocrx_word' id='word_1_185' title='bbox 393 1907 471 1942; x_wconf 89' lang='lat' dir='ltr'><strong>sqq.</strong></span> <span class='ocrx_word' id='word_1_186' title='bbox 499 1894 626 1931; x_wconf 80' lang='grc' dir='ltr'><strong><em>ὁποσα</em></strong></span> <span class='ocrx_word' id='word_1_187' title='bbox 652 1896 694 1932; x_wconf 82' lang='grc' dir='ltr'><strong>δὲ</strong></span> <span class='ocrx_word' id='word_1_188' title='bbox 713 1894 942 1955; x_wconf 66' lang='grc' dir='ltr'><strong><em>ἑρυμνότατα</em></strong></span> <span class='ocrx_word' id='word_1_189' title='bbox 959 1927 966 1935; x_wconf 93' lang='grc'>.</span> <span class='ocrx_word' id='word_1_190' title='bbox 982 1927 989 1935; x_wconf 94' lang='grc'><strong>.</strong></span> <span class='ocrx_word' id='word_1_191' title='bbox 1006 1927 1013 1935; x_wconf 93' lang='grc'><strong>.</strong></span> <span class='ocrx_word' id='word_1_192' title='bbox 1028 1903 1215 1948; x_wconf 82' lang='grc' dir='ltr'><strong><em>κατέσχον</em></strong></span> <span class='ocrx_word' id='word_1_193' title='bbox 1232 1899 1406 1947; x_wconf 78' lang='grc' dir='ltr'><strong><em>πολλοὺς]</em></strong></span> <span class='ocrx_word' id='word_1_194' title='bbox 1424 1902 1523 1938; x_wconf 82' lang='grc' dir='ltr'><strong><em>εἱλον</em></strong></span> <span class='ocrx_word' id='word_1_195' title='bbox 1536 1901 1640 1948; x_wconf 80' lang='grc' dir='ltr'><strong><em>(ηλον</em></strong></span> <span class='ocrx_word' id='word_1_196' title='bbox 1653 1900 1701 1947; x_wconf 90' lang='grc' dir='ltr'><strong>Α)</strong></span> <span class='ocrx_word' id='word_1_197' title='bbox 1716 1901 1758 1936; x_wconf 83' lang='grc' dir='ltr'><strong>δὲ</strong></span> 
     </span>
    </p>
   </div>
   <div class='ocr_carea' id='block_1_4' title="bbox 393 1942 1756 2042">
    <p class='ocr_par' dir='ltr' id='par_1_4' title="bbox 393 1942 1756 2042">
     <span class='ocr_line' id='line_1_25' title="bbox 393 1942 1756 1998; baseline 0.005 -20"><span class='ocrx_word' id='word_1_198' title='bbox 393 1946 456 1978; x_wconf 85' lang='grc' dir='ltr'><strong><em>καὶ</em></strong></span> <span class='ocrx_word' id='word_1_199' title='bbox 483 1943 550 1989; x_wconf 84' lang='grc' dir='ltr'><strong>τὴν</strong></span> <span class='ocrx_word' id='word_1_200' title='bbox 572 1942 820 1994; x_wconf 63' lang='grc' dir='ltr'><strong><em>’Ῑερουσαλημ,</em></strong></span> <span class='ocrx_word' id='word_1_201' title='bbox 846 1946 1004 1988; x_wconf 80' lang='grc' dir='ltr'><strong><em>πολλοὺς</em></strong></span> <span class='ocrx_word' id='word_1_202' title='bbox 1029 1949 1103 1986; x_wconf 88' lang='lat' dir='ltr'><strong>CA.</strong></span> <span class='ocrx_word' id='word_1_203' title='bbox 1218 1951 1273 1986; x_wconf 85' lang='lat'><strong>16.</strong></span> <span class='ocrx_word' id='word_1_204' title='bbox 1299 1948 1530 1998; x_wconf 81' lang='grc' dir='ltr'><strong><em>Ἰερουσαλὴλ</em></strong></span> <span class='ocrx_word' id='word_1_205' title='bbox 1556 1950 1599 1987; x_wconf 84' lang='lat' dir='ltr'><strong>F.</strong></span> <span class='ocrx_word' id='word_1_206' title='bbox 1701 1951 1756 1986; x_wconf 86' lang='lat'><strong>17.</strong></span> 
     </span>
     <span class='ocr_line' id='line_1_26' title="bbox 393 1993 763 2042; baseline 0.011 -15"><span class='ocrx_word' id='word_1_207' title='bbox 393 1994 483 2040; x_wconf 82' lang='grc' dir='ltr'><strong><em>μιᾶς</em></strong></span> <span class='ocrx_word' id='word_1_208' title='bbox 507 1993 549 2038; x_wconf 88' lang='lat' dir='ltr'><strong>F,</strong></span> <span class='ocrx_word' id='word_1_209' title='bbox 575 1997 695 2042; x_wconf 78' lang='grc' dir='ltr'><strong><em>μέσης</em></strong></span> <span class='ocrx_word' id='word_1_210' title='bbox 722 1995 763 2032; x_wconf 88' lang='grc' dir='ltr'><strong>Ρ.</strong></span> 
     </span>
    </p>
   </div>
   <div class='ocr_carea' id='block_1_5' title="bbox 259 2137 1761 2825">
    <p class='ocr_par' dir='ltr' id='par_1_5' title="bbox 259 2137 1761 2825">
     <span class='ocr_line' id='line_1_27' title="bbox 259 2137 1758 2191; baseline 0.005 -18"><span class='ocrx_word' id='word_1_211' title='bbox 259 2137 441 2174; x_wconf 87' lang='lat' dir='ltr'><strong>cadavera</strong></span> <span class='ocrx_word' id='word_1_212' title='bbox 465 2139 570 2184; x_wconf 86' lang='lat' dir='ltr'><strong>quasi</strong></span> <span class='ocrx_word' id='word_1_213' title='bbox 593 2143 747 2186; x_wconf 88' lang='lat' dir='ltr'><strong>pontem</strong></span> <span class='ocrx_word' id='word_1_214' title='bbox 772 2142 956 2188; x_wconf 83' lang='lat' dir='ltr'><strong>quendam</strong></span> <span class='ocrx_word' id='word_1_215' title='bbox 982 2144 1269 2190; x_wconf 73' lang='lat' dir='ltr'><strong>insequentibus</strong></span> <span class='ocrx_word' id='word_1_216' title='bbox 1309 2145 1546 2191; x_wconf 73' lang='lat' dir='ltr'><strong>praeberent.</strong></span> <span class='ocrx_word' id='word_1_217' title='bbox 1608 2145 1663 2180; x_wconf 77' lang='lat' dir='ltr'><strong>ita</strong></span> <span class='ocrx_word' id='word_1_218' title='bbox 1701 2144 1758 2180; x_wconf 84' lang='lat' dir='ltr'><strong>fu-</strong></span> 
     </span>
     <span class='ocr_line' id='line_1_28' title="bbox 260 2187 1756 2240; baseline 0.005 -19"><span class='ocrx_word' id='word_1_219' title='bbox 260 2187 407 2233; x_wconf 85' lang='lat' dir='ltr'><strong>gientes</strong></span> <span class='ocrx_word' id='word_1_220' title='bbox 431 2188 521 2223; x_wconf 82' lang='lat' dir='ltr'><strong>satis</strong></span> <span class='ocrx_word' id='word_1_221' title='bbox 545 2191 731 2234; x_wconf 81' lang='lat' dir='ltr'><strong>persecuti</strong></span> <span class='ocrx_word' id='word_1_222' title='bbox 758 2191 919 2228; x_wconf 90' lang='lat' dir='ltr'><strong>redeunt</strong></span> <span class='ocrx_word' id='word_1_223' title='bbox 937 2193 984 2228; x_wconf 88' lang='lat' dir='ltr'><strong>ad</strong></span> <span class='ocrx_word' id='word_1_224' title='bbox 1008 2194 1259 2229; x_wconf 80' lang='lat' dir='ltr'><strong>barbarorum</strong></span> <span class='ocrx_word' id='word_1_225' title='bbox 1276 2196 1410 2238; x_wconf 87' lang='lat' dir='ltr'><strong>castra,</strong></span> <span class='ocrx_word' id='word_1_226' title='bbox 1441 2205 1602 2240; x_wconf 87' lang='lat' dir='ltr'><strong>cumque</strong></span> <span class='ocrx_word' id='word_1_227' title='bbox 1628 2205 1756 2230; x_wconf 85' lang='lat' dir='ltr'><strong>eorum</strong></span> 
     </span>
     <span class='ocr_line' id='line_1_29' title="bbox 262 2236 1759 2290; baseline 0.007 -21"><span class='ocrx_word' id='word_1_228' title='bbox 262 2247 349 2290; x_wconf 75' lang='lat' dir='ltr'><strong>opes</strong></span> <span class='ocrx_word' id='word_1_229' title='bbox 378 2238 416 2271; x_wconf 91' lang='lat' dir='ltr'><strong>et</strong></span> <span class='ocrx_word' id='word_1_230' title='bbox 441 2236 617 2282; x_wconf 86' lang='lat' dir='ltr'><strong>praedam</strong></span> <span class='ocrx_word' id='word_1_231' title='bbox 643 2251 791 2275; x_wconf 91' lang='lat' dir='ltr'><strong>omnem</strong></span> <span class='ocrx_word' id='word_1_232' title='bbox 817 2242 864 2277; x_wconf 86' lang='lat' dir='ltr'><strong>ab</strong></span> <span class='ocrx_word' id='word_1_233' title='bbox 903 2242 949 2277; x_wconf 83' lang='lat' dir='ltr'><strong>iis</strong></span> <span class='ocrx_word' id='word_1_234' title='bbox 988 2245 1204 2289; x_wconf 84' lang='lat' dir='ltr'><strong>congestam</strong></span> <span class='ocrx_word' id='word_1_235' title='bbox 1240 2242 1470 2289; x_wconf 85' lang='lat' dir='ltr'><strong>reperissent</strong></span> <span class='ocrx_word' id='word_1_236' title='bbox 1499 2254 1614 2289; x_wconf 78' lang='lat' dir='ltr'><strong>eaque</strong></span> <span class='ocrx_word' id='word_1_237' title='bbox 1643 2255 1759 2289; x_wconf 83' lang='lat' dir='ltr'><strong>quan-</strong></span> 
     </span>
     <span class='ocr_line' id='line_1_30' title="bbox 261 2284 1758 2339; baseline 0.007 -21"><span class='ocrx_word' id='word_1_238' title='bbox 261 2286 382 2339; x_wconf 69' lang='lat' dir='ltr'><strong>toclus</strong></span> <span class='ocrx_word' id='word_1_239' title='bbox 406 2284 606 2321; x_wconf 84' lang='lat' dir='ltr'><strong>exhaurire</strong></span> <span class='ocrx_word' id='word_1_240' title='bbox 631 2288 871 2335; x_wconf 86' lang='lat' dir='ltr'><strong>cupivissent,</strong></span> <span class='ocrx_word' id='word_1_241' title='bbox 898 2293 1023 2326; x_wconf 83' lang='lat' dir='ltr'><strong>tamen</strong></span> <span class='ocrx_word' id='word_1_242' title='bbox 1054 2294 1162 2327; x_wconf 86' lang='lat' dir='ltr'><strong>tanta</strong></span> <span class='ocrx_word' id='word_1_243' title='bbox 1187 2295 1306 2337; x_wconf 87' lang='lat' dir='ltr'><strong>erant,</strong></span> <span class='ocrx_word' id='word_1_244' title='bbox 1336 2294 1380 2327; x_wconf 88' lang='lat' dir='ltr'><strong>ut</strong></span> <span class='ocrx_word' id='word_1_245' title='bbox 1405 2292 1468 2328; x_wconf 85' lang='lat' dir='ltr'><strong>vix</strong></span> <span class='ocrx_word' id='word_1_246' title='bbox 1495 2292 1656 2338; x_wconf 86' lang='lat' dir='ltr'><strong>triginta</strong></span> <span class='ocrx_word' id='word_1_247' title='bbox 1681 2291 1758 2327; x_wconf 84' lang='lat' dir='ltr'><strong>die-</strong></span> 
     </span>
     <span class='ocr_line' id='line_1_31' title="bbox 262 2333 1757 2386; baseline 0.007 -20"><span class='ocrx_word' id='word_1_248' title='bbox 262 2333 330 2368; x_wconf 90' lang='lat' dir='ltr'><strong>bus</strong></span> <span class='ocrx_word' id='word_1_249' title='bbox 355 2345 396 2367; x_wconf 89' lang='lat' dir='ltr'><strong>m</strong></span> <span class='ocrx_word' id='word_1_250' title='bbox 421 2333 552 2370; x_wconf 87' lang='lat' dir='ltr'><strong>urbem</strong></span> <span class='ocrx_word' id='word_1_251' title='bbox 577 2335 818 2373; x_wconf 83' lang='lat' dir='ltr'><strong>Antiochiam</strong></span> <span class='ocrx_word' id='word_1_252' title='bbox 844 2343 1083 2386; x_wconf 87' lang='lat' dir='ltr'><strong>comportare</strong></span> <span class='ocrx_word' id='word_1_253' title='bbox 1110 2352 1153 2376; x_wconf 90' lang='lat' dir='ltr'><strong>ea</strong></span> <span class='ocrx_word' id='word_1_254' title='bbox 1188 2343 1352 2386; x_wconf 84' lang='lat' dir='ltr'><strong>possent.</strong></span> <span class='ocrx_word' id='word_1_255' title='bbox 1404 2340 1492 2377; x_wconf 87' lang='lat' dir='ltr'><strong>dein</strong></span> <span class='ocrx_word' id='word_1_256' title='bbox 1515 2340 1571 2377; x_wconf 87' lang='lat' dir='ltr'><strong>ibi</strong></span> <span class='ocrx_word' id='word_1_257' title='bbox 1595 2352 1757 2376; x_wconf 91' lang='lat' dir='ltr'><strong>commo·</strong></span> 
     </span>
     <span class='ocr_line' id='line_1_32' title="bbox 262 2381 1761 2437; baseline 0.007 -22"><span class='ocrx_word' id='word_1_258' title='bbox 262 2381 445 2437; x_wconf 56' lang='lat' dir='ltr'><strong>rebantur</strong></span> <span class='ocrx_word' id='word_1_259' title='bbox 466 2382 738 2431; x_wconf 83' lang='lat' dir='ltr'><strong>aliquantisper</strong></span> <span class='ocrx_word' id='word_1_260' title='bbox 754 2386 862 2433; x_wconf 82' lang='lat' dir='ltr'><strong>Galli,</strong></span> <span class='ocrx_word' id='word_1_261' title='bbox 881 2391 924 2423; x_wconf 92' lang='lat' dir='ltr'><strong>ut</strong></span> <span class='ocrx_word' id='word_1_262' title='bbox 950 2400 996 2424; x_wconf 86' lang='lat' dir='ltr'><strong>ex</strong></span> <span class='ocrx_word' id='word_1_263' title='bbox 1017 2389 1265 2425; x_wconf 88' lang='lat' dir='ltr'><strong>certaminum</strong></span> <span class='ocrx_word' id='word_1_264' title='bbox 1294 2389 1488 2426; x_wconf 84' lang='lat' dir='ltr'><strong>laboribus</strong></span> <span class='ocrx_word' id='word_1_265' title='bbox 1505 2401 1544 2425; x_wconf 90' lang='lat' dir='ltr'><strong>se</strong></span> <span class='ocrx_word' id='word_1_266' title='bbox 1562 2388 1761 2426; x_wconf 86' lang='lat' dir='ltr'><strong>reficerent</strong></span> 
     </span>
     <span class='ocr_line' id='line_1_33' title="bbox 262 2430 1761 2485; baseline 0.007 -22"><span class='ocrx_word' id='word_1_267' title='bbox 262 2430 444 2485; x_wconf 78' lang='lat' dir='ltr'><strong>simulque</strong></span> <span class='ocrx_word' id='word_1_268' title='bbox 469 2431 694 2469; x_wconf 85' lang='lat' dir='ltr'><strong>Antiochiae</strong></span> <span class='ocrx_word' id='word_1_269' title='bbox 718 2436 959 2481; x_wconf 86' lang='lat' dir='ltr'><strong>providentes</strong></span> <span class='ocrx_word' id='word_1_270' title='bbox 985 2441 1221 2484; x_wconf 83' lang='lat' dir='ltr'><strong>quaererent,</strong></span> <span class='ocrx_word' id='word_1_271' title='bbox 1259 2439 1325 2485; x_wconf 88' lang='lat' dir='ltr'><strong>qui</strong></span> <span class='ocrx_word' id='word_1_272' title='bbox 1349 2450 1431 2475; x_wconf 83' lang='lat' dir='ltr'><strong>eam</strong></span> <span class='ocrx_word' id='word_1_273' title='bbox 1455 2437 1675 2475; x_wconf 84' lang='lat' dir='ltr'><strong>custodiret.</strong></span> <span class='ocrx_word' id='word_1_274' title='bbox 1727 2438 1761 2474; x_wconf 88' lang='lat' dir='ltr'><strong>is</strong></span> 
     </span>
     <span class='ocr_line' id='line_1_34' title="bbox 262 2477 1759 2533; baseline 0.007 -20"><span class='ocrx_word' id='word_1_275' title='bbox 262 2477 338 2533; x_wconf 76' lang='lat' dir='ltr'><strong>fuit</strong></span> <span class='ocrx_word' id='word_1_276' title='bbox 361 2478 608 2527; x_wconf 73' lang='grc' dir='ltr'><strong><em>Βοόωιωᾶιιε,</em></strong></span> <span class='ocrx_word' id='word_1_277' title='bbox 633 2485 676 2518; x_wconf 92' lang='lat' dir='ltr'><strong>ut</strong></span> <span class='ocrx_word' id='word_1_278' title='bbox 701 2484 767 2529; x_wconf 90' lang='lat' dir='ltr'><strong>qui</strong></span> <span class='ocrx_word' id='word_1_279' title='bbox 804 2485 879 2520; x_wconf 80' lang='lat' dir='ltr'><strong>iam</strong></span> <span class='ocrx_word' id='word_1_280' title='bbox 920 2489 1007 2522; x_wconf 81' lang='lat' dir='ltr'><strong>ante</strong></span> <span class='ocrx_word' id='word_1_281' title='bbox 1046 2490 1195 2533; x_wconf 84' lang='lat' dir='ltr'><strong>captam</strong></span> <span class='ocrx_word' id='word_1_282' title='bbox 1225 2487 1420 2524; x_wconf 86' lang='lat' dir='ltr'><strong>civitatem</strong></span> <span class='ocrx_word' id='word_1_283' title='bbox 1458 2486 1499 2523; x_wconf 81' lang='lat' dir='ltr'><strong>id</strong></span> <span class='ocrx_word' id='word_1_284' title='bbox 1524 2487 1598 2523; x_wconf 86' lang='lat' dir='ltr'><strong>sibi</strong></span> <span class='ocrx_word' id='word_1_285' title='bbox 1625 2499 1759 2523; x_wconf 88' lang='lat' dir='ltr'><strong>munus</strong></span> 
     </span>
     <span class='ocr_line' id='line_1_35' title="bbox 262 2529 1759 2583; baseline 0.007 -22"><span class='ocrx_word' id='word_1_286' title='bbox 262 2529 436 2582; x_wconf 75' lang='lat' dir='ltr'><strong>petisset3</strong></span> <span class='ocrx_word' id='word_1_287' title='bbox 477 2529 538 2565; x_wconf 88' lang='lat' dir='ltr'><strong>cui</strong></span> <span class='ocrx_word' id='word_1_288' title='bbox 563 2532 743 2575; x_wconf 85' lang='lat' dir='ltr'><strong>permissa</strong></span> <span class='ocrx_word' id='word_1_289' title='bbox 769 2534 871 2569; x_wconf 89' lang='lat' dir='ltr'><strong>omni</strong></span> <span class='ocrx_word' id='word_1_290' title='bbox 912 2535 1016 2570; x_wconf 87' lang='lat' dir='ltr'><strong>urbis</strong></span> <span class='ocrx_word' id='word_1_291' title='bbox 1054 2538 1242 2581; x_wconf 84' lang='lat' dir='ltr'><strong>potestate</strong></span> <span class='ocrx_word' id='word_1_292' title='bbox 1278 2537 1352 2582; x_wconf 87' lang='lat' dir='ltr'><strong>ipsi</strong></span> <span class='ocrx_word' id='word_1_293' title='bbox 1387 2535 1648 2583; x_wconf 83' lang='lat' dir='ltr'><strong>Hierosolyma</strong></span> <span class='ocrx_word' id='word_1_294' title='bbox 1685 2536 1759 2572; x_wconf 86' lang='lat' dir='ltr'><strong>iter</strong></span> 
     </span>
     <span class='ocr_line' id='line_1_36' title="bbox 262 2576 1759 2631; baseline 0.007 -22"><span class='ocrx_word' id='word_1_295' title='bbox 262 2576 476 2630; x_wconf 78' lang='lat' dir='ltr'><strong>intendunt.</strong></span> <span class='ocrx_word' id='word_1_296' title='bbox 517 2578 720 2626; x_wconf 88' lang='lat' dir='ltr'><strong>multisque</strong></span> <span class='ocrx_word' id='word_1_297' title='bbox 746 2581 784 2616; x_wconf 89' lang='lat' dir='ltr'><strong>in</strong></span> <span class='ocrx_word' id='word_1_298' title='bbox 811 2585 1028 2620; x_wconf 86' lang='lat' dir='ltr'><strong>transcursu</strong></span> <span class='ocrx_word' id='word_1_299' title='bbox 1053 2584 1101 2620; x_wconf 91' lang='lat' dir='ltr'><strong>ad</strong></span> <span class='ocrx_word' id='word_1_300' title='bbox 1126 2596 1228 2620; x_wconf 77' lang='lat' dir='ltr'><strong>mare</strong></span> <span class='ocrx_word' id='word_1_301' title='bbox 1250 2585 1401 2621; x_wconf 83' lang='lat' dir='ltr'><strong>arcibus</strong></span> <span class='ocrx_word' id='word_1_302' title='bbox 1423 2585 1628 2631; x_wconf 82' lang='lat' dir='ltr'><strong>occupatis,</strong></span> <span class='ocrx_word' id='word_1_303' title='bbox 1649 2585 1759 2621; x_wconf 90' lang='lat' dir='ltr'><strong>omis-</strong></span> 
     </span>
     <span class='ocr_line' id='line_1_37' title="bbox 263 2626 1759 2681; baseline 0.007 -23"><span class='ocrx_word' id='word_1_304' title='bbox 263 2635 312 2659; x_wconf 77' lang='lat' dir='ltr'><strong>sis</strong></span> <span class='ocrx_word' id='word_1_305' title='bbox 352 2627 476 2660; x_wconf 87' lang='lat' dir='ltr'><strong>autem</strong></span> <span class='ocrx_word' id='word_1_306' title='bbox 512 2626 666 2663; x_wconf 86' lang='lat' dir='ltr'><strong>interim</strong></span> <span class='ocrx_word' id='word_1_307' title='bbox 697 2629 933 2678; x_wconf 85' lang='lat' dir='ltr'><strong>firmissimis,</strong></span> <span class='ocrx_word' id='word_1_308' title='bbox 973 2645 1134 2679; x_wconf 89' lang='lat' dir='ltr'><strong>quarum</strong></span> <span class='ocrx_word' id='word_1_309' title='bbox 1173 2633 1446 2681; x_wconf 84' lang='lat' dir='ltr'><strong>expugnationi</strong></span> <span class='ocrx_word' id='word_1_310' title='bbox 1471 2633 1622 2680; x_wconf 83' lang='lat' dir='ltr'><strong>longior</strong></span> <span class='ocrx_word' id='word_1_311' title='bbox 1653 2645 1759 2670; x_wconf 83' lang='lat' dir='ltr'><strong>mora</strong></span> 
     </span>
     <span class='ocr_line' id='line_1_38' title="bbox 262 2675 1758 2731; baseline 0.007 -25"><span class='ocrx_word' id='word_1_312' title='bbox 262 2684 366 2728; x_wconf 43' lang='lat' dir='ltr'><strong>opus·</strong></span> <span class='ocrx_word' id='word_1_313' title='bbox 388 2676 495 2729; x_wconf 41' lang='lat' dir='ltr'><strong>emt,-</strong></span> <span class='ocrx_word' id='word_1_314' title='bbox 518 2675 564 2731; x_wconf 77' lang='lat' dir='ltr'><strong>ad</strong></span> <span class='ocrx_word' id='word_1_315' title='bbox 589 2676 847 2725; x_wconf 86' lang='lat' dir='ltr'><strong>Hierosolyma</strong></span> <span class='ocrx_word' id='word_1_316' title='bbox 885 2681 1160 2718; x_wconf 83' lang='lat' dir='ltr'><strong>festinaverunt</strong></span> <span class='ocrx_word' id='word_1_317' title='bbox 1197 2694 1316 2729; x_wconf 84' lang='lat' dir='ltr'><strong>eaque</strong></span> <span class='ocrx_word' id='word_1_318' title='bbox 1347 2682 1562 2719; x_wconf 87' lang='lat' dir='ltr'><strong>obsidentes</strong></span> <span class='ocrx_word' id='word_1_319' title='bbox 1602 2682 1758 2719; x_wconf 88' lang='lat' dir='ltr'><strong>crebris-</strong></span> 
     </span>
     <span class='ocr_line' id='line_1_39' title="bbox 262 2724 1758 2777; baseline 0.007 -22"><span class='ocrx_word' id='word_1_320' title='bbox 262 2731 338 2766; x_wconf 82' lang='lat' dir='ltr'><strong>quo</strong></span> <span class='ocrx_word' id='word_1_321' title='bbox 358 2724 633 2760; x_wconf 71' lang='lat' dir='ltr'><strong>mcursxombus</strong></span> <span class='ocrx_word' id='word_1_322' title='bbox 669 2732 929 2774; x_wconf 87' lang='lat' dir='ltr'><strong>oppugnantes</strong></span> <span class='ocrx_word' id='word_1_323' title='bbox 959 2730 1088 2765; x_wconf 85' lang='lat' dir='ltr'><strong>multis</strong></span> <span class='ocrx_word' id='word_1_324' title='bbox 1116 2730 1311 2768; x_wconf 87' lang='lat' dir='ltr'><strong>Saracenis</strong></span> <span class='ocrx_word' id='word_1_325' title='bbox 1336 2731 1589 2777; x_wconf 81' lang='lat' dir='ltr'><strong>Hebraeisque</strong></span> <span class='ocrx_word' id='word_1_326' title='bbox 1627 2731 1758 2767; x_wconf 87' lang='lat' dir='ltr'><strong>occisis</strong></span> 
     </span>
     <span class='ocr_line' id='line_1_40' title="bbox 261 2771 1760 2825; baseline 0.008 -22"><span class='ocrx_word' id='word_1_327' title='bbox 261 2771 347 2815; x_wconf 87' lang='lat' dir='ltr'><strong>post</strong></span> <span class='ocrx_word' id='word_1_328' title='bbox 389 2782 504 2806; x_wconf 89' lang='lat' dir='ltr'><strong>unum</strong></span> <span class='ocrx_word' id='word_1_329' title='bbox 549 2785 709 2810; x_wconf 90' lang='lat' dir='ltr'><strong>mensem</strong></span> <span class='ocrx_word' id='word_1_330' title='bbox 753 2781 948 2823; x_wconf 84' lang='lat' dir='ltr'><strong>occupant.</strong></span> <span class='ocrx_word' id='word_1_331' title='bbox 1018 2780 1163 2815; x_wconf 86' lang='lat' dir='ltr'><strong>cunctis</strong></span> <span class='ocrx_word' id='word_1_332' title='bbox 1205 2792 1294 2816; x_wconf 85' lang='lat' dir='ltr'><strong>vero</strong></span> <span class='ocrx_word' id='word_1_333' title='bbox 1336 2779 1502 2825; x_wconf 71' lang='lat' dir='ltr'><strong>domitis,</strong></span> <span class='ocrx_word' id='word_1_334' title='bbox 1539 2791 1624 2816; x_wconf 89' lang='lat' dir='ltr'><strong>cum</strong></span> <span class='ocrx_word' id='word_1_335' title='bbox 1649 2791 1760 2815; x_wconf 87' lang='lat' dir='ltr'><strong>nemo</strong></span> 
     </span>
    </p>
   </div>
   <div class='ocr_carea' id='block_1_6' title="bbox 262 2818 1759 2914">
    <p class='ocr_par' dir='ltr' id='par_1_6' title="bbox 262 2818 1759 2914">
     <span class='ocr_line' id='line_1_41' title="bbox 262 2818 1759 2914; baseline 0.006 -60"><span class='ocrx_word' id='word_1_336' title='bbox 262 2818 464 2914; x_wconf 52' lang='grc' dir='ltr'><strong>ξῑῗὲῗῗέἓξ,</strong></span> <span class='ocrx_word' id='word_1_337' title='bbox 490 2831 672 2858; x_wconf 85' lang='lat' dir='ltr'><strong>summam</strong></span> <span class='ocrx_word' id='word_1_338' title='bbox 697 2836 824 2861; x_wconf 88' lang='lat' dir='ltr'><strong>rerum</strong></span> <span class='ocrx_word' id='word_1_339' title='bbox 859 2826 908 2862; x_wconf 86' lang='lat' dir='ltr'><strong>ad</strong></span> <span class='ocrx_word' id='word_1_340' title='bbox 931 2826 1181 2863; x_wconf 87' lang='lat' dir='ltr'><strong>Gotofredum</strong></span> <span class='ocrx_word' id='word_1_341' title='bbox 1219 2828 1398 2865; x_wconf 86' lang='lat' dir='ltr'><strong>deferunt</strong></span> <span class='ocrx_word' id='word_1_342' title='bbox 1434 2840 1595 2875; x_wconf 87' lang='lat' dir='ltr'><strong>eumque</strong></span> <span class='ocrx_word' id='word_1_343' title='bbox 1632 2839 1759 2876; x_wconf 82' lang='lat' dir='ltr'><strong>regem</strong></span> 
     </span>
    </p>
   </div>
  </div>
 </body>
</html>
