1812 3184
288 229 341 270 76
800 230 966 264 ΑΝΝΑΕ
996 226 1265 262 COMNENAE

285 348 473 407 ἁμάξαις
511 345 723 403 ἐπισάξας
751 345 816 400 εἷς
843 342 921 404 τὴν
964 343 1118 401 λίμνην
1157 338 1363 401 εἰσήλασε
1400 337 1676 398 στρατιώτας
1704 339 1783 397 ἒμ-

284 416 433 476 βαλιΐν
473 418 518 463 ἒν
558 415 711 469 αὐτοῖς
755 410 1055 473 ὁπλοφόρους,
1110 408 1301 470 ἡγεμόνα
1344 407 1518 455 τούτων
1561 405 1781 467 Μανουὴλ

283 487 362 532 τὸν
379 486 681 543 Βουτουμίτην
697 479 1080 540 καταστησάμενος
1094 481 1167 524 καὶ
1188 479 1378 538 σημαίας
1397 475 1576 532 τούτοις
1595 477 1781 530 πλείους

130 563 174 600 V.
200 559 360 616 248τῆς
378 555 526 612 χρείας
547 551 738 607 ἐπιδούς,
772 549 834 605 ῶς
861 552 1070 596 ἐντεῦθεν
1090 547 1459 601 πολλαπλασίους
1478 548 1639 600 δοκεῖν,
1663 543 1782 602 πρὸς

284 626 331 670 δὲ
360 625 432 668 καὶ
461 620 615 679 βίκινά
645 639 693 666 τε
724 622 796 665 καὶ
825 617 1049 677 τύμπανα.
1099 613 1192 662 ἄλλ’
1217 615 1340 662 οὕτω
1371 615 1453 674 μὲν
1481 612 1538 660 τὰ
1566 612 1679 659 κατὰ
1701 611 1812 673 τὴνᾶ

283 694 436 752 λίμνην
467 686 743 751 ᾠκονόμηται
773 692 835 748 τῷ
867 683 1180 744 αὐτοκράτορι·
1225 681 1318 730 ἀπὸ
1349 685 1398 731 δέ
1423 701 1471 743 γε
1491 686 1571 744 τῆς
1591 683 1781 743 ἠπείρου

283 758 693 819 μεταπεμψάμενος
733 756 811 803 τὸν
846 758 1052 802 Τατίκιον
1093 752 1165 800 καὶ
1195 756 1273 800 τὸν
1315 750 1588 811 καλούμενον
1623 751 1800 808 Τζίταν,

284 831 395 888 μετα
423 831 682 874 πελταστῶν
728 827 935 886 γενναίων
979 825 1043 880 εἷς
1071 827 1312 881 δισχιλίους
1341 822 1636 881 ποσουμένων
1665 817 1778 866 κατά

242 903 362 960 Βτῆς
391 899 574 951 Νικαίας
603 892 863 942 ἀπέστειλεν
909 893 1169 954 ἐπισκήψας
1197 892 1289 951 ἅμα
1318 896 1382 952 τῷ
1412 895 1504 937 τῶν
1532 894 1645 937 νεῶν
1668 885 1783 935 ἆπο-

283 970 412 1027 βῆναι
441 965 493 1011 τὸ
523 969 608 1010 τοῦ
647 968 787 1021 κυροῦ
819 970 841 1009 1
850 964 1041 1022 ἐωργίου
1084 963 1342 1008 καστέλλιον
1380 957 1708 1016 καταλαβόντας
1739 957 1812 1003 ἐν]

286 1033 487 1094 ἡμιόνοις
517 1036 597 1091 μὲν
618 1030 826 1089 ἐπισάξαι
853 1031 966 1090 ὅπερ
990 1032 1267 1092 ἐπεφέροντο
1289 1031 1474 1092 πλῆθος
1492 1031 1583 1074 τῶν
1603 1023 1781 1081 ὀϊστῶν,

285 1106 442 1161 πόρρω
474 1103 521 1148 δὲ
551 1106 640 1147 τῶν
669 1106 825 1158 τειχῶν
855 1106 932 1163 τῆς
963 1101 1148 1154 Νικαίας
1186 1103 1277 1144 τῶν
1319 1100 1480 1144 ἵππων
1524 1093 1786 1154 οἷποβάντας

286 1175 357 1218 καὶ
397 1171 535 1232 βάδην
573 1174 903 1230 πορευομένους
942 1171 1138 1217 κατευθὺ
1179 1174 1260 1216 τοῦ
1299 1168 1471 1229 πύργου
1514 1172 1594 1215 τοῦ
1626 1169 1785 1213 καλου-

285 1244 418 1300 μένου
447 1240 641 1287 Γονάτου
680 1240 758 1285 τόν
790 1239 957 1298 χάρακα
986 1239 1233 1300 πήξασθαι,
1275 1236 1372 1285 εἶτα
1403 1239 1453 1296 ἐξ
1480 1236 1579 1293 ἑνὸς
1611 1234 1784 1295 συνθή-

285 1328 423 1368 ματος
470 1307 794 1368 συνησπικότας
838 1311 1114 1366 προσβαλεῖν
1159 1313 1257 1363 τοῖς
1300 1309 1502 1365 τείχεσιν.
1568 1303 1812 1365 &maanaim

287 1372 364 1424 οὖν
393 1377 416 1423 ὃ
453 1379 656 1431 Τατίκιος
685 1376 797 1435 μετὰ
837 1382 916 1423 τοῦ
947 1376 1023 1422 ὑπ’
1060 1374 1196 1422 αὗτὸν
1234 1374 1565 1434 στρατεύματος
1603 1375 1786 1420 δίδωσιν

287 1445 453 1506 εἴδησιν
482 1450 578 1500 τοῖς
602 1449 790 1500 Κελτοῖς
820 1445 930 1491 κατὰ
956 1445 1035 1506 τὴν
1064 1450 1144 1491 τοῦ
1174 1446 1394 1503 βασιλέως
1414 1442 1668 1504 ὑποθήκην.
1714 1443 1787 1487 καὶ

286 1519 523 1574 τηνικαῦτα
555 1513 938 1575 ἐσιδηροφόρησαν
976 1513 1174 1569 ἅπαντες
1215 1517 1287 1560 καί
1331 1513 1412 1560 σὺν
1441 1509 1682 1572 οἷλαλαγμιῇ
1714 1512 1787 1570 καὶ

287 1588 371 1645 βοῇ
402 1586 546 1646 πολλῇ
576 1586 857 1641 προσέβαλον
885 1589 982 1639 τοῖς
1011 1586 1188 1641 τείχεσι.
1247 1588 1337 1629 τῶν
1364 1585 1445 1641 μὲν
1474 1586 1554 1628 τοῦ
1576 1582 1784 1627 Τατικίου

248 1662 274 1697 C
288 1651 472 1708 συχνοιῗς
493 1658 724 1712 τηνικαῦτα
751 1651 1025 1711 πεμπόντων
1047 1649 1240 1707 ὀϊστούς,
1273 1657 1363 1698 τῶν
1383 1653 1432 1698 δὲ
1454 1653 1638 1697 Κελτῶν
1668 1648 1812 1696 ὅπουὶ

287 1722 367 1777 μὲν
397 1719 781 1779 ὄιατιτραινόντων
809 1720 863 1766 τὰ
891 1723 1024 1782 τείχη,
1059 1720 1178 1768 ὅπου
1210 1723 1259 1767 δὲ
1287 1721 1359 1767 διὰ
1387 1717 1680 1778 πετροβόλων
1711 1714 1786 1776 ὄρ-

287 1786 428 1846 γάνων
457 1787 854 1834 καταπυκνούντων
872 1789 950 1844 τὰς
983 1795 1073 1835 τῶν
1093 1792 1240 1836 λίθων
1267 1787 1417 1848 βολάς,
1450 1788 1543 1834 ἀπὸ
1574 1789 1623 1834 δέ
1641 1805 1689 1847 γε
1709 1791 1788 1846 τῆς

287 1858 438 1917 λίμνης
468 1856 542 1903 διά
579 1876 627 1903 τε
660 1862 750 1903 τῶν
780 1861 1021 1916 βασιλικῶν
1050 1863 1252 1918 σημαιῶν
1272 1860 1345 1904 καὶ
1374 1859 1566 1916 βυκίνων
1587 1858 1788 1914 ἐκδειμα-

425 2028 455 2061 1.
483 2022 660 2066 ἐπισάξας
686 2027 758 2073 FC⁷
784 2024 979 2068 ἐπεισάξας
1003 2029 1045 2064 P.
1268 2024 1442 2072 εἰσήλασε
1460 2027 1503 2072 F,
1529 2023 1724 2071 εἰσήλασεν
1746 2025 1788 2061 Ρ.

421 2077 454 2111 3.
481 2078 713 2122 Βουιομίτην
726 2076 766 2120 Ρ,
791 2078 950 2113 correxi.
1020 2079 1053 2114 4.
1080 2079 1380 2117 πολλαπλασίους
1393 2077 1437 2120 F,
1464 2077 1732 2111 πολλαπλασίω
1746 2073 1787 2110 Ρ.

425 2124 479 2158 11.
507 2119 674 2164 ἐπισάξαι
702 2125 773 2171 FC,
799 2123 987 2166 ἐπεισάξαι
1015 2126 1055 2162 P.
1207 2128 1261 2162 15.
1285 2130 1362 2166 τοῖς
1385 2126 1428 2169 F,
1455 2123 1540 2164 τοὺς
1553 2124 1592 2160 Ρ.
1714 2138 1716 2140 ’

288 2267 483 2324 militibus,
510 2269 646 2314 quibus
671 2270 878 2308 Manuelem
909 2273 1125 2309 Butumiten
1154 2273 1350 2319 praefecit,
1387 2275 1507 2319 utque
1536 2271 1698 2306 maiores
1721 2281 1788 2305 nu-

287 2328 391 2372 mero
418 2316 648 2363 viderentur,
675 2320 779 2365 signa
804 2320 851 2356 iis
877 2321 986 2367 plura
1011 2322 1162 2368 tribuit,
1181 2334 1294 2368 quam
1311 2333 1405 2368 opus
1423 2323 1515 2362 erat,
1533 2331 1576 2356 ac
1594 2321 1790 2366 praeterea

289 2364 444 2421 bucinas
470 2369 730 2421 tyn1panaque.
781 2369 873 2405 haec
911 2370 957 2406 de
993 2370 1076 2407 lacu
1111 2372 1158 2407 ab
1185 2371 1360 2418 Augusto
1387 2370 1549 2416 provisa.
1599 2367 1788 2403 Taticium

289 2413 440 2469 demet
454 2413 599 2450 Tmam
625 2428 708 2451 cum
738 2419 899 2454 strenuis
925 2419 1095 2465 peltastis
1111 2432 1268 2456 numero
1294 2419 1455 2455 duorum
1482 2418 1561 2453 fere
1586 2416 1744 2452 millium
1769 2427 1791 2452 a

289 2465 506 2518 continente
531 2465 668 2499 accitos
697 2466 800 2501 misit
824 2467 999 2503 adversus
1015 2468 1190 2504 Nicaeam
1210 2470 1413 2515 imperem,
1426 2470 1470 2503 ut
1494 2467 1594 2502 facto
1613 2477 1790 2501 exscensu

293 2510 340 2565 ad
366 2510 443 2546 divl
471 2511 624 2558 Georgii
649 2514 840 2550 castellum
881 2517 1048 2562 sagittas,
1088 2517 1396 2563 quasiplurimas
1433 2515 1635 2560 habebant,
1675 2514 1787 2550 mulis

291 2563 529 2604 imponerent
568 2562 773 2608 proculque
798 2576 819 2599 a
845 2566 1039 2601 moenibus
1078 2566 1290 2602 desilientes
1315 2578 1359 2602 ex
1401 2566 1506 2611 equis
1539 2564 1642 2599 lento
1667 2562 1788 2609 gradu

291 2607 467 2663 auversus
496 2608 665 2645 Gonaten
690 2614 833 2647 turrem
860 2613 962 2649 irent
986 2614 1115 2660 ibique
1139 2618 1262 2650 castra
1287 2617 1490 2661 ponerent:
1517 2615 1597 2648 tum
1624 2623 1788 2648 commu-

291 2658 418 2711 nicato
450 2668 534 2691 cum
561 2658 676 2714 Galli-s
714 2661 870 2696 consilio
908 2674 989 2698 cum
1029 2664 1076 2698 iis
1114 2675 1242 2699 muros
1280 2662 1531 2699 succederent.
1584 2660 1685 2707 quod
1722 2660 1789 2696 ubi

293 2704 460 2739 Tatlclus
485 2717 568 2741 cum
583 2709 700 2752 copus
716 2709 790 2744 suis
809 2710 979 2756 perfecit,
994 2711 1136 2747 edoctis
1152 2712 1198 2748 de
1215 2712 1455 2759 imperatoris
1472 2710 1628 2747 consilio
1642 2708 1789 2744 Latinis

292 2752 394 2808 ferro
419 2764 546 2809 omnes
572 2758 707 2791 armati
733 2768 816 2792 cum
846 2771 981 2804 magno
1010 2760 1171 2796 clamore
1204 2773 1246 2797 ac
1281 2759 1552 2797 vociferatione
1584 2758 1624 2794 in
1661 2769 1789 2793 muros

291 2805 453 2857 irruunt.
503 2806 630 2848 ltaque
654 2804 858 2841 Taticianis
893 2808 1042 2843 crebras
1075 2812 1157 2844 tum
1190 2809 1432 2845 mittentibus
1465 2808 1635 2855 sagittas,
1674 2806 1788 2842 Gallis

292 2849 383 2905 al1b1
409 2862 536 2886 muros
560 2852 854 2907 perforantibu8‚
880 2856 971 2891 alibi
998 2856 1167 2902 lapidum
1193 2859 1289 2894 ictus
1317 2857 1521 2903 catapultis
1534 2855 1788 2902 multiplican-

291 2899 404 2941 tlbfflb
442 2900 608 2942 barb81·1‚
648 2913 729 2936 cum
765 2915 787 2938 a
819 2903 903 2939 lacu
928 2905 1043 2950 regiis
1070 2906 1216 2942 vexillis
1250 2906 1471 2953 bucinisque
1496 2907 1732 2941 terrerentur
1767 2910 1812 2938 a<
