1734 3120
184 219 266 261 220
684 220 848 255 ANNAE
871 208 1138 253 coMNENAE

182 357 313 397 μενον
352 339 450 397 μηδ’
483 336 597 390 ὅλως
626 336 689 390 εἷς
719 334 1010 394 προςκύνησιν
1041 333 1212 393 κάμψαι
1261 333 1362 393 γόνυ
1394 333 1422 394 ἢ
1453 333 1667 394 τράχηλον

182 410 244 466 τῷ
274 403 602 463 αὖτοκράτορι.”
673 403 844 449 τούτων
885 401 1151 458 ἀκούσαντες
1191 403 1231 448 οἳ
1277 400 1484 461 ἀνωτέρω
1527 406 1667 463 δηλω-

185 477 339 528 θέντες
369 475 576 531 πρέσβεις
605 472 655 517 τό
687 474 767 530 μὲν
798 474 1078 531 ἐξαναστῆναι
1108 476 1186 517 τοῦ
1227 474 1454 528 βασιλικοῦ
1496 470 1665 527 θρόνου

139 541 317 588 Βαῦτον
347 540 403 587 ου’
434 543 770 599 προσεδέξαντο,
803 537 912 585 ἄλλα
942 541 1013 585 καὶ
1045 538 1106 594 (ὃς
1143 539 1354 602 περιττὴν
1381 539 1463 599 τήν
1496 539 1668 599 αἴτησιν

183 609 535 668 ἀπεπέμψαντο·
568 606 620 655 οὗ
649 607 786 667 μόνον
815 610 862 654 δὲ
892 613 1030 654 τοῦτο
1070 610 1415 664 ἀπεδοκίμασαν,
1457 605 1566 653 ἀλλὰ
1595 611 1704 654 καὶὸ

183 679 234 724 τι)
264 679 324 741 μὴ
353 682 493 724 κλῖναι
519 678 621 737 γόνυ
651 676 760 738 μήτε
801 676 1017 737 τράχηλον
1055 678 1118 731 εἷς
1154 676 1452 737 προσκύνησιν
1489 682 1552 738 τῷ
1590 683 1669 733 βα-

32 760 75 797 V.
101 752 308 795 318σιλεῖ.
364 749 480 807 πρὸς
508 750 555 795 δὲ
592 749 643 794 τὸ
674 748 794 803 τινὰς
836 753 924 793 τῶν
969 750 1243 805 πορρωτέρω
1288 751 1506 806 συγγενῶν
1534 742 1669 791 αὐτοῦ

183 823 420 877 μεταβῆναι
454 816 672 876 διάστημα
704 816 854 863 ἱκανὸν
874 819 945 862 καὶ
967 816 1110 871 οὕτως
1141 821 1303 862 τοῦτον
1337 817 1676 874 προσδέξασθαι

186 886 298 944 πρὸς
329 885 406 931 τὸν
434 888 614 942 βασιλέα
644 884 1005 943 εἶσελευσόμενον
1039 884 1162 942 χάριν
1203 885 1456 942 οἰκονομίας
1484 885 1556 929 καὶ
1588 889 1670 929 θεέ-

185 955 370 1010 ραπειάς
402 958 478 1014 τῆς
522 953 636 1011 πρὸς
674 951 809 999 αὐτὸν
851 953 1067 1011 καὶπρὸς
1096 954 1149 999 τὸ
1191 952 1270 999 σὺν
1312 954 1413 998 δυσὶ
1459 950 1671 1009 χλαμύσιν
1685 951 1729 991 10

184 1023 416 1077 εἰσελθεῖν,
446 1018 556 1067 άλλά
597 1024 650 1082 δὴ
687 1025 758 1069 καὶ
789 1022 840 1069 τὸ
870 1027 947 1082 τῆς
976 1021 1124 1080 χειρὸς
1168 1021 1329 1068 τούτου
1373 1020 1452 1068 τὸν
1488 1022 1671 1078 βασιλέα

972 1095 988 1104 η
1028 1087 1052 1103 ’.Π

184 1088 451 1150 ἐφάψασθαι
481 1092 553 1136 καὶ
582 1095 741 1149 στῆσαι
773 1091 889 1150 πρὸς
927 1110 990 1136 τω
1019 1097 1202 1138 ανωθεν
1231 1093 1355 1149 μέρει
1392 1094 1472 1135 τοῦ
1501 1092 1671 1147 βασιλι-

964 1135 975 1151 ι

184 1163 261 1204 κοῦ
292 1160 539 1215 σκίμποδος
567 1155 645 1205 οὐκ
683 1155 1028 1218 ἀπεπέμψαντο.
1088 1159 1202 1217 μετά
1233 1158 1285 1205 τὸ
1315 1161 1453 1205 ταῦτα
1481 1162 1671 1218 ῥηθῆναι-

183 1229 412 1286 διέστησαν
442 1226 482 1272 οἱ
514 1229 722 1285 πρέσβεις
753 1224 1043 1283 ἀπελθόντες,
1087 1229 1200 1274 ἔνθα
1239 1227 1480 1290 ἡτοίμαστο
1512 1225 1536 1286 ἡ
1569 1225 1671 1272 τοὺ-

184 1314 271 1340 των
294 1291 548 1350 ἀνάπαυσις,
592 1294 917 1356 φυλαττόμενοι
948 1295 1038 1342 ὑπὸ
1085 1298 1346 1355 σεργεντίων
1389 1292 1556 1349 ἑκατόν,
1599 1296 1671 1339 ἵνα
1685 1287 1730 1332 s5

185 1365 243 1423 μη
276 1363 429 1418 νυκτὸς
455 1363 769 1423 ἐξεληλυθότες
799 1364 854 1410 τὰ
893 1367 999 1423 περὶ
1024 1364 1076 1410 τὸ
1108 1363 1360 1423 στράτευμα
1389 1360 1672 1422 κατασκοπή-

38 1438 78 1474 Ρ.
105 1441 175 1474 402
187 1449 308 1478 σαιεν
336 1434 406 1478 καὶ
436 1432 551 1477 οὕτω
596 1432 1091 1493 καταφρονητικώτερον
1131 1432 1247 1491 πρὸς
1286 1430 1420 1478 αὐτὸν
1463 1429 1674 1492 διατεθή-

188 1518 351 1546 σονται.
405 1505 457 1563 τῇ
489 1503 536 1546 δὲ
565 1503 659 1559 μετ’
689 1499 823 1562 αὐτὴν
850 1507 958 1560 μεθ’
991 1501 1170 1548 ἱππέων
1196 1503 1463 1559 τριακοσίων
1484 1502 1556 1545 καὶ
1584 1502 1673 1544 τῶν

187 1566 389 1628 κομήτων
417 1567 596 1613 πάντων
631 1571 878 1627 κατέλαβεν,
929 1562 986 1615 οὗ
1031 1575 1128 1624 τοῖς
1170 1572 1443 1628 δηλωθεῒσιν
1487 1564 1674 1625 οἷνδράσι

185 1640 238 1697 τῇ
269 1638 511 1696 προτεραίᾳ
545 1635 751 1696 ὡμίλησε,
799 1631 905 1700 κᾷθ’
946 1636 1088 1692 οὕτως
1126 1637 1232 1691 τούς
1269 1638 1495 1695 ἐκκρίτους
1521 1635 1573 1692 ἓξ
1595 1634 1734 1681 τον20

185 1703 378 1761 ἀριθμὸν
397 1705 755 1763 συμπαραλαβών
773 1702 927 1752 ἄπεισι
952 1707 1068 1764 πρὸς
1083 1705 1188 1760 τούς
1209 1708 1419 1764 πρέσβεις
1441 1703 1546 1758 τούς
1562 1703 1675 1749 ὑπο-

186 1773 372 1827 λοίπους
404 1769 538 1819 αὐτοῦ
571 1791 661 1819 που
692 1773 947 1826 καταλιπών
976 1771 1308 1832 α’πεκδέχεσθαι
1335 1770 1469 1820 αὐτὸν
1497 1774 1675 1819 ἐκεῖθεν

324 1938 379 1973 19.
405 1925 447 1972 οὗ
471 1941 545 1976 τοῖς
572 1937 643 1984 FC,
666 1936 784 1978 οὑτοῖς
807 1939 846 1976 P.
947 1940 1172 1984 δηλωθεῖσιν
1196 1939 1240 1982 F,
1268 1939 1470 1983 δηλωθεῖσι
1495 1936 1535 1973 Ρ.

191 2101 337 2137 duobus
378 2101 560 2138 militibus
587 2115 671 2139 eum
698 2105 825 2141 adiens
862 2119 930 2142 nec
953 2119 1049 2152 genu
1075 2105 1314 2152 imperatoris
1338 2103 1539 2140 venerandi
1564 2115 1675 2139 causa

190 2162 258 2185 nec
282 2150 417 2185 collum
444 2150 627 2187 flectam.’'
691 2154 826 2199 quibus
870 2151 1007 2191 auditis
1049 2155 1176 2201 legati,
1218 2166 1310 2200 quos
1342 2164 1457 2198 supra
1495 2163 1674 2188 memora-

190 2198 320 2242 vimus,
362 2200 627 2246 assurgendum
652 2213 729 2237 esse
755 2203 811 2237 illi
836 2215 856 2238 e
885 2204 989 2250 regio
1027 2203 1120 2239 solio
1147 2203 1300 2238 minime
1334 2201 1587 2248 agnoscebant
1615 2213 1674 2235 su-

191 2247 396 2291 perbasque
409 2248 487 2282 eius
504 2260 628 2293 preces
645 2251 907 2296 repudiabant.
938 2264 1057 2298 neque
1075 2253 1146 2288 hoc
1164 2252 1282 2287 solum
1301 2250 1594 2296 denegaverunt,
1612 2248 1675 2284 sed

190 2295 301 2330 etiam
326 2295 377 2340 id,
403 2296 502 2341 quod
527 2297 600 2332 sibi
625 2300 792 2343 petebat,
821 2303 863 2335 ut
889 2301 1128 2346 imperatoris
1146 2299 1349 2336 venerandi
1365 2310 1476 2335 causa
1493 2309 1560 2333 nec
1577 2309 1675 2344 genu

192 2355 257 2378 nec
281 2343 417 2378 collum
442 2344 619 2380 flecteret.
669 2351 792 2383 cetera
816 2348 917 2384 haud
952 2349 1108 2394 perinde
1134 2350 1380 2395 abnegarunt,
1407 2346 1582 2383 videlicet
1616 2358 1674 2381 co-

191 2394 390 2446 gnatorum
414 2393 622 2437 nonnullos,
646 2395 708 2430 sed
726 2408 800 2432 non
818 2398 883 2443 qui
905 2399 1065 2434 maxime
1085 2398 1290 2444 propinqui
1303 2398 1426 2432 essent
1443 2394 1675 2441 imperatori,

192 2439 420 2485 aliquantum
448 2441 559 2487 spatii
577 2443 803 2488 prodeuntes
817 2449 1011 2492 exceptum
1039 2447 1145 2482 illum
1175 2446 1223 2482 ad
1248 2447 1512 2491 imperatorem
1541 2443 1676 2478 adduc·

192 2490 295 2543 tui'os
332 2500 442 2524 curae
477 2489 702 2537 honorisque
739 2505 861 2538 causa,
909 2507 1023 2540 porro
1062 2495 1185 2541 ipsum
1211 2507 1296 2531 eum
1321 2493 1469 2529 duobus
1494 2504 1577 2528 eum
1609 2491 1675 2526 mi-

191 2535 320 2570 lmbus
344 2536 545 2592 auiturum,
572 2551 685 2575 manu
713 2540 874 2587 denique
899 2544 945 2578 ab
982 2543 1211 2589 imperatore
1244 2542 1468 2589 prehensum
1496 2540 1542 2576 iri
1563 2542 1676 2585 atque

193 2583 272 2619 fore
291 2587 332 2618 ut
357 2597 388 2619 ei
409 2586 455 2621 ad
471 2588 699 2632 superiorem
726 2589 813 2626 lecti
838 2592 933 2637 regii
951 2594 1096 2637 partem
1115 2596 1214 2627 stare
1233 2592 1372 2628 liceret.
1397 2589 1456 2625 his
1475 2589 1588 2625 dictis
1604 2587 1675 2623 dis-

191 2636 378 2668 cesserunt
403 2634 515 2680 legati
541 2647 657 2681 eoque
680 2638 865 2680 abierunt,
892 2641 955 2675 ubi
983 2645 1157 2686 paratum
1181 2640 1228 2676 iis
1241 2639 1448 2686 hospitium
1465 2640 1547 2673 erat
1569 2636 1678 2672 attri-

190 2680 283 2715 buta
307 2684 454 2716 centum
481 2684 682 2720 satellitum
709 2687 889 2732 custodia,
916 2701 961 2724 ne
987 2691 1099 2724 noctu
1126 2690 1263 2735 egressi
1305 2687 1510 2724 exercitum
1549 2697 1676 2731 specu·

191 2727 357 2785 latentur
384 2730 711 2779 Boemundumque
735 2737 987 2782 contemptius
1022 2737 1212 2773 haberent.
1275 2735 1459 2783 postridie
1492 2733 1555 2769 ille
1591 2745 1676 2769 cum

191 2777 379 2833 equitibus
403 2781 579 2815 trecentis
606 2783 822 2829 cunctisque
848 2786 1049 2821 comitibus
1082 2786 1120 2821 in
1158 2798 1243 2822 eum
1284 2795 1504 2831 progressus
1542 2782 1676 2826 locum,

191 2824 256 2860 ubi
282 2825 403 2871 prldie
427 2839 511 2862 cum
538 2829 610 2864 illis
635 2831 726 2866 viris
751 2837 986 2877 convenerat,
1012 2834 1154 2870 relictis
1178 2835 1255 2870 illic
1279 2833 1415 2871 ceteris
1440 2831 1623 2876 iussisque
1638 2841 1677 2865 se

190 2872 408 2911 redeuntem
433 2877 600 2924 opperiri
624 2890 708 2915 cum
733 2879 860 2918 electis
886 2893 949 2918 sex
967 2882 1171 2931 adlegatos
1186 2883 1277 2919 abit.
1329 2882 1382 2919 ibi
1395 2883 1587 2927 resumpta
1601 2878 1676 2926 pri·
1696 2882 1729 2909 ‘J'

200 3028 214 3049 Ι
