1734 3120
28 253 795 362 eLo'ssARIUM
884 288 1512 380 ANNAEUM‚

711 395 824 433 SIVE

310 465 769 523 DEOLARA'HO
828 467 1227 525 VERBORUM

129 573 262 622 quae
291 555 546 619 singulari
580 564 668 605 aut
698 573 816 606 rara
850 557 1062 606 notione
1097 567 1411 624 usurpantur

746 638 795 674 ab

495 702 675 759 ANNA
719 701 1038 760 COMNENA.

733 839 788 878 A

165 896 452 952 ΛιογΡοι.
513 908 641 952 Extat.
669 909 786 952 locus
813 908 886 952 lib.
915 919 999 952 vn.
1030 921 1126 964 pag.
1154 909 1250 950 205.
1280 907 1517 962 μετακαλε-

28 964 223 1020 σάμενος
247 962 327 1008 τὸν
364 963 596 1008 Ταττίκιον
640 965 886 1008 ἐνετείλατο
926 964 1288 1019 σ1·μπαραλαβεῖν
1329 965 1433 1016 τούς
1466 981 1515 1007 τε

28 1022 325 1078 καλουμένους
366 1016 713 1080 ἦνδρειωμένοῑς
753 1023 845 1065 τῶν
885 1022 1187 1065 ΛΙῸΥΡΩΝ.
1258 1022 1396 1065 Huius
1434 1022 1517 1065 loci

30 1080 226 1123 Latinam
268 1080 656 1134 interpretationem
694 1080 901 1136 cogitanti
937 1079 1042 1122 mihi
1080 1092 1174 1122 cum
1213 1091 1360 1133 pamm
1390 1079 1517 1121 satis-

30 1137 214 1180 facerent
244 1149 352 1192 quae
383 1136 437 1179 ad
466 1136 588 1179 illum
615 1137 658 1179 in
691 1150 767 1180 suo
798 1136 1011 1180 Glossario
1041 1136 1252 1179 Meursius
1281 1135 1516 1187 annotavit,

30 1206 193 1236 necesse
235 1193 364 1236 habui
403 1193 616 1236 consulere
662 1194 892 1245 oraculum,
937 1193 1047 1248 quod
1094 1192 1244 1235 fefellit
1288 1206 1516 1248 nunquam,

31 1250 81 1293 R.
112 1250 160 1293 P.
194 1250 386 1306 Dionysii
417 1250 596 1293 Petavii.
660 1251 703 1293 Is
732 1250 879 1293 statim
916 1262 1000 1292 uno
1038 1250 1162 1292 verbo
1199 1262 1285 1292 rem
1322 1249 1516 1292 absolvit.

31 1307 267 1350 Admonuit
305 1306 417 1349 enim
446 1307 664 1351 subitariis
702 1307 860 1350 literis:
897 1302 1138 1362 Ἀγοὺρους
1174 1299 1519 1363 ἦνὸρειωμένους

30 1377 117 1407 esse
135 1363 268 1406 videri
299 1376 368 1406 eos
398 1363 469 1418 qui
500 1376 595 1406 cum
625 1365 736 1407 inter
755 1364 946 1419 Ephebos
975 1363 1219 1407 honorarios
1246 1363 1291 1405 111
1321 1363 1517 1418 obsequio

31 1420 301 1475 Imperatoris
329 1420 632 1476 apparuissent,
652 1421 740 1463 iam
768 1433 841 1475 per
868 1421 1050 1463 aetatem
1082 1420 1237 1463 maturi
1267 1419 1445 1462 militiae
1464 1419 1518 1462 ab

31 1477 119 1532 ipso
148 1477 195 1520 in
221 1477 351 1520 fidam
386 1478 582 1520 notorum
612 1477 799 1520 militum
819 1477 1032 1520 cohortem
1051 1476 1276 1530 conscripti
1295 1477 1513 1531 tamquam

30 1533 171 1576 eximii
208 1533 613 1577 commendarentur.
686 1534 764 1577 Cui
803 1547 903 1577 sane
938 1533 1099 1576 notioni
1142 1534 1257 1575 totus
1296 1533 1377 1575 loci
1419 1545 1519 1575 con·

30 1591 196 1645 spectus
226 1591 269 1634 et
298 1590 529 1634 sententiae
558 1585 807 1633 ἀκολουθία
840 1591 955 1633 favet
983 1591 1117 1632 unice.
1182 1589 1393 1632 Indicavit
1423 1602 1517 1632 sen-

30 1647 188 1690 tentiae
216 1660 318 1691 suae
346 1647 522 1690 fundum
545 1648 834 1691 testimonium
854 1647 1068 1690 Eustathii
1098 1646 1142 1688 in
1172 1640 1336 1688 Ὀδυσσ.
1359 1642 1411 1688 ο’.
1441 1645 1518 1688 sub

34 1704 170 1747 finem.
222 1703 313 1758 Quo
342 1703 435 1747 loco
464 1703 732 1747 doctissimus
752 1704 825 1747 ille
839 1703 1151 1747 Grammaticus
1172 1703 1342 1746 nomina
1358 1701 1531 1745 Graeca.

33 1761 185 1816 quibus
213 1760 473 1804 differentiae
503 1762 656 1804 aetatis
685 1762 894 1804 humanae
928 1760 1203 1816 designantur
1240 1772 1287 1802 ex
1317 1759 1517 1801 Alexione

33 1817 225 1869 referem,
251 1818 325 1860 ubi
353 1817 480 1871 longo
509 1830 635 1860 censu
664 1818 853 1873 pervenit
880 1817 933 1860 ad
966 1816 1155 1867 Puberes,
1194 1816 1253 1859 sic
1282 1816 1431 1858 habet:
1473 1813 1519 1856 ἐν

32 1871 81 1916 δὲ
111 1869 289 1941 Κυρήνῃ
316 1871 422 1925 τούς
450 1870 645 1931 ἐφήβους
669 1873 930 1928 Τρικαὸίους
948 1873 1172 1915 καλοῦσιν.
1214 1870 1259 1914 ἒν
1286 1870 1334 1914 δὲ
1351 1867 1515 1930 Κρήτῃ,

35 1925 364 1986 Ἀποόρομους,
408 1928 483 1973 dm?
526 1928 578 1973 τὸ
606 1926 744 1987 μήπω
779 1932 870 1974 τῶν
900 1932 1059 1972 κοινῶν
1096 1926 1272 1983 δρόμων
1310 1929 1516 1982 μετέχειν.

33 1981 205 2040 'Alanoi
233 1987 294 2040 δὲ,
329 1984 546 2043 Κούρους.
610 1989 792 2042 Θρᾶκες,
828 1991 905 2030 AI
912 1988 1159 2031 ὈΥΡΟΥΣ
1210 1981 1421 2035 ὡσαύτως
1448 1984 1519 2026 καὶ

35 2038 243 2088 Ἀττικοί.
304 2045 369 2088 En
398 2048 476 2087 AI
481 2046 673 2088 'OYPOI
711 2058 794 2088 non
833 2045 915 2088 iam
951 2037 1152 2101 ὄμφακες
1189 2041 1302 2086 Uvae
1328 2041 1513 2091 acerbae,

34 2102 104 2144 sed
135 2102 252 2156 pueri
280 2102 467 2157 puberes,
506 2102 634 2157 idque
662 2103 908 2152 Thracibus.
946 2102 1018 2144 ubi
1056 2098 1436 2153 Constantinopolis
1479 2099 1520 2140 et

34 2158 218 2210 Alexim,
250 2158 464 2202 honorarii
492 2171 608 2202 more
637 2159 841 2214 hodieque
870 2159 1034 2212 recepto
1050 2155 1236 2199 Ministri
1254 2155 1519 2209 Principum;

34 2227 139 2270 quos
169 2215 347 2258 deducto
367 2228 393 2259 a
412 2215 671 2271 Paedagogii
701 2216 869 2258 nomine
898 2214 1038 2269 Payes
1056 2212 1202 2256 Nostri
1223 2212 1388 2254 vocant.
1437 2210 1517 2264 Qui

34 2272 184 2315 Latine
224 2273 367 2316 nostra
406 2272 528 2315 hodie
565 2273 755 2315 scribunt
785 2272 972 2326 Ephebos
1002 2270 1161 2313 Graeco
1200 2268 1323 2311 verbo
1357 2267 1520 2310 Latinis

34 2328 169 2372 literis
194 2329 331 2372 solent
361 2329 509 2372 dicere.
560 2329 671 2371 Hinc
696 2329 857 2371 confido
888 2328 975 2371 fore
1001 2328 1049 2369 ut
1080 2338 1211 2380 aequo
1233 2323 1395 2367 Lectori
1423 2335 1516 2365 mea

36 2385 258 2428 verborum
281 2385 406 2428 initio
434 2385 738 2440 descriptorum
769 2384 903 2428 versio
933 2384 1143 2438 probetur,
1178 2382 1221 2423 in
1260 2381 1361 2423 haec
1390 2379 1516 2421 verba

37 2443 260 2496 concepta:
300 2441 517 2485 Accersito
556 2442 720 2486 Taticio
763 2441 984 2484 mandavit
1022 2443 1068 2481 ut
1106 2438 1286 2491 sumptis
1322 2450 1460 2479 secum
1498 2449 1520 2477 e

36 2497 308 2554 Paedayoyio
336 2498 477 2542 Aulae
513 2500 645 2554 reyiis
672 2500 835 2553 pueris,
876 2496 980 2540 bello
1015 2497 1102 2538 iam
1137 2494 1317 2537 maturis
1355 2492 1522 2547 (cohors

36 2559 130 2599 erat
157 2570 179 2598 e
208 2569 255 2598 re
282 2569 434 2599 nomen
460 2560 601 2609 nacta,
640 2560 688 2598 ut
716 2554 983 2609 Epheborum
1011 2554 1058 2594 in
1087 2551 1210 2593 virile
1237 2550 1367 2592 robur
1395 2547 1519 2592 adul-

37 2616 176 2655 torum
203 2612 434 2664 diceretur)
463 2615 542 2656 etc.
616 2612 798 2656 Solitum
842 2611 1049 2653 enimvero
1091 2620 1178 2650 esse
1208 2606 1400 2649 Alexium
1429 2606 1520 2647 Au-

37 2670 212 2724 gustum
242 2670 454 2712 cohortem
484 2670 637 2713 habere
664 2669 817 2711 lectam
859 2679 1002 2709 eorum
1041 2677 1145 2719 quos
1182 2662 1412 2727 ministerio
1446 2661 1521 2725 do-

38 2726 210 2768 mastico
252 2726 467 2780 probasset
494 2739 520 2769 a
550 2726 700 2780 pueris,
742 2724 903 2766 indicat
932 2723 1056 2764 Anna
1099 2733 1194 2762 cum
1237 2719 1332 2762 aliis
1375 2718 1521 2783 multls

39 2782 162 2824 huius
191 2782 406 2825 Historiae
434 2782 549 2834 locis,
580 2783 673 2824 tum
701 2794 783 2823 uno
821 2792 944 2835 quem
975 2778 1028 2821 ad
1071 2776 1246 2832 speciem
1288 2775 1519 2818 describam

37 2851 85 2882 ex
114 2839 188 2882 lib.
216 2849 281 2882 XI.
313 2852 408 2895 pag.
429 2840 525 2891 333,
554 2839 625 2882 ubi
655 2838 843 2892 loquitur
870 2836 913 2878 in
945 2835 1055 2877 1111110
1084 2833 1267 2876 modum.
1317 2827 1520 2885 δυνάμεις
