1734 3120
201 214 282 254 252
702 213 868 249 ANNAE
898 212 1163 248 COMNENAE

202 339 316 396 ἔχειν
347 335 521 395 ἐγνώκει
553 332 768 390 δυνάμεις,
800 333 1066 389 παραχρῗμα
1095 322 1272 382 ἁπάσας
1300 327 1383 382 τοὶς
1412 326 1554 381 πύλας
1583 344 1686 370 ταυ-

199 409 299 467 τησὶ
329 410 405 467 τῆς
435 402 611 456 πόλεως
631 399 963 461 ἀσφαλισθῆναι
985 399 1155 444 ἐκέλευε
1187 399 1259 443 καὶ
1291 398 1455 456 μηδένα
1471 396 1523 441 τὸ
1545 392 1688 452 παρά-

202 494 290 520 παν
321 476 364 528 ἐς
393 473 443 518 το
473 477 619 528 τεῖχος
645 473 974 528 συγχωρεῖσθαι
1004 463 1164 512 ἆνιέναι
1197 464 1306 528 μήτε
1328 464 1414 527 μὴν
1434 462 1688 522 κραυγάζειν

162 544 317 598 Οῧλως
346 542 453 604 μήτε
480 538 645 594 afflet-g
674 538 702 600 ἢ
742 536 932 595 κιθάρας
962 532 1108 595 η’χεῖν·
1139 537 1212 580 καὶ
1241 533 1396 588 ἁπλῶς
1426 535 1471 579 ἐν
1499 530 1688 591 τοιούτῳ

49 623 92 659 V.
119 623 190 657 334
202 612 386 674 σχήματι
417 610 495 670 τὴν
521 609 654 655 πόλιν
687 609 999 667 κατεστήσατο,
1046 602 1160 650 ὥστε
1202 602 1345 663 πάντη
1377 600 1585 661 ἀοίκητον
1614 603 1726 646 δο-5

201 686 294 727 κεῖν
323 686 419 734 τοῖς
445 679 754 736 διερχομένοις.
818 674 842 721 ὁ
884 676 932 720 δὲ
959 670 1095 720 Ἀσὰν
1136 670 1396 729 καταλαβών
1434 670 1513 731 τὴν
1557 672 1691 715 Φιλα-

202 751 407 809 δέλφειαν
450 752 513 807 τῷ
558 747 707 805 οἰκείῳ
752 742 1003 803 περιζώσας
1049 743 1103 788 τὰ
1136 744 1256 802 τείχη
1288 739 1580 799 στρατεύματι
1616 740 1692 784 ἐπὶ

203 820 319 876 τρισὶ
349 818 610 875 παρέμεινεν
638 813 829 876 ἡμέραις.
891 811 952 867 ὠς
977 814 1025 857 δὲ
1056 809 1201 865 οὐδεὶς
1237 815 1327 855 τῶν
1361 808 1483 863 ἐντὸς
1512 804 1694 854 ἄνωθεν

205 885 477 944 προκόπτων
507 886 722 945 ἐφαίνετο,
766 881 809 927 αἳ
841 884 889 928 δὲ
919 880 1053 927 πύλαι
1088 877 1207 936 εἶχον
1245 876 1501 938 ἀσφάλειαν,
1534 874 1695 923 ἑλεπό-

206 958 296 1009 λεις
324 956 371 1000 δὲ
399 950 451 999 οὗ
479 955 687 1012 παρῆσαν
715 947 835 1011 αὗτῷ
868 947 970 996 οὗδὲ
1000 947 1257 1007 πετροβόλα
1297 943 1469 1006 ὄργανα,
1509 946 1693 1003 νομίσας
1710 949 1734 985 1·

208 1021 354 1082 ὀλίγον
403 1020 516 1068 εἶναι
557 1020 610 1066 τὸ
653 1023 730 1067 τοῦ
772 1016 1008 1077 Εὗμαθιόυ
1052 1017 1304 1076 στράτευμα
1343 1017 1416 1062 καὶ
1455 1013 1528 1060 διὰ
1556 1018 1694 1060 τοῦτο

206 1093 315 1151 μηδὲ
344 1088 627 1148 ἅποθαρρεῖν
658 1088 738 1150 τὴν
766 1090 983 1145 ἕξέλευσιν
1018 1086 1188 1148 πολλὴν
1223 1082 1460 1132 ἀσθένειαν
1497 1091 1697 1141 καταψη-

161 1158 450 1221 Βφισάμενος
472 1161 562 1203 τῶν
593 1157 716 1211 ἐντὸς
751 1152 884 1216 ἄλλην
916 1153 1121 1214 ἀτραπὸν
1151 1152 1368 1212 ἐτράπετο
1410 1167 1698 1209 καταπεφρο-

206 1227 346 1289 νηκιιὶς
386 1223 521 1273 αὐτοῦ
567 1225 838 1272 παντάπασι.
917 1226 1022 1270 δέκα
1066 1227 1169 1282 γοῦν
1213 1220 1413 1279 χιλιάδας
1455 1223 1535 1265 τοῦ
1581 1218 1697 1264 ἰδίου

206 1295 533 1355 στρατεύματος
561 1294 719 1341 διελών
739 1294 850 1340 κατὰ
877 1296 958 1340 τοῦ
981 1295 1230 1350 Κελβιανοῦ
1252 1291 1573 1348 ἐξαπέστειλεν,
1607 1286 1699 1332 ἑτέ·
1714 1292 1731 1325 1

207 1385 285 1423 ρας
314 1367 362 1411 δὲ
394 1401 507 1411 .....
540 1362 600 1417 ὠς
630 1364 745 1421 πρὸς
774 1361 974 1421 Σμύρνην
1000 1363 1074 1407 καὶ
1103 1359 1156 1406 τὸ
1189 1357 1438 1419 Νύμφαιον,
1469 1355 1548 1410 τὰς
1571 1356 1619 1401 δέ
1652 1372 1698 1414 γε

207 1435 470 1486 ἐπιλοίπους
502 1431 619 1490 πρὸς
647 1431 702 1476 τὰ
731 1430 907 1490 Χλιαρά
933 1431 1007 1476 καὶ
1035 1427 1116 1489 τήν
1137 1430 1396 1487 Πέργαμον·
1425 1424 1623 1477 ἅπαντας
1651 1423 1699 1468 δὲ

209 1502 272 1556 εἷς
301 1500 534 1559 προνομάς
563 1496 832 1553 ἀποστείλας
854 1500 1090 1546 συνείπετο
1116 1499 1189 1543 καὶ
1212 1492 1346 1550 αὗτός
1359 1498 1457 1548 τοῖς
1486 1490 1602 1551 πρὸς
1619 1489 1701 1548 τήν

210 1569 409 1629 Σμύρνην
437 1565 770 1628 ἀπερχομένοις.
813 1567 836 1614 ὁ
868 1570 1016 1627 μέντοι
1042 1565 1288 1625 Φιλοκάλης
1319 1561 1519 1623 διαγνοὺς
1548 1559 1600 1606 τὸ
1621 1562 1700 1605 τοῦ

210 1637 345 1685 Ἀσάν
375 1640 635 1696 ἐπιχείρημα
665 1636 841 1692 ἁπάσας
867 1638 945 1691 τὰς
975 1635 1050 1682 ὑπ’
1081 1633 1214 1681 αὑτὸν
1235 1631 1444 1691 δυνάμεις
1472 1628 1582 1676 κατὰ
1611 1633 1734 1674 τῶν2

215 1706 423 1764 Τούρκων
452 1702 726 1752 ἀπέστειλεν.
785 1703 826 1751 οἳ
858 1707 931 1750 καὶ
960 1703 1196 1758 διώκοντες
1224 1701 1334 1757 τούς
1363 1699 1482 1758 πρὸς
1509 1700 1561 1745 τὸ
1583 1700 1700 1743 Κελ-

211 1773 363 1833 βιανὸν
387 1770 671 1827 ἀπελθόντας
702 1772 1012 1827 ὕπνώττοντας
1037 1770 1399 1831 ἀπεριμερίμνως
1423 1765 1700 1825 καταλαμβά-

344 1847 377 1880 2.
404 1845 543 1880 ἐκέλευε
559 1845 630 1890 FC,
656 1846 824 1880 ἐκέλευσε
839 1845 915 1880 AP.
1003 1846 1036 1881 3.
1064 1846 1102 1884 ἐς
1119 1845 1164 1885 F,
1191 1846 1241 1883 εἰς
1253 1843 1327 1879 ΑΡ.
1419 1842 1451 1877 7.
1476 1844 1537 1875 καὶ
1563 1839 1613 1884 τῷ
1628 1838 1701 1884 ΑΡ,

344 1896 405 1928 καὶ
429 1905 501 1929 om.
526 1892 568 1929 F.
667 1895 698 1929 8.
729 1894 840 1929 verba
864 1894 938 1929 τῶν
963 1891 1076 1938 ἐντὸς,
1103 1905 1197 1939 quae
1212 1892 1240 1928 P
1257 1894 1344 1938 post
1361 1885 1468 1925 πύλαι
1486 1888 1611 1932 habet,
1627 1887 1702 1923 huc

344 1942 569 1987 transposui.
668 1943 690 1977 9
709 1954 761 1988 sq.
782 1938 1174 1989 ἑλεπόλεις...ἷ)’ργανα
1199 1953 1273 1977 om.
1293 1939 1333 1975 G.
1435 1939 1491 1973 11.
1515 1935 1636 1982 τοῦτο]
1662 1949 1703 1970 το

346 1990 429 2026 add.
450 2002 499 2025 m.
522 1991 539 2024 1
559 1990 602 2026 F.
679 1991 735 2024 12.
762 1992 822 2025 καὶ
840 1990 983 2034 πολλὴν
996 1990 1037 2033 P,
1065 1993 1126 2026 καὶ
1140 2002 1211 2026 om.
1225 1988 1303 2025 FA.
1383 1988 1438 2022 15.
1454 1986 1511 2021 21.
1538 1986 1646 2029 Κελβ.
1663 1984 1702 2028 C,

349 2043 460 2084 Κερβ.
475 2038 514 2074 Ρ.
616 2039 669 2074 16.
696 2039 866 2075 lacunam
892 2040 1058 2085 quinque
1083 2039 1297 2075 litterarum
1323 2035 1492 2083 agnoscit
1511 2033 1559 2069 F:
1586 2033 1625 2069 in
1639 2032 1703 2068 ΑΡ

346 2087 449 2122 nulla-
464 2087 608 2122 lacuna.
681 2085 721 2122 τὸ
739 2087 814 2133 AC,
840 2085 905 2123 τὸν
918 2088 956 2124 P.
1045 2089 1099 2124 17.
1131 2084 1256 2132 χλιερὲι
1275 2086 1318 2121 Α.
1407 2085 1461 2119 19.
1486 2081 1552 2126 τὴν
1576 2078 1702 2128 Σμύρ-

347 2148 416 2171 ναν
429 2136 473 2176 A,
498 2136 630 2172 lacuna
656 2139 798 2181 septem
824 2136 1039 2172 litterarum
1052 2137 1093 2172 in
1109 2136 1152 2178 F,
1171 2136 1254 2158 ****
1270 2134 1308 2170 Ρ.
1418 2133 1474 2167 22.
1499 2127 1704 2166 ὑπνώττον-

346 2197 410 2222 τας
433 2184 476 2225 F,
503 2195 573 2219 om.
603 2183 678 2218 AP.
777 2182 1091 2232 ἀπεριμερίμνους
1117 2184 1161 2220 A.

212 2260 276 2283 nes
313 2247 592 2294 Philadelphiae
629 2251 758 2293 portas
799 2261 866 2285 nec
905 2261 1129 2295 quemquam
1168 2248 1316 2284 moenia
1352 2244 1548 2282 ascendere
1585 2255 1706 2288 neque

212 2296 373 2332 clamare
395 2308 463 2332 nec
488 2297 585 2332 tibia
609 2296 800 2333 citharave
823 2309 952 2334 sonum
973 2298 1080 2333 edere
1097 2298 1213 2341 iubet,
1230 2307 1362 2333 verum
1380 2295 1433 2330 ita
1449 2293 1582 2329 urbem
1599 2291 1705 2327 insti-

213 2345 301 2386 tuit,
327 2348 370 2400 ut
394 2346 720 2390 praetereuntibus
746 2346 855 2392 plane
877 2346 1025 2382 deserta
1059 2346 1181 2382 videri
1219 2347 1354 2391 posset.
1401 2342 1503 2379 Asan
1541 2352 1628 2377 vero
1667 2352 1705 2375 se

214 2392 380 2447 admovit
393 2393 673 2439 Philadelphiae
699 2406 740 2429 ac
765 2394 934 2430 triduum
959 2396 1104 2431 cinctae
1130 2407 1152 2430 a
1175 2394 1251 2430 suis
1273 2392 1361 2428 urbi
1386 2390 1534 2435 assedit,
1548 2400 1708 2433 cumque

214 2453 398 2476 neminem
418 2453 544 2477 eorum
570 2444 635 2487 qui
653 2443 755 2478 intus
772 2447 881 2479 erant
903 2443 948 2479 de
973 2455 1079 2479 muro
1102 2442 1393 2489 prospicientem
1416 2442 1618 2486 portasque
1643 2437 1706 2472 ob-

217 2492 377 2544 structas
391 2489 560 2534 (deerant
580 2502 668 2526 vero
689 2491 860 2527 ballistae
881 2493 915 2527 ei
933 2495 971 2527 et
987 2491 1213 2538 catapultae)
1237 2490 1395 2533 videret,
1415 2490 1552 2534 putans
1572 2486 1707 2521 Euma-

217 2537 289 2572 thu
315 2538 518 2574 exercitum
544 2550 702 2584 parvum
729 2551 805 2575 esse
843 2540 1001 2586 ideoque
1039 2552 1115 2576 non
1152 2538 1289 2575 audere
1316 2547 1510 2582 erumpere
1550 2546 1708 2579 eumque

218 2589 374 2631 propter
398 2586 657 2622 infirmitatem
681 2599 858 2633 spernens
888 2589 999 2624 aliam
1027 2589 1126 2625 viam
1151 2588 1251 2623 iniit.
1301 2598 1388 2622 nam
1418 2584 1526 2620 hoste
1555 2594 1709 2629 prorsus

218 2636 434 2679 contempto
458 2634 584 2671 decem
610 2647 761 2671 suorum
787 2637 904 2672 millia
939 2641 1072 2673 contra
1098 2636 1332 2680 Cerbianum‚
1369 2634 1442 2670 alia
1470 2649 1486 2664 α
1515 2631 1709 2678 Smyrnam

218 2692 343 2717 versus
359 2685 396 2716 et
409 2682 676 2729 Nymphaeum,
690 2685 853 2730 reliquos
877 2685 916 2720 in
933 2685 1081 2721 Chliara
1093 2685 1391 2731 Pergamumquo
1407 2680 1527 2725 misit;
1554 2680 1622 2715 hos
1635 2691 1710 2715 om-

218 2741 281 2764 nes
314 2729 360 2765 ad
390 2731 644 2775 praedandum
677 2733 802 2768 emisit
831 2733 983 2780 ipseque
1015 2746 1077 2770 eos
1116 2734 1181 2779 qui
1209 2733 1256 2768 ad
1280 2732 1475 2777 Smyrnam
1504 2727 1711 2775 proficisce-

217 2779 356 2833 bantur
382 2779 598 2834 subsecutus
623 2784 688 2816 est.
733 2784 772 2816 at
786 2781 991 2818 Philocales
1016 2782 1178 2828 cognitis
1192 2781 1325 2817 Asanis
1349 2778 1509 2824 inceptis
1525 2778 1711 2822 quotquot

217 2837 342 2871 copias
367 2826 498 2862 habult
523 2840 562 2863 m
587 2828 726 2865 Turcas
750 2830 895 2865 irruere
920 2830 1043 2875 iubet3
1069 2830 1264 2876 nostrique
1290 2840 1363 2873 eOS,
1396 2827 1462 2873 qui
1486 2824 1710 2861 Cerbianum

218 2873 434 2920 tendebant,
449 2878 779 2923 persecuti-secure
793 2877 1022 2915 dormientes
1036 2882 1221 2926 occupant
1240 2881 1278 2914 et
1287 2887 1418 2925 pugna
1433 2873 1600 2911 diluculo
1614 2873 1710 2909 inita
1719 2874 1734 2913 Ἰ
