1734 3120
168 205 250 245 234
679 210 844 245 ANNAE
871 209 1137 244 COMNENAE

167 328 345 374 πόλεων
382 329 455 373 καὶ
484 331 573 372 τῶν
607 329 777 384 χωρῶν,
825 322 926 370 ὅσαι
967 322 1056 369 ὑπὸ
1086 324 1139 369 τὸ
1182 328 1410 383 σκῆπτρον
1451 326 1530 383 τῆς
1555 323 1658 368 Ῥω-

166 399 311 455 μαίων
343 394 474 455 τύχης
503 393 735 453 ἐτύγχανον
766 386 917 438 οὖσαι·
964 394 1070 449 περὶ
1099 393 1147 437 δὲ
1174 395 1263 436 τῶν
1287 393 1474 451 μηδέπω
1506 394 1659 436 δεδου-

168 463 388 512 λευκότων
417 468 470 526 τῇ
490 464 717 523 Ῥωμανίᾳ,
750 466 886 506 ταῦτα
927 459 1121 518 ἐνόρκως
1150 461 1565 519 κατεπαγγέλλομαι,
1599 458 1660 513 ὡς

167 537 239 580 ἵνα
277 532 356 587 τάς
398 550 445 579 τε
474 531 834 590 προσερχομένας
861 548 941 588 μοι
971 527 1118 586 χώρας
1147 523 1251 573 ’ἄνευ
1283 528 1483 586 πολέμου
1530 525 1560 587 ἢ
1589 529 1663 572 καὶ

170 602 282 661 μετὰ
312 603 511 660 πολέμου
543 603 616 645 καὶ
645 598 783 658 μάχης
811 600 883 644 καὶ
928 596 1090 651 ταύτας
1134 595 1319 651 ἁπάσας
1357 594 1419 650 (ὃς
1458 593 1549 641 ἀπὸ
1582 600 1695 655 τῆς5

125 671 382 729 Βὺμετέρας
424 671 648 728 βασιλείας
687 668 937 726 λογίζωμαι,
981 664 1070 711 εἴτε
1107 666 1344 723 Τουρκικαί
1392 664 1518 719 εἰσιν,
1570 662 1659 710 εἴτε

168 737 423 798 Ἀρμενικαὶ
452 740 537 793 καί,
571 735 632 791 ὥς
660 731 713 780 ὄῖν
742 754 809 790 τις
839 733 964 780 εἷ’ποι
1001 738 1091 778 τῶν
1117 733 1195 795 τὴν
1230 733 1444 793 ἡμετέραν
1479 735 1661 778 ἐπιστα-

168 811 313 867 μένων
342 805 506 869 φωνήν,
540 807 784 864 Παγανικαὶ
814 802 842 863 ἢ
871 804 1191 861 Χριστιανικαί,
1231 800 1336 856 τούς
1369 821 1418 848 τε
1449 798 1541 847 ἀπὸ
1571 805 1662 846 τῶν

169 879 317 923 ἐθνῶν
348 874 618 933 προσιόντας
647 893 726 932 μοι
755 875 827 918 καὶ
857 869 1080 918 δουλεύειν
1114 872 1212 929 ἐμοὶ
1241 872 1552 928 βουλομένους,
1587 867 1661 915 ου’-

169 964 262 1003 τως,
287 947 359 990 ἵνα
390 943 581 998 τούτους
610 945 939 1001 παραδέχωμαι,
971 940 1031 995 ὠς
1061 937 1173 985 εἶναι
1201 941 1274 985 καὶ
1302 935 1463 993 αὖτοὺς
1481 940 1662 997 μέλλον-
1679 946 1722 978 10

169 1033 247 1068 τας
276 1011 550 1072 ἀνθρώπους
580 1020 657 1073 τῆς
679 1012 905 1068 βασιλείας
925 1009 1071 1068 ὑμῶν’
1103 1010 1175 1054 καὶ
1196 1009 1415 1065 διαβαίνοι
1443 1009 1516 1053 καὶ
1546 1005 1663 1064 πρὸς

169 1081 356 1136 τούτους
398 1082 423 1141 ἡ
469 1081 549 1140 ἐμὴ
593 1081 829 1139 συμφωνία
875 1077 992 1137 πρὸς
1032 1076 1084 1123 τὸ
1133 1076 1293 1134 κράτος
1325 1079 1404 1138 τῆς
1435 1077 1661 1133 βασιλείας

171 1153 244 1196 καὶ
274 1148 316 1196 οἳ
346 1149 770 1207 κατεμπεδωθέντες
800 1146 938 1205 ὅρκοι.
999 1148 1072 1191 καὶ
1096 1144 1268 1191 τούτων
1295 1145 1452 1199 αὐτῶν,
1488 1140 1564 1198 οὓς
1584 1144 1665 1201 μὲν

24 1228 64 1263 Ρ.
89 1227 162 1263 410
172 1218 224 1264 ἂν
246 1220 449 1264 ἐθέλοιτε
470 1217 597 1276 ὑμεῖς
617 1215 659 1262 οἱ
679 1212 958 1272 ἅεισέβαστοι
976 1217 1175 1272 βασιλεῖς
1204 1212 1281 1259 ὑπ’
1309 1215 1385 1271 ἐμὲ
1405 1211 1662 1267 τάττεσθαι,

172 1285 388 1333 τάττοιντ’
433 1281 509 1331 ἄν·
555 1281 631 1339 οὓς
675 1285 722 1330 δὲ
767 1285 964 1341 πέμπειν
1011 1282 1127 1340 πρὸς
1170 1280 1222 1328 τὸ
1253 1280 1467 1341 ὑμέτερον
1505 1278 1666 1338 κράτος
1681 1288 1724 1321 15

172 1354 408 1412 βούλεσθε,
441 1354 724 1411 βουλομένων
759 1348 971 1397 κᾶκείνων
1003 1347 1255 1405 ἀποστελῶ,
1293 1348 1352 1409 μὴ
1383 1350 1666 1407 βουλομένων

173 1425 233 1479 δέ,
265 1420 360 1470 ἄλλ’
394 1420 757 1480 ἇπαναινομένων
786 1419 864 1482 τὴν
895 1418 1012 1477 πρὸς
1042 1417 1154 1476 ὑμᾶς
1183 1419 1399 1472 δουλείαν,
1449 1413 1551 1463 οὗδὲ
1581 1415 1663 1475 ἐγώ

173 1493 489 1550 παραδέξομαι.
561 1489 678 1547 πρὸς
716 1491 868 1547 μέντοι
912 1487 991 1534 τὸν
1025 1488 1190 1546 Ταγγρὲ
1235 1488 1308 1532 καὶ
1352 1484 1540 1545 ἀνεψιόν
1578 1503 1665 1543 μου

171 1559 414 1622 ἀκήρυκτον
446 1560 530 1616 ἔξω
559 1557 770 1616 πόλεμον,
800 1558 840 1603 εἰ
875 1556 936 1616 μή
971 1554 1179 1616 ἐθελήσει
1209 1555 1482 1616 καθυφεῖναί
1511 1572 1555 1599 τι
1584 1557 1666 1613 τῆς

173 1629 290 1689 πρὸς
335 1627 414 1690 τὴν
455 1629 682 1685 βασιλείαν
729 1629 856 1684 ὑμῶν
895 1626 1153 1684 δυσμενείας
1193 1626 1304 1684 μηδὲ
1349 1619 1539 1668 ὅπολύει
1582 1627 1663 1682 τῆς
1680 1632 1728 1664 20

172 1697 318 1755 χειρὸς
346 1694 481 1742 αὐτοῦ
520 1697 598 1750 τὰς
635 1694 791 1749 πόλεις
818 1699 896 1757 τῆς
925 1693 1137 1752 ὑμετέρας
1175 1693 1415 1750 βασιλείας,
1474 1690 1586 1737 ἐπὰν
1616 1693 1665 1737 δὲ

173 1769 246 1812 καὶ
271 1767 487 1819 θέλοντος
528 1762 661 1810 αὐτοῦ
691 1763 719 1823 ἢ
756 1766 829 1810 καὶ
871 1763 932 1826 μὴ
975 1764 1191 1816 θέλοντος
1234 1758 1577 1820 ἇναρρυσθῶσιν
1620 1758 1669 1805 αἱ

311 1845 340 1878 1.
367 1844 428 1877 καὶ
452 1842 525 1877 τῶν
539 1841 579 1887 F,
603 1842 677 1877 τῶν
702 1853 772 1877 om.
789 1841 830 1876 P.
955 1841 989 1875 4.
1019 1841 1328 1887 προσερχομένας
1340 1838 1384 1882 F,
1411 1838 1670 1884 ἐπερχομένας

307 1892 347 1927 Ρ.
424 1893 484 1925 καὶ
501 1890 544 1936 F,
570 1902 639 1926 om.
658 1889 699 1926 P.
819 1891 852 1925 6.
880 1891 1079 1936 λογίζωμαι
1096 1887 1137 1933 F,
1163 1890 1353 1934 λογίζομαι
1369 1886 1410 1923 Ρ.
1510 1888 1544 1921 7.
1571 1889 1670 1921 εἴποι,

309 1939 351 1984 F,
378 1943 461 1987 εἴπῃ
487 1939 526 1974 Ρ.
679 1939 731 1974 10.
761 1938 1026 1985 παραδέχομαι
1046 1937 1086 1981 P,
1114 1936 1275 1972 correxi.
1399 1935 1454 1970 12.
1482 1936 1670 1979 βασιλείας

309 2000 377 2022 σου
400 1987 441 2033 P,
467 1998 534 2022 σου
559 1999 630 2023 om.
651 1987 691 2022 F.
842 1988 896 2021 13.
924 1987 1260 2033 καταπεμφθέντες
1285 1983 1322 2019 C.
1485 1983 1542 2019 14.
1569 1980 1667 2017 εὐσε-

309 2039 475 2081 βέστατοι
493 2036 530 2072 C.
649 2037 700 2071 17.
728 2033 805 2069 ἀλλ,
819 2035 861 2079 F,
887 2032 978 2069 ἀλλὰ
992 2034 1032 2070 P.
1131 2034 1189 2080 21.
1218 2033 1407 2078 βασιλείας
1431 2030 1608 2079 ὑμετέρας
1626 2031 1668 2067 F.

174 2101 331 2136 urbibus
354 2104 393 2136 et
416 2101 539 2144 terris,
563 2104 815 2147 quotcumque
841 2101 911 2137 sub
936 2101 1097 2147 imperio
1110 2100 1368 2136 Romanorum
1391 2098 1554 2134 fuerunt.
1609 2110 1670 2133 eas

174 2161 275 2190 vero,
314 2161 408 2195 quae
432 2150 599 2185 nondum
637 2150 825 2186 subiectae
863 2150 1018 2185 fuerunt
1060 2149 1276 2193 Romaniae,
1316 2147 1487 2194 regiones
1525 2147 1671 2182 iuratus

176 2197 349 2243 spondeo,
376 2198 453 2233 sive
477 2198 580 2236 nullo
606 2199 702 2234 bello
729 2198 807 2234 sive
832 2199 929 2234 bello
955 2198 1165 2244 pugnisque
1197 2197 1291 2232 mihi
1316 2196 1536 2241 obtigerint,
1576 2198 1670 2231 tam-

176 2258 288 2291 quam
314 2258 335 2281 a
361 2247 553 2282 maiestate
578 2249 702 2282 vestra
727 2247 820 2282 mihi
845 2259 1036 2283 concessas
1062 2258 1122 2282 me
1138 2249 1370 2292 putaturum,
1401 2256 1464 2279 seu
1493 2243 1672 2280 Turcicae

178 2294 319 2330 fuerint
344 2307 406 2330 seu
434 2294 652 2331 Armenicae
680 2306 755 2340 seu,
794 2299 838 2331 ut
872 2295 957 2342 quis
982 2295 1132 2341 linguae
1163 2297 1313 2330 nostrae
1351 2292 1496 2339 peritus
1520 2291 1672 2337 dixerit,

178 2343 377 2388 paganicae
422 2355 486 2378 scu
524 2343 767 2379 Christianae.
832 2344 1058 2390 quicumque
1094 2355 1182 2380 vero
1221 2354 1266 2378 ex
1304 2341 1481 2388 gentibus
1523 2340 1571 2376 ad
1613 2353 1672 2376 me

178 2391 399 2426 accesserint
436 2391 603 2437 mihique
626 2393 765 2428 servire
790 2393 988 2436 voluerint,
1018 2404 1080 2428 eos
1118 2392 1172 2427 sic
1212 2403 1270 2426 me
1307 2392 1548 2436 accepturum
1587 2401 1672 2434 pro-

180 2438 301 2484 mitto,
324 2442 366 2474 ut
385 2439 504 2475 futuri
521 2441 598 2476 sint
623 2444 661 2476 et
681 2441 755 2486 ipsi
772 2444 918 2477 vestrae
939 2441 1144 2476 maiestatis
1161 2440 1330 2475 homines
1345 2442 1384 2474 et
1399 2441 1442 2474 ut
1458 2438 1583 2484 pactio
1601 2437 1672 2472 ista

180 2499 263 2523 mea
303 2499 387 2523 cum
428 2489 623 2524 maiestate
665 2492 731 2524 tua
770 2490 868 2525 facta
908 2501 951 2525 ac
993 2490 1205 2525 iuramenta
1247 2487 1409 2523 maxime
1452 2485 1674 2523 confirmata.

179 2537 291 2571 etiam
319 2537 358 2571 in
383 2548 445 2572 eos
471 2539 672 2573 transeant.
725 2550 885 2583 quorum
911 2538 1061 2583 quidem
1087 2537 1127 2582 ii,
1164 2548 1257 2583 quos
1287 2535 1380 2571 mihi
1419 2546 1495 2570 esse
1532 2534 1673 2570 subiec-

181 2587 239 2620 tos
265 2585 399 2629 velitis,
424 2585 668 2631 imperatores
694 2598 839 2632 semper
863 2587 1027 2632 augusti,
1066 2586 1144 2621 sint
1174 2585 1324 2631 quidem
1364 2583 1541 2619 subiecti:
1580 2594 1672 2628 quos

180 2635 305 2687 autem
333 2632 380 2667 ad
397 2637 558 2669 vestram
585 2634 686 2669 mitti
712 2637 937 2681 potestatem
963 2635 1152 2679 statuatis,
1187 2633 1289 2669 haud
1322 2633 1462 2668 invitos
1499 2631 1671 2677 equidem
1721 2664 1724 2667 .

181 2683 341 2725 mittam,
379 2681 545 2717 nolentes
569 2694 657 2718 vero
696 2686 733 2719 et
773 2683 835 2728 qui
876 2686 1036 2719 vestram
1079 2682 1298 2718 servitutem
1335 2679 1590 2726 repudiabunt
1626 2691 1673 2715 ne

182 2740 250 2774 ego
287 2728 437 2774 quidem
475 2730 665 2776 accipiam.
723 2731 957 2767 Tancredum
995 2734 1168 2776 nepotem
1210 2742 1334 2766 meum
1376 2727 1476 2774 quod
1525 2728 1673 2769 attinet,

180 2776 321 2832 bellurn
345 2780 474 2812 contra
499 2790 582 2813 eum
608 2779 845 2825 implacabile
870 2791 998 2825 geram
1016 2806 1025 2821 ‚
1052 2779 1124 2814 nisi
1150 2778 1241 2825 quid
1266 2778 1460 2814 remittere
1500 2776 1547 2811 de
1586 2776 1672 2812 odio

182 2824 344 2862 voluerit
403 2826 441 2860 iu
497 2829 658 2862 vestram
701 2828 934 2863 maiestatem
995 2830 1165 2874 suscepto
1220 2838 1288 2863 nec
1342 2826 1389 2862 de
1441 2836 1552 2860 manu
1606 2836 1674 2860 sua

183 2873 294 2912 urbes
334 2874 484 2923 imperii
534 2875 650 2913 vestri
692 2875 920 2916 liberaverit.
994 2876 1060 2915 ubi
1115 2887 1204 2914 vero
1250 2875 1309 2914 vel
1345 2874 1493 2912 volente
1528 2884 1572 2911 eo
1616 2872 1675 2910 vel
1707 2884 1734 2912 τ
