1734 3120
222 226 303 268 286
727 231 892 266 ΑΝΝΑΕ
921 230 1188 266 ΟΟΜΝΕΝΑΕ

219 346 267 392 δὲ
295 342 415 405 αὗτῴ
454 340 760 404 κατάφρακτός
804 360 871 396 τις
904 340 1076 396 Κελτὸς
1115 341 1193 388 τὸν
1220 344 1368 388 ἵππον
1411 344 1590 389 δίδωσι·
1637 345 1710 388 καὶ

219 411 540 470 καταλαμβάνει
570 410 649 456 τὸν
678 407 980 468 αὐτοκράτορα
1010 413 1116 468 περὶ
1145 410 1224 472 τὴν
1263 409 1453 456 πεδιάδα
1488 415 1565 470 τῆς
1603 429 1708 467 τεμ-

71 495 109 531 Ρ.
135 495 206 530 443
220 483 350 534 πείας
377 477 661 537 αὕλιζόμενον
690 478 857 536 μεταξύ
897 481 1219 540 Φιλαδελφείας
1255 481 1329 525 καὶ
1362 475 1579 536 Ἀκροκοῦ
1616 481 1710 524 δια-

219 550 430 608 κειμένην,
464 545 543 604 οὖχ
571 547 646 601 ἑνί,
670 543 782 592 οἷλλά
802 549 989 601 πολλοῖς
1013 543 1286 606 οἷποχρῶσαν
1307 539 1639 605 στρατεύμασιν.
1686 549 1710 592 ὁ

220 620 268 663 δὲ
298 617 376 663 τόν
409 615 643 675 Καμύτζην
671 613 952 672 θεασάμενος
988 614 1189 675 μεγάλως
1218 613 1351 661 αὐτὸν
1380 613 1734 672 ἀποδεξάμενος.

219 689 291 732 καὶ
321 690 498 743 σῶστρα
525 689 589 744 τῷ
618 685 847 744 ῥυσαμένῳ
876 687 1040 728 τοῦτον
1073 687 1173 744 Θεῷ
1210 683 1357 738 θύσας
1384 682 1501 742 πρὸς
1525 682 1604 742 τὴν
1632 688 1711 740 βα-

220 753 479 800 σιλεύουσαν
518 754 736 810 ἐκπέμπει
779 751 935 797 “chre''
977 753 1115 810 λέγων
1154 751 1272 798 “fica
1296 771 1344 797 τε
1373 754 1613 804 πέπονθας
1639 753 1711 795 καὶ

219 822 305 868 ὅσα
343 820 540 880 ἑώρακας
583 822 655 865 καὶ
697 819 775 879 τὴν
821 819 943 880 ἡμῶν
973 819 1052 865 σὺν
1085 824 1185 879 Θεῷ
1217 825 1313 874 τοῖς
1342 818 1571 879 ἡμετέροις
1609 836 1712 863 κατ-

218 890 415 950 άγγειλον
447 888 605 951 ζωήν”.
679 887 954 948 μεμαθηκώς
993 890 1041 934 δὲ
1082 888 1160 949 τὴν
1187 889 1359 949 σφαγὴν
1399 892 1480 933 τοῦ
1509 884 1713 944 Ἀμπελᾶ

219 962 292 1005 καὶ
318 961 398 1005 τοῦ
429 958 701 1015 Τζιπουρέλη
731 958 804 1002 καὶ
831 958 928 1002 λίαν
960 957 1037 1002 ἐπὶ
1067 959 1121 1018 τῇ
1148 955 1320 1002 τούτων
1353 959 1499 1018 σφαγῇ
1529 956 1712 1012 περιαλ-

220 1027 353 1089 γήσας
383 1026 407 1072 ὁ
435 1023 718 1083 αὐτοκράτωρ
750 1026 832 1084 τήν
861 1023 1007 1087 ψυχὴν
1042 1024 1131 1084 ἔφη
1179 1023 1286 1070 “dim
1317 1027 1469 1078 δόντες
1500 1024 1576 1069 ἕνα
1617 1022 1714 1068 ἐλά-

219 1096 402 1152 βομεν”.
461 1093 573 1147 ἔθος
611 1092 694 1152 γάρ
737 1089 875 1152 αὐτῷ,
917 1091 1106 1151 ὁπηνίκα
1145 1090 1334 1154 νικήσειέ·
1370 1110 1467 1137 τινα
1497 1089 1708 1148 πόλεμον,

178 1159 464 1221 Βάνερευνᾶν,
497 1160 621 1215 εἴτις
650 1160 764 1206 ἑάλω
792 1165 881 1205 τῶν
905 1164 1201 1218 στρατιωτῶν,
1227 1159 1354 1214 εἴτις
1375 1160 1504 1219 ἔργον
1525 1158 1712 1219 ἐγεγόνει

219 1231 438 1287 πολεμίας
459 1227 627 1287 χειρός·
661 1230 734 1273 καὶ
765 1226 845 1273 κᾶν
876 1227 983 1282 ὅλας
1014 1229 1235 1286 ἐτρέψατο
1257 1226 1480 1288 φάλαγγας
1499 1229 1571 1272 καὶ
1592 1228 1712 1286 νίκην

220 1298 297 1361 τὴν
328 1300 419 1343 κατ’
447 1296 592 1343 αὐτῶν
623 1293 770 1359 ἤρατο,
805 1298 1047 1356 ξυμβέβηκε
1077 1298 1116 1342 δ’
1147 1297 1222 1341 ἕνα
1251 1315 1340 1341 που
1369 1295 1500 1352 τυχὸν
1533 1298 1604 1341 καὶ
1623 1300 1734 1340 τῶνῖ

221 1365 415 1423 ἐσχάτων
442 1369 727 1425 στρατιωτῶν
756 1364 1026 1419 ἀπολέσθαι,
1058 1367 1109 1410 το
1130 1369 1212 1423 τῆς
1235 1366 1355 1424 νίκης
1384 1365 1448 1419 εἷς
1469 1361 1595 1410 οὐδὲν
1617 1365 1712 1408 ἑλο-

221 1438 360 1495 γίζετο
392 1439 571 1494 πρᾶγμα
613 1437 686 1480 καὶ
716 1435 946 1492 Καδμείαν
990 1433 1050 1488 ῶς
1085 1436 1268 1493 άληθῶς
1312 1435 1431 1492 νίκην
1474 1433 1553 1492 την
1593 1433 1713 1491 νίκην

223 1505 388 1564 ἐκείνην
416 1503 563 1564 ἡγεῖτο
594 1506 667 1549 καὶ
699 1499 796 1548 ἀντὶ
824 1504 1006 1561 κέρδους
1038 1503 1204 1562 ζημίαν.
1260 1499 1391 1556 αὐτος
1422 1503 1470 1547 δὲ·
1502 1500 1713 1562 ἡγεμόνας

221 1572 341 1626 τινας
369 1571 480 1630 μετὰ
513 1576 602 1617 τῶν
633 1571 707 1618 ’ὑπ’
739 1568 879 1617 αὐτὸν
899 1576 1184 1629 στρατιωτῶν
1216 1572 1260 1625 ἐς
1279 1569 1481 1630 φυλακήν
1500 1569 1714 1630 καταστη-

222 1660 301 1696 σας
330 1646 410 1701 τῆς
451 1644 596 1699 χώρας
622 1640 842 1700 Ιειύργιον
879 1640 957 1686 τὸν
985 1638 1220 1700 Λεβοὺνην
1262 1642 1333 1685 καὶ
1381 1639 1557 1697 ἑτέρους
1600 1638 1734 1696 πρὸς.

221 1710 300 1770 τὴν
327 1709 651 1767 βασιλεύουσαν
691 1709 864 1769 νικητὴς
909 1707 1102 1770 ἐπανῄει.
1175 1710 1199 1753 ὁ
1239 1710 1319 1766 μὲν
1362 1702 1440 1753 οὖν
1481 1706 1716 1766 Καμύτζης

222 1777 478 1836 καταλαβών
521 1777 573 1823 τὸ
613 1775 810 1834 Δάμαλιν
853 1778 926 1822 καὶ
970 1778 1015 1822 ἕν
1059 1772 1296 1836 ἇμφηρικῷ
1343 1775 1564 1821 εἰσελθών
1610 1777 1715 1832 περὶ

358 1896 390 1930 2.
415 1897 561 1933 τεπείας
583 1894 627 1930 F.
800 1896 834 1930 4.
862 1890 1110 1941 στρατεύμασι
1135 1892 1175 1928 F.
1339 1894 1362 1927 4
1385 1904 1440 1939 sq.
1467 1890 1487 1926 ὁ
1514 1891 1558 1926 δὲ
1582 1890 1649 1927 τὸν
1675 1891 1713 1935 C,

356 1941 421 1979 τὸν
444 1943 487 1979 δὲ
511 1943 551 1978 Ρ.
706 1945 739 1979 7.
763 1939 835 1978 ὅσα
859 1955 898 1978 τε
923 1943 967 1987 F,
992 1954 1029 1978 τε
1054 1953 1124 1978 om.
1151 1941 1192 1977 P.
1346 1942 1380 1976 8.
1406 1935 1650 1987 κατάγγειλον
1675 1941 1714 1984 G,

358 1988 574 2038 κατάγγειλε
598 1991 639 2027 Ρ.
771 1993 827 2027 15.
853 1991 895 2027 δὲ
917 1991 982 2027 ἕνα
1007 1991 1050 2036 F,
1077 1990 1111 2024 δ’
1138 2001 1210 2026 om.
1237 1989 1276 2025 P.
1422 1991 1480 2024 22.
1509 1987 1714 2037 ἀμφηρικῷ

359 2039 403 2075 L.
429 2039 666 2076 Dindorfius:
689 2036 891 2088 ἀμφιρὺκῳ
916 2039 956 2076 Ρ.

224 2157 322 2194 forte
348 2157 475 2194 Gallus
501 2157 653 2204 quidam
678 2157 942 2203 cataphractus
967 2157 1003 2193 ei
1037 2156 1205 2198 dederat,
1247 2155 1322 2191 cito
1361 2154 1410 2191 ad
1449 2154 1714 2200 imperatorem

225 2206 370 2242 delatus
395 2210 461 2249 est,
499 2206 564 2252 qui
600 2207 640 2241 in
677 2206 784 2242 vallis
820 2206 979 2252 planitie
1015 2207 1115 2241 inter
1140 2204 1440 2250 Philadelphiam
1467 2206 1504 2239 et
1530 2203 1713 2239 Aci-ocum

225 2256 348 2301 posita
384 2267 453 2291 nec
489 2255 566 2300 uni,
608 2254 672 2290 sed
698 2255 827 2290 multis
864 2255 975 2290 simul
1000 2253 1229 2299 excipiendis
1254 2252 1481 2288 exercitibus
1506 2251 1715 2287 sufficiente

225 2306 347 2339 castra
373 2306 559 2349 posuerat.
610 2315 695 2338 eum
721 2303 831 2338 simul
856 2315 898 2339 ac
924 2303 1119 2348 conspexit
1155 2303 1373 2347 imperator,
1412 2300 1636 2336 laetissimus
1662 2311 1714 2334 sa-

225 2352 323 2388 lutat
347 2352 555 2398 gratiisque
579 2351 649 2387 deo
675 2352 803 2387 relatis
830 2352 879 2387 ob
904 2352 1120 2387 restitutam
1145 2351 1202 2386 illi
1224 2350 1437 2386 libertatem
1465 2349 1587 2395 ipsum
1618 2347 1712 2383 Con—

226 2400 498 2446 stantinopolin
511 2400 706 2435 dimittens
724 2400 924 2443 “Nuntia,”
941 2400 1066 2445 iuquit
1082 2399 1291 2445 “quidquid
1308 2402 1346 2434 et
1362 2397 1493 2433 tuleris
1509 2401 1547 2432 et
1565 2396 1714 2442 videris,

226 2460 269 2483 ac
295 2460 362 2484 nos
386 2449 446 2484 dei
471 2450 594 2495 gratia
619 2448 742 2484 valere
766 2450 906 2484 nostris
929 2447 1065 2484 refer.⁷’
1118 2459 1247 2484 verum
1274 2447 1452 2492 Ampelae
1480 2445 1714 2491 Tzipurelae-

227 2509 298 2543 que
323 2497 432 2533 caede
457 2498 610 2544 cognita
634 2497 770 2532 intimo
796 2497 925 2533 dolore
955 2496 1111 2533 affectus
1150 2497 1356 2542 imperator
1394 2494 1565 2531 “Unum’'
1591 2493 1715 2539 inquit

228 2546 468 2591 “recepimus‚
509 2546 603 2581 duos
641 2546 865 2581 amisimus''.
932 2558 1017 2581 nam
1054 2545 1127 2591 ipsi
1165 2545 1281 2580 moris
1319 2543 1393 2579 fuit
1429 2543 1527 2579 bello
1553 2543 1714 2589 gloriose

228 2593 408 2639 confecto,
435 2597 478 2629 ut
502 2595 726 2640 exquireret,
764 2595 890 2640 ecquis
919 2594 1083 2630 militum
1107 2597 1238 2639 captus
1269 2594 1455 2628 occisusve
1483 2595 1590 2632 esset,
1616 2601 1714 2626 cum·

229 2654 300 2687 que
326 2654 440 2677 unum
465 2642 563 2678 forte
588 2654 746 2688 eumque
781 2642 902 2678 infimi
933 2642 1076 2678 ordinis
1101 2642 1259 2677 militem
1285 2641 1439 2687 periisse
1462 2639 1714 2685 comperisset,

228 2691 373 2725 etiamsi
413 2690 713 2736 splendidissima
755 2692 915 2727 victoria
962 2695 1062 2727 totas
1100 2690 1266 2726 hostium
1302 2689 1508 2735 phalangas
1548 2687 1716 2731 fudisset,

230 2738 412 2774 eiusmodi
436 2740 632 2774 victoriam
671 2739 780 2774 nihili
806 2740 970 2775 faciebat
1006 2751 1161 2785 eamque
1198 2749 1284 2774 vere
1321 2737 1520 2773 Cadmeam
1557 2736 1734 2782 putabat?

229 2798 271 2822 ac
295 2787 443 2822 noxiam
471 2788 599 2834 magis,
626 2799 736 2832 quam
763 2788 906 2824 utilem.
969 2791 1054 2834 post
1082 2787 1172 2823 haec
1209 2785 1408 2833 praefectis
1444 2785 1532 2822 huic
1569 2783 1734 2830 regioni-

229 2834 419 2871 custodiae
444 2847 554 2871 causa
579 2836 740 2882 Georgio
766 2836 920 2871 Lebune
941 2836 1108 2882 aliisque,
1133 2836 1270 2882 quibus
1288 2845 1372 2871 suas
1397 2834 1523 2880 copias
1548 2833 1714 2878 reliquit,

230 2884 350 2921 victor
375 2884 413 2918 in
438 2884 581 2929 regiam
610 2885 739 2920 urbem
765 2884 971 2921 contendit.
1012 2884 1203 2930 Camytzes
1228 2895 1316 2920 vcro
1354 2882 1402 2918 ad
1428 2882 1597 2918 Damalin
1622 2891 1734 2934 nave}
