1734 3120
217 186 294 228 166
716 185 881 220 ANNAE
921 182 1190 217 OOMNENAE

212 307 470 365 διακειμένη.
541 301 699 361 ταύτην
743 299 825 359 τήν
871 296 1004 344 πόλιν
1044 296 1147 356 γυνή
1182 315 1250 350 τις
1282 293 1511 356 ἐφρούρει,
1544 293 1699 355 μήτηρ,

213 375 276 431 οἷς
317 377 498 434 ἐλέγετο,
539 375 618 418 τοῦ
654 370 829 428 Ταγγρέ,
862 365 951 413 εἴτε
983 363 1154 426 άδελφὴ
1197 367 1281 411 τοῦ
1314 366 1360 410 ἐν
1389 367 1577 419 πολλοῖς
1620 360 1702 424 ἤδη

214 446 427 506 ῥηθέντος
480 437 755 498 Βαϊμούντου
819 435 908 482 εἴτε
959 437 1031 481 καὶ
1076 433 1150 494 μή,
1215 435 1410 480 συνιδεῖν
1458 429 1544 479 οὐκ
1594 433 1701 490 ἔχω·

215 510 266 559 οὗ
309 512 388 572 γάρ
433 507 532 557 οἶδα
575 511 741 568 σαφῶς,
783 506 822 552 εἰ
859 503 1094 562 πατρόθεν
1124 501 1155 562 ἢ
1193 500 1423 562 μητρόθεν
1463 501 1543 562 τὴν
1587 501 1704 559 πρὸς

175 580 290 629 Οτόν
348 581 624 636 Βαϊμοῦντον
669 573 692 620 ὁ
747 573 911 632 Ταγγρὲ
955 573 1203 630 συγγένειαν
1255 571 1474 630 ἐκέκτητο.
1561 571 1734 616 &zelam

215 646 567 708 παραγενόμενος
628 647 698 690 καὶ
760 644 1069 702 προσορμίσας
1126 639 1204 695 τὰς
1259 644 1367 700 νῆας
1424 635 1703 698 ἀπεπειρᾶτο

215 722 304 763 τῶν
348 720 426 762 τοῦ
459 715 727 774 Βρεντησίου
772 715 928 769 τειχῶν
957 713 1029 756 καὶ
1058 710 1122 764 εἰς
1166 713 1316 766 χεῖρας
1345 704 1461 765 εἶχεν
1489 703 1584 768 ἤδη.
1645 705 1706 761 ὠς

216 787 263 832 δὲ
304 789 440 830 τοῦτο
492 782 517 844 ἡ
566 781 687 836 ἐντὸς
737 774 845 827 οὖσα
896 780 1001 839 γυνή
1052 776 1272 839 φρενήρης
1312 770 1430 824 οὖσα
1478 778 1552 822 καὶ
1601 793 1706 822 στα-

217 853 337 913 θηρά
391 852 469 913 τὴν
526 849 698 911 γνώμην
746 848 980 903 ἐθεάσατο,
1043 847 1233 907 ὁπηνίκα
1292 845 1373 901 τὰς
1428 850 1537 900 ναῦς
1579 850 1704 891 κεῖθι

218 920 541 980 προσώρμισεν,
575 920 638 974 εἷς
666 919 740 964 ἕνα
778 922 867 964 τῶν
897 916 1005 962 υἱῶν
1036 913 1173 975 αὐτῆς
1212 916 1522 962 ἀποστείλασα
1560 926 1734 961 σπου-1

219 993 354 1045 δαίως
381 993 545 1036 τοῦτον
573 991 870 1047 μετεκαλεῖτο,
934 991 1013 1032 τοῦ
1051 987 1100 1032 δὲ
1138 988 1343 1031 ναυτικοῦ
1383 983 1553 1039 παντὸς
1589 990 1726 1042 θαρ-·

222 1058 439 1119 σήσαντος
468 1054 561 1118 ἤδη,
595 1056 657 1112 ὥς
687 1059 731 1103 ἑν
761 1059 883 1116 χερσὶ
912 1054 994 1114 τήν
1023 1052 1156 1100 πόλιν
1187 1053 1380 1110 ἔχοντος,
1413 1055 1485 1099 καὶ
1520 1052 1600 1113 τὴν
1625 1056 1706 1098 τοῦ

219 1130 433 1186 βασιλέως
463 1123 679 1187 εὐφημίαν
708 1126 989 1182 ποιουμένων
1023 1121 1246 1178 ἁπάντων,
1279 1124 1353 1168 καὶ
1380 1120 1489 1181 αῧτη
1521 1123 1567 1167 ἐν
1596 1118 1707 1180 α’μη-

219 1197 345 1257 χανίᾳ
374 1198 622 1241 καταστᾶσα
652 1192 786 1240 ταύτὸ
815 1198 948 1239 τοῦτο
981 1190 1304 1250 παρεκελεύετο
1333 1196 1485 1238 ποιεῖν
1505 1193 1578 1238 καὶ
1602 1189 1708 1245 τοὺς

222 1263 356 1318 ἐντός.
414 1263 503 1322 ᾶμα
530 1264 579 1309 δὲ
607 1265 680 1309 καὶ
709 1262 825 1321 πρὸς
853 1261 931 1307 τὸν
950 1262 1322 1322 Κοντοστέφανον
1351 1262 1563 1319 πρέσβεις
1592 1256 1734 1305 ἄπο-1

223 1334 429 1379 στείλασα
467 1333 668 1377 δουλείαν
706 1329 925 1389 ὡμολόγει
959 1330 1020 1390 ‘cqc'
1062 1326 1354 1387 αὐτοκράτορι
1387 1330 1461 1374 καὶ
1491 1326 1709 1387 εἰρηνικάς

222 1402 316 1459 μετ’
347 1396 481 1446 αὗτοῦ
511 1399 706 1454 σπονδάς
733 1398 988 1455 ὑπισχνεῖτο
1019 1397 1302 1460 ποιήσασθαι
1333 1396 1450 1456 πρὸς
1486 1394 1623 1443 αὐτόν
1658 1415 1708 1442 τε

178 1467 530 1525 Βὲξελεύσεσθαι
575 1467 629 1514 τὰ
673 1468 783 1514 κατὰ
827 1466 999 1514 σκοπὸν
1041 1469 1438 1526 ἀνακοινωσομένη,
1473 1464 1534 1521 ιῦς
1563 1464 1709 1511 πάντα

222 1538 276 1583 δι’
305 1535 445 1583 αὐτοῦ
475 1538 699 1597 δηλωθείη
729 1541 792 1596 τῷ
821 1533 1127 1595 αὐτοκράτορι.
1177 1540 1364 1582 τοιαῦτα
1393 1536 1442 1581 δὲ
1463 1537 1706 1595 ἐμηχανᾶτο

220 1601 510 1662 άπαιωροῦσα
538 1603 616 1651 τὸν
654 1609 735 1651 τοῦ
765 1604 1139 1666 Κοντοστεφάνου
1159 1602 1382 1664 λογισμόν,
1406 1602 1453 1650 εἴ
1467 1621 1557 1649 που
1579 1604 1625 1648 ἐν
1643 1605 1734 1662 τῷξ

221 1673 377 1731 μεταξὺ
407 1671 644 1730 καταλάβοι
675 1672 699 1719 ὃ
729 1672 888 1733 ταύτης
921 1673 1018 1728 υἱός
1047 1676 1120 1720 καὶ
1157 1677 1393 1734 τηνικαῦτα
1421 1672 1502 1719 τθν
1532 1669 1705 1731 σκηνήν,

221 1740 430 1801 καθάπερ
473 1740 577 1796 τούς
621 1740 852 1801 τραγικούς
894 1760 1015 1802 φασι,
1062 1744 1234 1802 ῥίψασα
1274 1740 1421 1801 μάχης
1454 1737 1705 1797 άνθέξοιτο.

361 1876 390 1910 1.
420 1874 633 1923 διακειμένη
659 1876 710 1911 τῶ
733 1876 879 1912 ἐκεῖθεν
906 1878 1097 1923 ἱσταμένω
1127 1878 1188 1912 καὶ
1213 1874 1309 1922 πρὸς
1335 1873 1377 1911 τὸ
1408 1871 1592 1921 ἰλλυρικὸν
1615 1871 1712 1908 ἄπο-

356 1924 527 1967 βλέποντι
565 1919 732 1963 δεξιόθεν
757 1925 972 1973 διακειμένη
1000 1925 1048 1961 F:
1081 1925 1196 1962 verba
1219 1925 1271 1972 τῷ
1364 1924 1580 1971 διακειμένη
1609 1922 1712 1959 scho-

357 1971 503 2007 liastam
527 1972 707 2008 redolent.
855 1976 888 2010 3.
915 1971 984 2022 οὐχ
996 1973 1037 2019 Ρ,
1063 1974 1220 2011 correxi.
1370 1974 1404 2010 5.
1435 1970 1653 2016 ἆνεκέκτητο
1671 1970 1710 2007 C.

359 2020 417 2056 22.
443 2017 635 2067 τραγικούς
660 2021 697 2068 C,
724 2020 896 2069 τραγικὸς
919 2022 959 2058 Ρ.

223 2172 407 2214 praeerat,
432 2169 625 2212 TancredL
650 2173 694 2206 ut
719 2170 919 2217 ferebatur,
948 2174 1080 2217 mater,
1105 2183 1174 2208 nec
1199 2172 1286 2218 scio,
1313 2174 1442 2208 utrum
1472 2182 1578 2206 soror
1604 2181 1713 2216 saepe

224 2218 298 2252 iam
325 2218 519 2253 memorati
541 2217 748 2255 Boemundi
774 2232 898 2256 necne.
931 2232 1050 2267 neque
1078 2221 1177 2256 enim
1203 2221 1295 2256 satis
1320 2219 1558 2266 exploratum
1579 2218 1710 2264 habeo,

226 2269 428 2321 paternane
445 2266 627 2302 Tancredi
654 2279 700 2302 an
725 2270 894 2304 materna
921 2268 1036 2305 fuerit
1060 2281 1145 2305 cum
1162 2269 1378 2306 Boemundo
1397 2267 1713 2314 consanguinitas.

226 2326 298 2368 quo
325 2314 567 2369 ubrventum
593 2319 658 2360 est,
685 2317 840 2352 navibus
869 2318 1085 2353 constitutis
1111 2318 1303 2354 Brundisii
1329 2317 1449 2353 muris
1473 2328 1511 2352 se
1535 2316 1714 2361 admovit,

223 2374 368 2407 lamque
395 2374 432 2398 ln
461 2364 630 2399 manibus
655 2364 733 2400 eius
748 2366 836 2401 urbs
853 2366 937 2410 fuit,
954 2367 1026 2402 nisi
1039 2366 1174 2402 mulier
1189 2367 1224 2402 ei
1240 2366 1430 2412 praefecta
1444 2364 1624 2411 ‘prudenti
1645 2376 1712 2400 usa

223 2411 482 2464 constantique
498 2412 633 2454 animo,
650 2413 714 2449 ubi
740 2425 850 2449 naves
867 2416 1061 2460 conspexit
1086 2415 1138 2451 ibi
1163 2415 1210 2450 ad
1233 2426 1388 2451 ancoras
1413 2414 1584 2460 deligari,
1610 2413 1712 2449 citis-

225 2470 312 2493 mme
337 2471 449 2494 unum
479 2471 523 2495 ex
549 2459 636 2496 filiis
662 2461 737 2497 suis
764 2463 1024 2499 arcessivisset.
1077 2463 1141 2499 sed
1167 2475 1252 2500 cum
1277 2463 1459 2500 classiarii
1484 2473 1612 2498 omnes
1636 2462 1712 2497 iam

225 2510 369 2551 captam
393 2519 468 2543 esse
491 2509 679 2545 civitatem
705 2511 778 2545 rati
808 2511 920 2546 alacri
956 2513 1080 2548 animo
1106 2513 1232 2548 omnia
1259 2511 1383 2548 fausta
1408 2510 1631 2557 imperatori
1655 2522 1712 2545 ac·

226 2554 438 2610 clamare-nt,
457 2557 635 2612 'quotide
660 2558 779 2594 salute
803 2559 1028 2605 desperaret,
1054 2561 1136 2606 ipsa
1161 2572 1310 2607 quoque
1338 2572 1422 2596 suos
1447 2559 1585 2595 milites
1611 2558 1711 2594 idem

226 2602 362 2659 facere·
379 2608 494 2640 iussit.
551 2606 660 2641 simul
693 2607 812 2642 missis
844 2608 892 2643 ad
931 2608 1274 2655 Contostephanum
1311 2609 1447 2655 legatis
1483 2607 1711 2643 deditionem

227 2651 329 2686 urbis
354 2664 391 2686 111
415 2656 637 2708 potestatem
663 2655 903 2701 imperatoris
928 2657 1131 2703 spopondit
1156 2658 1406 2704 promisitque
1435 2656 1538 2703 pacis
1561 2655 1713 2691 foedera

226 2710 310 2734 cum
345 2711 385 2733 eo
416 2712 491 2735 sese
523 2702 701 2738 inituram
728 2715 803 2739 esse
833 2704 880 2740 ad
905 2716 1064 2751 eumque
1097 2705 1366 2751 profecturam,
1401 2708 1445 2741 ut
1476 2715 1571 2750 quac
1595 2715 1640 2739 ex
1673 2715 1714 2739 re

226 2750 346 2802 essent¹
369 2759 492 2783 coram
518 2752 708 2795 tractaret,
735 2753 814 2797 ipse
836 2765 924 2788 vero
948 2754 1075 2789 omnia
1098 2754 1145 2790 ad
1160 2755 1425 2800 imperatorem
1451 2753 1627 2795 deferret.
1668 2763 1711 2787 ac

227 2795 471 2850 macl-unando
500 2797 590 2852 heec
607 2798 898 2846 Contostephani
917 2802 1082 2837 animum
1114 2815 1329 2848 suspensum
1352 2802 1476 2840 tenuit
1498 2813 1542 2838 eo
1560 2799 1712 2847 quidem

226 2843 392 2891 consilio,
428 2848 482 2890 ut,
513 2858 543 2882 si
578 2846 677 2885 filius
712 2849 863 2886 interim
894 2849 1115 2898 advenisset,
1145 2863 1288 2898 scaena,
1325 2856 1369 2888 ut
1403 2850 1567 2900 tragicos
1592 2849 1714 2886 facere
