1734 3120
476 188 740 227 ALEXIADIS
770 191 864 225 LIB.
893 191 973 226 XV.
1006 188 1069 227 11.
1440 191 1519 232 367

37 293 116 347 οὖν
143 302 306 351 πολλοὶ
333 294 425 347 τῶν
452 299 616 359 ἰατρῶν
635 299 744 348 ουδὲ
763 301 977 365 συνῄεσαν
998 304 1114 360 όλως
1130 308 1209 367 τὴν
1227 309 1521 394 ἐπερχομένην

33 367 139 431 ἡμῖν
173 365 360 450 ἅπειλην
397 370 624 416 ἐντεῦθεν.
693 369 717 415 ὃ
749 373 798 416 δέ
825 389 873 430 γε
884 375 1150 453 Καλλικλῆς
1169 335 1412 432 Νικόλαος,
1444 378 1519 424 οὖ-

32 440 145 484 τωσὶ
172 436 253 496 γὰρ
282 436 653 496 προσηγορεύετο,
683 437 839 495 μάντις
875 432 928 502 ἦν
962 439 1068 522 ῆμῖν
1108 447 1199 488 τῶν
1236 440 1518 492 άπ-ευκταίων

31 508 178 551 κακῶν
205 507 279 551 καὶ
302 511 547 552 πτοεῖσθαι
581 505 715 565 chys,
747 506 808 570 μὴ
839 513 928 554 τῶν
957 505 1104 567 ἶὶκρων
1132 510 1426 575 ὖποχωρῆσαν
1444 518 1516 560 καὶ

0 567 164 633 ὅῖίλλην
192 571 569 632 διαπορευόμενον
596 569 856 657 assovjmpv
882 576 961 622 τὸν
989 579 1188 624 κίνδυνον
1216 583 1280 640 τῷ
1307 580 1515 639 κάμνοντι

29 636 351 700 άπεργάσοιτο·
387 638 468 687 κῖὶν
497 641 723 688 πιστεύειν
758 661 839 689 ουκ
865 642 1053 703 εἴχομεν,
1094 646 1163 692 ὅτι
1191 651 1291 707 μηδ’
1328 646 1515 711 ἤβουλό-
1566 650 1574 656 ’

29 713 167 766 μεθα.
225 705 372 764 ουδεὶς
398 710 479 767 μὲν
506 728 584 756 ουν
616 715 851 770 τηνικαῦτα
879 713 995 775 πλὴν
1022 717 1107 760 τοῦ
1128 718 1424 772 Καλλικλέους
1442 717 1516 764 διά

29 794 161 823 τινων
189 777 451 836 καθαρσίων
479 779 664 831 κένωσιν
694 779 1054 841 προετεθὺμητο.
1115 780 1217 830 οὐδὲ
1257 786 1337 843 γὰρ
1374 783 1515 832 είωθε

28 843 81 891 τὸ
123 862 178 892 σα
190 864 254 903 μα
297 848 433 892 τοῦτο
474 845 713 904 λαμβάνειν
765 848 1027 908 καθάρσιον,
1083 847 1193 897 ἀλλὰ
1236 851 1562 901 παντάπασινΙ)

0 909 303 972 ῡᾶγὺμναστος
327 906 380 976 ἦν
404 913 521 972 πρὸς
549 913 629 969 τὰς
654 921 1041 976 φαρμακοποσιᾝας
1102 912 1226 979 ᾧπερ
1265 939 1306 967 οι
1335 924 1566 977 πλείουςΡ.
1595 936 1666 973 497

28 984 103 1029 καὶ
141 983 308 1040 μᾶλλον
349 979 375 1028 ὃ
404 982 659 1045 Παντεχνὴς
691 985 872 1047 Μιχαὴλ
901 987 1261 1046 συγχωρούμενος
1289 993 1518 1045 παντελῶς

27 1046 214 1109 ἀπεῖργε
252 1049 332 1111 τὴν
363 1049 596 1110 κάθαρσιν.
664 1050 690 1097 ὁ
727 1053 777 1098 δέ
814 1071 862 1112 γε
873 1057 1142 1133 Καλλικλῆς
1172 1061 1252 1103 τοῦ
1281 1060 1518 1115 μέλλοντος

27 1113 361 1200 σίὀχασοίμενοςε
383 1117 787 1177 ἑπιφωνηματικῶς
824 1116 984 1175 αὐτοῖς
1028 1121 1174 1181 ἔλεγεν
1202 1142 1265 1177 ως
1306 1129 1408 1171 “νῦν
1437 1127 1518 1183 μὲν

26 1187 118 1230 τῶν
151 1202 300 1243 ακρων
336 1183 363 1247 ἡ
401 1183 482 1245 υ’λη
519 1181 717 1247 αφεμένη
757 1187 874 1270 πρὸς
914 1188 993 1235 τὸν
1025 1183 1147 1248 ὦμον
1185 1193 1398 1252 ἐνέσκηψε
1443 1196 1516 1240 καὶ

0 1253 104 1300 ivd»
130 1253 374 1314 τράχηλον·
418 1254 625 1310 εἰσαῦθις
658 1258 708 1302 δὲ
754 1257 816 1319 μὴ
854 1258 927 1303 διὰ
966 1262 1226 1318 καθαρσίων
1262 1268 1516 1309 κενωθεῖσα

25 1340 91 1377 εις
130 1340 173 1368 τι
215 1326 307 1367 τῶν
341 1327 644 1382 πρωτουργῶν
678 1327 849 1382 μορίων
886 1324 916 1388 ἢ
954 1329 1027 1373 καὶ
1065 1325 1200 1416 αὐτ-ῆν
1227 1329 1306 1391 τῆν
1334 1332 1515 1388 καρδίαν

26 1388 324 1449 ἐπιρρεύσασα
351 1386 531 1437 άνίατον
560 1390 640 1454 τὴν
666 1392 834 1453 βλάβην
861 1390 1183 1454 απεργάσεται”
1186 1433 1197 1444 .
1246 1402 1405 1479 παρῆν
1430 1399 1511 1458 γὰρ

24 1461 98 1505 καὶ
126 1454 235 1521 αὐτὴ
267 1457 320 1515 εξ
346 1459 556 1521 ἐπιταγῆς
583 1464 662 1520 τῆς
691 1462 799 1522 ἕμης
828 1465 1077 1524 δεσποίνης,
1115 1467 1184 1525 ἐφ’
1226 1458 1263 1526 ᾦ
1301 1473 1398 1521 τοῖς
1424 1472 1515 1513 τῶν

25 1525 189 1587 ἰατρῶν
230 1529 378 1586 λόγοις
419 1530 652 1610 διαιτῆσαι,
700 1533 775 1576 καὶ
819 1526 980 1593 ἤκουον
1024 1538 1114 1578 τιῖν
1153 1536 1399 1592 λεγομένων
1440 1538 1513 1581 καὶ

0 1599 120 1649 )τοῖς
147 1599 227 1641 τοῦ
244 1597 468 1659 Καλλικλῆ
497 1594 614 1657 κᾶγω
642 1601 936 1660 συνετιθέμην
964 1600 1125 1660 λόγοις.
1175 1605 1266 1648 τῶν
1293 1602 1553 1651 πλειόνωνΒ

22 1665 63 1708 δ’
91 1661 267 1722 ὅμως(
242 1683 269 1725 η
301 1667 458 1726 ψῆφος
485 1665 670 1724 ἐκράτει.
715 1667 825 1713 ἀλλὰ
853 1667 956 1714 τότε
986 1671 1039 1730 δὴ
1067 1668 1171 1715 τότε
1200 1669 1252 1715 τὸ
1272 1671 1352 1728 μὲν
1372 1675 1510 1729 ῥεῦμα

160 1791 192 1828 1.
218 1787 404 1851 συνῄεσαν
443 1805 485 1842 ῃε
509 1805 555 1830 ex
578 1808 601 1839 η
625 1807 675 1832 m.
701 1797 724 1830 2
750 1796 787 1832 C.
898 1798 934 1833 5.
960 1793 1279 1844 διαπορευόμενον
1300 1796 1343 1833 τὸ
1366 1799 1512 1846 ῥεῦμαῖ

157 1840 191 1875 6.
218 1839 360 1896 ἔχομεν
412 1841 453 1888 Ρ,
477 1843 636 1879 correxi.
713 1845 747 1880 ’1.
772 1846 996 1884 Καλλικλέος
1020 1845 1089 1889 CP,
1113 1846 1270 1881 correxi.
1339 1848 1396 1882 11.
1421 1857 1510 1893 συγ-

153 1884 397 1946 χωρούμενος
419 1891 574 1950 scripsi:
601 1889 867 1941 συγχρώμενος
880 1893 950 1930 GP.
1040 1896 1095 1930 16.
1118 1894 1323 1941 μωρίωνΡ,
1349 1896 1506 1931 correxi.

159 1937 214 1972 19.
243 1933 378 1981 ἤκουον
398 1937 439 1982 Ρ,
466 1935 628 1984 ἥκουσον
652 1941 692 1976 C.
800 1943 860 1979 20.
884 1942 1013 1987 τοῖςΡ,
1038 1943 1102 1987 τῆς
1114 1943 1153 1978 C.
1227 1946 1455 1991 συντιθέμην
1468 1943 1505 1980 C.

20 2062 247 2111 plurimique
271 2065 502 2103 medicorum
527 2079 575 2104 ne
598 2070 885 2125 suspicabantur
922 2070 1073 2116 quidem
1107 2070 1208 2126 quod
1245 2069 1334 2105 inde
1360 2070 1506 2116 pericu-

20 2112 97 2148 lum
120 2113 229 2150 nobis
255 2114 434 2152 instabat.
499 2119 541 2152 at
565 2116 733 2154 Callicles
756 2113 932 2155 Nicolaus
972 2118 1043 2163 (ita
1082 2119 1181 2154 enim
1222 2119 1507 2165 cognominatus

20 2160 109 2205 fuit)
152 2165 257 2198 vates
312 2164 422 2200 nobis
464 2164 539 2201 fuit
579 2166 916 2203 abominandorum
954 2167 1138 2203 malorum
1188 2178 1300 2212 seque
1337 2169 1506 2203 metuere

18 2208 130 2256 dixit,
162 2222 211 2246 ne
233 2211 392 2248 artubus
414 2214 592 2250 extremis
615 2214 757 2250 relictis
783 2215 893 2251 aliam
927 2216 1024 2251 viam
1056 2215 1190 2251 humor
1223 2216 1383 2251 intraret
1406 2216 1505 2260 peri-

18 2258 216 2306 culumque
239 2259 446 2297 insanabile
483 2266 637 2309 aegroto
670 2262 833 2299 afferret.
894 2263 956 2299 sed
995 2263 1145 2299 credere
1176 2274 1251 2298 non
1277 2266 1503 2309 poteramus,

18 2306 120 2352 quod
143 2306 344 2344 noluimus.
392 2321 461 2346 nec
487 2312 685 2357 quisquam
718 2311 867 2348 Callicle
906 2315 1062 2358 excepto
1102 2312 1351 2367 purgantibus
1387 2311 1499 2357 phar-

19 2356 134 2392 macis
156 2365 293 2402 corpus
317 2357 398 2393 eius
421 2359 675 2395 evacuandum
700 2361 855 2404 censuit,
894 2359 995 2405 quod
1032 2361 1186 2395 minime
1219 2359 1279 2396 hic
1319 2359 1502 2395 eiusmodi

18 2403 248 2440 medicamen
283 2416 429 2442 sumere
465 2412 676 2454 consuerat,
699 2408 764 2444 sed
794 2420 947 2454 prorsus
974 2408 1201 2444 abhorrebat
1234 2419 1254 2443 a
1292 2407 1502 2453 pharmacis

16 2451 211 2498 bibendis3
247 2465 323 2500 qua
347 2454 388 2490 in
420 2466 462 2491 re
485 2467 570 2492 cum
595 2456 660 2492 alii
684 2460 765 2492 tum
802 2457 917 2492 etiam
942 2455 1173 2492 Pantechnes
1194 2455 1256 2491 ille
1279 2455 1439 2492 Michael
1463 2456 1500 2492 ei

17 2500 186 2537 obsecuti
209 2503 471 2548 purgationem
503 2505 693 2540 arcebant.
740 2508 781 2540 at
803 2505 933 2540 futura
950 2505 1181 2550 prospiciens
1204 2504 1312 2550 gravi
1338 2515 1428 2540 voce
1451 2504 1499 2540 iis

17 2548 186 2586 Callicles
209 2549 360 2597 obiecit,
385 2553 583 2588 materiam
608 2554 656 2589 ab
690 2554 854 2588 externis
879 2552 1050 2588 articulis
1074 2555 1275 2588 retractam
1300 2551 1348 2587 ad
1371 2552 1498 2588 hume-

16 2609 102 2633 rum
125 2597 335 2645 collumque
361 2611 438 2636 esse
469 2600 676 2647 fiuxuram3
713 2601 857 2645 deinde,
894 2613 977 2637 cum
1018 2601 1267 2647 purgantibus
1289 2600 1500 2645 pharmacis

16 2657 93 2682 non
128 2645 309 2682 exhausta
342 2649 541 2694 primarias
579 2654 705 2696 partes
741 2661 785 2685 ac
818 2648 876 2684 vel
914 2650 1036 2694 ipsum
1073 2660 1138 2684 cor
1172 2648 1404 2694 arripuisset,
1442 2650 1499 2685 in·

17 2693 222 2731 sanabilem
249 2696 422 2732 morbum
459 2697 554 2734 fore.
617 2697 722 2733 adfui
749 2698 848 2733 enim
875 2697 956 2743 ipsa
980 2697 1151 2733 dominae
1189 2707 1293 2732 meae
1316 2696 1430 2739 iussu,
1455 2700 1500 2733 ut

16 2741 245 2779 medicorum
271 2743 591 2791 disputationibus
626 2757 844 2792 praeessem,
880 2757 1084 2791 eorumque
1119 2745 1322 2780 sententias
1358 2724 1498 2782 aud’ivi.

17 2790 191 2838 equidem
204 2791 367 2830 Calliclis
378 2793 534 2830 oonsilio
547 2806 693 2831 assensa
710 2806 804 2839 sum,
820 2793 885 2829 sed
898 2794 1148 2840 plurimorum
1161 2791 1381 2839 suffrag-ium
1394 2794 1496 2830 vicit.

17 2850 62 2877 ao
84 2839 175 2880 licet
197 2843 281 2878 tum
305 2840 453 2887 humor,
489 2843 557 2879 ubi
587 2845 786 2880 consuetos
815 2853 883 2889 per
905 2841 985 2878 dies
1013 2842 1253 2888 imperatoris
1280 2852 1417 2887 eorpus
1440 2844 1494 2878 te·
