1768 3152
261 206 313 248 50
769 213 934 248 ANNAE
965 211 1232 247 coMNENAE

257 330 331 373 καὶ
361 327 493 390 ἥλους
522 330 594 372 καὶ
623 325 781 386 λόγχην
817 326 871 372 τὰ
901 325 1161 384 κακούργοις
1199 323 1490 384 προσήκοντα
1518 329 1596 384 τῆς
1629 322 1755 384 ἡμῶν

257 397 385 443 ἕνεκα
414 395 802 455 παραιτησάμενον
842 397 1074 454 σωτηρίας.
1137 393 1176 439 εἰ
1208 395 1256 440 δὲ
1284 392 1424 452 μάχης
1461 395 1565 451 ὑμῖν
1598 393 1755 454 ἔφεσίς

258 466 363 522 ἐστι,
394 464 506 523 μετὰ
535 466 614 524 τὴν
643 460 941 521 ἅναστάσιμον
969 467 1050 507 τοῦ
1080 465 1286 521 σωτῆρος
1316 460 1480 522 ἡμέραν
1510 464 1583 507 καὶ
1624 460 1756 521 ἡμεῖς

258 533 429 591 ἕτοιμοι.
465 531 800 591 π·αρεσόμεθα.”
848 530 887 577 οἱ
920 533 969 577 δὲ
1007 527 1064 576 οὔ
1092 529 1231 589 μόνον
1260 526 1341 587 οὐχ
1365 528 1620 580 ὑπείκοντο,
1641 525 1753 575 ἀλλὰ

258 604 331 647 καὶ
361 599 662 647 κατεπῦκνουν
687 599 766 654 τὰς
795 600 1018 660 φάλαγγας
1038 598 1197 656 συχνὰς
1224 597 1308 653 τοὶς
1335 597 1469 656 βολὰς
1486 600 1756 656 πέμποντες,

261 668 322 724 ιῦς
351 671 424 714 καί
453 688 549 715 τινα
586 673 677 714 τῶν
719 665 855 728 ἆγχοῦ
904 672 985 714 τοῦ
1029 670 1261 726 βασιλικοῦ
1307 665 1480 726 θρόνου
1512 664 1756 725 ἱσταμένων

259 739 370 784 κατὰ
400 736 452 783 τό
483 739 665 796 στέρνον
698 740 873 798 πλῆξαι.
906 735 1024 795 ὅπερ
1055 736 1097 782 οἱ
1129 738 1336 791 πλείονες
1364 740 1456 781 τῶν
1485 737 1555 796 ἐφ’
1573 734 1757 793 ἑκάτερα

213 810 599 866 ῃπαρισταμένων
634 811 714 852 τοῦ
755 807 972 863 βασιλέως
1012 804 1289 864 θεασάμενοι
1326 801 1601 863 ἄνεχώρουν·
1649 802 1673 850 ὁ
1708 805 1758 850 δὲ

259 871 450 934 ἀτρέμας
504 873 699 934 ἐκάθητο
751 871 1061 933 ἀνακτώμενος
1103 872 1296 928 τούτους
1333 875 1407 919 καὶ
1455 870 1615 934 πρᾴως
1658 890 1760 926 πως

259 948 476 1002 νεμεσῶν
509 940 535 989 ὃ
564 945 637 989 καὶ
667 942 851 1001 θάμβος
882 947 997 989 πᾶσι
1028 948 1253 1001 παρεῖχεν.
1316 943 1416 988 ἐπεὶ
1453 944 1490 988 δ’
1531 938 1759 997 ἀναισχύν-

104 1025 146 1062 V.
175 1027 347 1066 234τως
376 1012 486 1066 τούς
516 1013 742 1067 Λατίνους
785 1017 883 1067 τοῖς
922 1013 1086 1069 τείχεσι
1125 1010 1398 1069 πελάζοντας
1436 1009 1556 1068 ἑώρα
1593 1011 1667 1055 καὶ
1706 1007 1759 1055 τὸ

259 1083 487 1142 συμφέρον
516 1082 825 1140 βουλευομένῳ
846 1080 907 1142 μὴ
938 1080 1218 1138 ὖπείκοντας,
1247 1079 1304 1126 τοὶ
1337 1082 1418 1138 μὲν
1437 1083 1598 1138 πρῶτα
1626 1096 1761 1137 μετα-

260 1149 558 1208 πεμψάμενος
595 1149 674 1195 τὸν
711 1149 908 1209 γαμβρόν
942 1146 1079 1195 αὐτοῦ
1111 1147 1371 1210 Νικηφόρον
1399 1147 1479 1193 τὸν
1510 1149 1615 1206 ἒμόν
1645 1147 1759 1192 Καί-

259 1236 372 1276 σαρα
402 1217 763 1276 παρεκελεύσατο
801 1214 962 1277 ἄνδρας
1000 1215 1395 1276 πολεμικωτάτους
1432 1212 1762 1274 οἷναλαβόμενον

260 1289 332 1333 καὶ
384 1289 557 1344 τοξείας
604 1285 844 1346 εἰδήμονας
893 1292 973 1333 τοῦ
1023 1289 1195 1344 τείχους
1244 1282 1426 1332 ἄνωθεν
1474 1288 1760 1344 καταστῆσαι,

108 1369 146 1405 P.
176 1368 248 1404 296
261 1355 674 1416 παρεγγυησάμενος
714 1358 898 1412 συχνοὺς
940 1357 1022 1414 μὲν
1064 1353 1246 1410 ὀϊστοῖς
1289 1353 1400 1400 κατὰ
1431 1358 1521 1400 τῶν
1549 1355 1762 1399 Λατίνων

261 1426 471 1482 πέμπειν,
500 1426 562 1485 μή
593 1425 706 1471 κατὰ
737 1429 911 1471 σκοποῦ
942 1426 1004 1484 δέ,
1038 1421 1152 1471 ἀλλὰ
1183 1422 1492 1482 διαμαρτάνειν
1517 1424 1573 1468 τὰ
1603 1423 1760 1478 πλείω,

262 1488 488 1551 ὡς’,ιιόνον
534 1494 746 1554 ἐκφοβεῖν
789 1497 843 1556 τῇ
885 1491 1127 1554 πυκνότητι
1171 1497 1262 1538 τῶν
1289 1494 1447 1550 βελῶν,
1475 1487 1671 1550 ἀναιρεῖν
1715 1491 1763 1536 δὲ

260 1565 486 1622 μηδαμῶς.
547 1561 709 1609 ἐδεδίει
739 1561 835 1622 γάρ,
867 1561 930 1618 ὦς
958 1558 1138 1608 ι’ίνωθεν
1175 1560 1358 1622 εἴρηται,
1387 1558 1441 1607 τό
1478 1561 1555 1622 τὴς
1596 1559 1763 1619 ἡμέρας

261 1629 504 1688 σεβάσμιον
533 1632 606 1676 καὶ
634 1630 714 1677 τόν
743 1629 959 1692 ἐμφύλιον
988 1629 1130 1692 φόνον
1165 1626 1245 1676 οὔκ
1272 1625 1451 1689 ἤθελεν.
1511 1627 1691 1686 ἑτέρους
1713 1627 1763 1673 δὲ

260 1704 349 1745 τῶν
374 1701 586 1757 ἐκκρίτων
624 1698 840 1761 ἡγεμόνας
869 1721 895 1746 ·x·
925 1699 1031 1755 τοὺς
1063 1700 1248 1754 πλείους
1279 1699 1360 1757 μὲν
1389 1696 1498 1754 τόξα
1526 1699 1756 1758 φέροντας,

261 1767 371 1822 τούς
400 1770 448 1813 δὲ
481 1767 607 1827 ἔγχεα
636 1769 783 1828 μακρὰ
814 1770 1232 1829 ἕναγκαλισαμένους
1274 1766 1354 1827 τὴν
1392 1765 1504 1812 κατὰ
1532 1765 1611 1812 τὸν
1639 1764 1763 1826 ἅγιον

399 1863 429 1898 1.
457 1866 532 1901 τοῖς
558 1861 630 1898 OG.
760 1864 794 1898 2.
817 1861 948 1899 ’ἕνεκεν
973 1862 1014 1899 G.
1091 1857 1418 1911 παραιτησάμενος
1441 1860 1484 1897 G.
1607 1861 1640 1896 4.
1666 1857 1762 1905 ὑπή-

395 1923 507 1947 κουον
532 1910 602 1947 CG.
737 1912 770 1947 9.
795 1907 942 1951 τούτους
965 1923 1040 1948 om.
1067 1911 1111 1948 G.
1200 1912 1254 1948 10.
1281 1907 1301 1946 ὃ
1329 1911 1368 1955 C,
1397 1909 1417 1945 ὁ
1444 1909 1485 1946 Ρ.
1624 1910 1681 1945 12.
1707 1905 1760 1957 μὴ

396 1970 468 1995 om.
495 1959 537 1996 G.
713 1962 768 1996 17.
795 1963 964 2008 πέμπειν
987 1960 1031 2004 F,
1058 1961 1271 2008 ἐκπέμπειν
1296 1959 1336 1995 Ρ.
1505 1959 1564 1994 21.
1589 1957 1761 1994 lacunam

396 2008 569 2092 signaviP
586 2004 889 2057 ἆναλαβομένους
912 2009 1147 2046 intercidisse
1171 2009 1335 2046 videtur.
1459 2008 1518 2043 22.
1543 2007 1658 2055 ἔγχεα
1684 2005 1758 2052 FC,

395 2069 515 2104 αγχεα
571 2084 578 2092 .

261 2156 326 2180 vos
350 2144 574 2191 lanceamve,
612 2145 868 2182 maleficorum
905 2146 1101 2193 supplicia,
1138 2149 1296 2194 propter
1321 2147 1490 2181 nostram
1517 2143 1674 2179 salutem
1704 2154 1761 2178 re·

262 2193 417 2229 cusavit.
468 2195 526 2229 sin
551 2206 639 2230 vero
665 2195 861 2241 pugnandi
884 2195 1022 2242 cupido
1053 2196 1158 2232 vobis
1183 2199 1250 2240 est,
1287 2197 1325 2230 et
1359 2205 1427 2230 nos
1460 2195 1547 2239 post
1572 2192 1672 2228 diem
1697 2191 1760 2227 do-

262 2242 422 2277 minicae
446 2242 732 2279 resurrectionis
769 2245 894 2290 para-ti
919 2244 1096 2280 erimus.’'
1147 2246 1187 2280 at
1223 2244 1282 2279 his
1321 2254 1397 2278 non
1428 2241 1607 2278 commoti
1633 2239 1762 2276 Latini

263 2290 425 2326 densatis
450 2292 563 2326 etiam
583 2291 779 2328 ordinibus
796 2293 917 2329 iactus
934 2293 1094 2329 telorum
1114 2292 1419 2339 frequentabant,
1438 2291 1494 2326 ita
1519 2293 1561 2325 ut
1585 2289 1678 2325 adeo
1696 2288 1765 2324 ali-

263 2350 371 2385 quem
388 2351 434 2375 ex
450 2340 495 2375 iis
509 2341 574 2386 qui
590 2341 724 2376 solium
741 2342 905 2388 Augusti
931 2342 1227 2378 circumstabant
1239 2344 1392 2388 pectore
1407 2341 1650 2386 percuterent
1664 2350 1673 2384 3
1687 2348 1762 2384 quo

262 2389 342 2423 viso
367 2388 538 2434 plerique
563 2390 786 2435 imperatori
810 2391 858 2426 ab
884 2393 1046 2437 utraque
1074 2394 1184 2437 parte
1201 2390 1432 2426 adstantium
1450 2398 1645 2423 recessere.
1681 2387 1763 2432 ipse

265 2436 419 2471 interim
447 2436 626 2473 immotus
650 2438 804 2474 sedebat
829 2438 1054 2476 confirmans
1080 2451 1142 2475 eos
1168 2439 1388 2486 placideque
1413 2437 1629 2482 increpans3
1666 2445 1761 2482 quae

266 2495 324 2519 res
349 2485 522 2521 omnibus
547 2486 791 2523 admirationi
816 2490 911 2523 erat.
974 2489 1039 2524 sed
1076 2488 1143 2523 ubi
1173 2488 1329 2523 Latinos
1361 2484 1601 2531 impudenter
1626 2494 1762 2530 appro-

263 2532 446 2578 pinquare
483 2535 600 2570 muris
642 2547 762 2581 neque
804 2536 915 2571 utilia
953 2538 1026 2573 sibi
1064 2537 1239 2572 suadenti
1263 2533 1418 2581 obsequi
1444 2533 1555 2578 vidit,
1595 2533 1760 2579 primum

263 2591 442 2626 generum
456 2594 563 2618 suum
573 2582 842 2630 Nicephorum,
854 2585 1047 2622 Caesarem
1065 2597 1202 2631 meum,
1213 2597 1297 2620 cum
1313 2583 1406 2619 viris
1419 2581 1636 2618 fortissimis
1649 2581 1762 2627 sagit·

263 2629 444 2676 tandique
476 2631 609 2676 peritis
640 2644 784 2668 summa
816 2634 965 2668 moenia
989 2634 1162 2670 obtinere
1187 2634 1297 2669 iussit
1330 2631 1482 2675 addens,
1509 2633 1553 2665 ut
1578 2629 1696 2665 multa
1721 2629 1761 2664 in

265 2676 391 2714 Gallos
417 2679 492 2714 tela
516 2680 712 2716 mitterent
736 2693 805 2717 nec
826 2684 953 2718 tamen
974 2682 1162 2718 destinata
1188 2684 1369 2729 petentes,
1386 2678 1450 2715 sed
1471 2680 1526 2714 ita
1541 2681 1586 2713 ut
1599 2677 1762 2724 plurima

264 2726 484 2763 aberrarent
508 2728 658 2774 solaque
675 2729 860 2766 densitate
885 2731 1081 2768 missilium
1103 2743 1165 2767 eos
1190 2727 1538 2776 perterrefacerent,
1563 2726 1763 2762 caederent

264 2777 391 2810 autem
417 2777 624 2822 neminem3
651 2789 751 2823 nam,
779 2781 823 2813 ut
840 2790 954 2825 supra
969 2779 1151 2825 diximus.
1163 2782 1203 2815 et
1226 2778 1302 2815 diei
1319 2776 1542 2823 religionem
1558 2778 1597 2810 et
1613 2774 1762 2811 civilem

264 2823 413 2859 caedem
439 2825 586 2860 metuit.
639 2826 731 2862 alios
752 2826 888 2862 electos
914 2827 1027 2864 duces
1052 2839 1241 2864 assumere
1266 2825 1449 2874 plurimos
1477 2823 1649 2867 arcubus,
1668 2834 1759 2859 non·

264 2872 386 2908 nullos
402 2871 524 2919 longis
536 2873 673 2910 lanceis
686 2878 850 2911 armatos
864 2879 902 2912 ct
918 2877 1044 2913 subito
1058 2880 1182 2923 porta,
1196 2887 1291 2924 quae
1306 2877 1364 2911 est
1377 2874 1486 2910 iuxta
1499 2874 1670 2909 sanctum
1684 2871 1757 2908 Ro-
