1806 3132
550 217 606 253 m
632 217 923 254 munim
952 220 1115 256 Nom:
1492 214 1576 260 505

0 366 2 368 ψ
89 335 154 379 est
197 333 406 377 illustrem
453 331 581 376 fuisse
612 333 953 379 vestarariorum
996 336 1040 380 in
1085 337 1265 382 Palatiis
1310 339 1575 394 dignitatem.

90 392 208 436 Inter
235 389 531 434 Ecclesiastica
561 391 707 435 munia
736 392 863 435 fuisse
892 394 1021 437 etiam
1042 394 1332 439 Vestararium
1356 396 1476 440 docet
1507 411 1576 441 ve-

90 450 160 492 tus
189 448 337 492 charta
364 447 418 490 A.
438 456 689 491 MCGXLVII.
730 449 854 504 Apud
887 450 1111 505 Ughellum
1145 452 1188 494 in
1220 452 1412 508 Archiep.
1444 455 1576 498 Bene-

93 506 203 549 vent.
234 504 288 548 N.
311 504 379 547 15.
408 516 506 560 pag.
526 505 622 548 210.
654 505 774 549 Tom.
795 507 834 549 8.
894 506 1015 551 Certe
1045 508 1382 552 Vestarariorum
1425 523 1576 554 munus

0 598 1 601 ,
90 562 185 614 fuit,
212 561 256 604 ni
284 560 426 613 fallor,
457 560 570 604 circa
604 562 863 618 vestiarium,
892 576 964 606 seu
996 564 1216 608 aerarium.
1262 566 1381 609 Adde
1395 567 1574 610 Paulum

16 604 20 636 ἶ
90 618 301 662 Warnefr.
345 617 419 661 lib.
447 618 487 660 5.
528 617 580 661 de
621 618 736 662 Goet.
785 620 971 675 Langob.
1011 634 1102 676 cap.
1123 623 1162 664 2.
1225 622 1421 666 Diversus
1455 637 1575 678 porro

89 669 509 731 Πρωτοβεστιάριος
536 675 582 717 in
605 675 717 719 Aula
742 675 1211 732 Constantinopolitana
1246 692 1271 722 a
1292 679 1576 723 Protovestia-

89 733 188 783 rita,
217 745 316 776 nam
344 731 381 774 is
411 731 621 775 vestiariis
654 734 857 787 praeerat.
903 734 966 788 De
998 735 1176 790 utraque
1196 735 1404 790 dignitate
1422 737 1573 790 passim

89 789 323 844 Scriptorae
342 788 582 844 Byzantini.
631 789 826 833 Occurrit
859 791 1070 845 praeterea
1097 792 1209 846 apud
1228 793 1403 836 Leonem
1425 792 1577 836 Gram-

89 846 293 890 maticum
332 845 379 888 in
421 844 698 889 Constantino
738 847 999 903 Porphyrog.
1052 844 1345 905 Πριμικιζριης
1378 849 1457 891 τοῦ
1491 852 1578 891 Βα-

88 902 258 946 oth-ao&
281 900 560 956 βεστιαρίου;
604 916 712 958 quae
746 904 917 958 quidem
954 904 1141 959 dignitas
1169 904 1402 949 Comitivae
1438 919 1575 949 sacra-

88 973 183 1060 {um
211 959 489 1060 lagagtigionum
520 959 624 1002 olim
666 960 795 1003 fuisse
838 974 999 1004 annexa
1042 961 1260 1017 colligitur
1303 975 1349 1006 ex
1379 962 1578 1006 Senatore

106 1029 180 1060 oco
211 1029 251 1060 ci
348 1050 358 1059 .

222 1068 591 1132 Πανουκομὴτης]
624 1073 795 1117 Nicetas
825 1074 1126 1118 Panucometes
1156 1075 1267 1118 infra
1296 1089 1390 1131 pag.
1409 1076 1505 1118 346.
1589 1075 1621 1111 D

223 1137 350 1196 Πρὸς
378 1137 458 1192 τὰς
488 1137 665 1195 ἔξωθεν
693 1138 944 1199 ἑλεπόλεις]
982 1143 1095 1186 Nam
1125 1145 1461 1197 oppuynantium
1488 1157 1577 1187 ma-
1588 1144 1806 1191 Pag-110-A

87 1199 226 1299 chinig
246 1213 328 1298 1121}
355 1198 718 1298 assiag9macbinas
737 1201 950 1243 consuevit
979 1200 1124 1244 obsisti
1148 1200 1211 1243 ait
1228 1200 1427 1255 Vegetius
1446 1200 1519 1243 lib.
1535 1201 1574 1243 4.

88 1270 179 1312 cap.
227 1290 237 1299 .
326 1290 336 1299 .
366 1269 389 1299 e
497 1290 507 1298 .

216 1319 289 1374 Ὡς
316 1319 509 1380 γεφύρᾳ]
555 1323 746 1368 Similem
777 1324 1013 1366 machinam
1055 1324 1116 1366 sic
1152 1323 1349 1367 describit
1377 1323 1576 1379 Sugerius
1588 1321 1806 1368 Pag.111.A

87 1381 132 1424 in
151 1381 256 1424 Lud.
275 1380 347 1423 VI.
378 1393 469 1435 cap.
496 1381 560 1423 10.
588 1380 792 1436 Eriyitur
821 1382 1021 1435 tristeqas
1049 1385 1136 1424 tres
1161 1381 1450 1435 puqmmtibus
1469 1394 1576 1434 por-

86 1438 233 1494 riqens
258 1438 575 1492 supereminens
595 1438 806 1487 machina,
837 1462 888 1467 —
920 1437 1115 1481 haerebat
1142 1437 1361 1480 machinae
1382 1437 1578 1480 eminenti

83 1508 195 1550 pons
223 1495 402 1550 liquem,
448 1496 522 1549 qui
549 1508 595 1538 se
625 1494 831 1538 eoeeelsius
862 1495 1095 1549 porriyens
1124 1508 1215 1537 cum
1254 1494 1477 1548 paulisper
1508 1494 1578 1536 de-

87 1553 322 1595 mitteretur
349 1565 479 1605 super
504 1551 706 1607 ‚alaudem
731 1551 904 1605 facilem
932 1551 1274 1594 descendentibus
1300 1555 1480 1604 pararet
1510 1551 1577 1593 in-

87 1622 290 1664 yressum.
349 1608 404 1651 Et
434 1607 639 1651 Nicolaus
668 1608 720 1651 de
750 1609 878 1657 Braia
908 1608 954 1650 in
984 1607 1123 1650 Gestis
1150 1607 1350 1650 Ludovici
1381 1607 1498 1649 VIII.

255 1665 374 1708 Tunc
402 1679 455 1708 ex
484 1665 720 1720 quadratis,
752 1666 845 1708 visu
873 1664 1082 1717 mirabile,
1112 1664 1243 1719 liquis

254 1721 458 1778 Eriyitur
489 1722 635 1774 turris,
667 1737 695 1765 a
725 1723 845 1765 cuius
874 1721 1055 1764 eulmine
1082 1722 1196 1763 cerni

250 1778 319 1822 De
341 1778 468 1833 facili
480 1783 656 1833 poterat
683 1779 959 1833 quidcumque
983 1778 1113 1831 fiebat
1142 1778 1188 1820 in
1216 1776 1318 1820 urbe

251 1835 452 1890 Quodque
473 1835 562 1890 fuit
587 1836 738 1888 vnaius,
759 1849 875 1890 pons
906 1835 1072 1890 ligneus
1098 1838 1190 1877 arte
1213 1835 1399 1887 paratur

252 1892 428 1948 Longus
456 1896 495 1936 et
517 1896 728 1936 extremus
755 1896 795 1935 et
826 1892 962 1934 muris
990 1891 1119 1934 altior
1148 1890 1278 1944 urbis,

249 1949 446 1992 Armati-s·
474 1950 546 1992 via
574 1953 667 1993 tuta
694 1950 814 2000 viris,
842 1949 985 1991 Marti
1015 1948 1141 1990 timor
1166 1948 1328 2002 inqens,

251 2006 383 2060 Quem
411 2006 603 2060 duplices
633 2020 798 2061 yessere
823 2009 941 2049 rotae
971 2006 1048 2047 etc.

87 2074 246 2117 Extant
273 2073 480 2117 eiusmodi
508 2074 690 2116 turrium
712 2074 918 2117 Pontibus
948 2072 1250 2114 instructarum
1279 2069 1439 2123 figurae
1465 2065 1574 2120 apud

6 2127 12 2131 ’
86 2131 182 2173 Nic.
213 2130 453 2186 Rigaltium
482 2143 529 2174 ex
562 2131 717 2174 Bitone
746 2132 788 2173 et
831 2130 926 2173 aliis
967 2129 1010 2170 in
1042 2127 1166 2170 Notis
1195 2126 1248 2170 ad
1285 2122 1575 2168 Onosandrum

87 2187 130 2230 ct
157 2187 269 2243 apud
297 2187 487 2242 Lipsium
517 2187 562 2230 in
593 2187 894 2230 PoliorceticiS.

220 2250 473 2312 Χαρζάνην]
506 2255 568 2299 De
598 2268 680 2310 quo
702 2255 828 2297 fluvio
851 2254 962 2296 infra
993 2266 1075 2296 non
1096 2250 1233 2301 semel,
1257 2249 1328 2304 qui
1345 2248 1573 2311 Panyasus,
1588 2248 1619 2283 D

88 2311 132 2354 ni
157 2311 296 2365 fallor,
326 2311 427 2355 olim
457 2312 610 2364 dictus,
643 2312 684 2355 et
725 2311 779 2354 ad
809 2310 1087 2366 Dyrrachium
1132 2309 1176 2350 in
1223 2306 1325 2348 duos
1370 2303 1575 2346 scinditur

85 2367 239 2423 alveos,
269 2381 449 2424 quorum
475 2369 583 2412 alter
603 2367 794 2411 Areenta
821 2367 1031 2422 Sophiano
1062 2364 1339 2418 nuncupatur,
1371 2359 1574 2403 vocabulo

86 2424 141 2468 ad
170 2424 427 2468 Charzanem
460 2425 574 2468 haud
603 2425 841 2467 abludente.

223 2477 446 2524 Νικολάου
478 2481 686 2536 τέμενος]
725 2479 920 2523 Meminit
950 2478 1074 2520 huius
1105 2476 1261 2531 pariter
1290 2472 1451 2527 Templi
1481 2471 1618 2514 Ma-1›

86 2537 242 2582 laterra
269 2538 343 2582 lib.
362 2538 403 2582 3.
434 2551 523 2594 cap.
545 2539 615 2581 28.
645 2539 686 2580 et
716 2536 967 2580 Guillelmus
997 2533 1122 2587 Apul.
1157 2532 1228 2574 lib.
1250 2532 1290 2572 4.

218 2600 482 2671 'Oxtafipt'ov
511 2601 680 2662 μηνός]
715 2603 936 2667 Ordericus
959 2601 1111 2643 vitalis
1141 2599 1213 2641 lib.
1237 2599 1275 2641 7.
1316 2597 1468 2640 Mense
1496 2595 1618 2639 Oc-l)

41 2671 43 2673 ’
85 2662 196 2706 tobri
220 2662 403 2706 Abeamus
429 2663 670 2717 Imperator
700 2660 888 2715 Dyramo
916 2656 1190 2712 appropiavit
1219 2656 1296 2697 etc.
1353 2654 1407 2696 Et
1436 2652 1574 2696 Mala·

85 2719 200 2762 terra
228 2719 321 2763 loco
351 2720 506 2763 citato:
551 2719 657 2762 Dux
702 2730 800 2772 erqo
841 2715 989 2758 mdc-ns
1016 2713 1200 2768 hyemem
1227 2710 1309 2754 sibi
1342 2711 1570 2761 imminere,

85 2777 243 2819 mensis
283 2777 396 2820 enim
440 2780 534 2820 erat
577 2774 780 2824 Octobris,
825 2772 923 2815 inde
961 2781 1215 2825 proyressus
1250 2781 1378 2820 super
1398 2766 1573 2818 fluvium

85 2830 420 2878 Damnonion-um
478 2828 771 2888 (Drymonem)
818 2832 1003 2872 castrum
1044 2826 1102 2870 ad
1142 2823 1433 2868 aestivandum
1474 2835 1573 2865 cou-
