1734 3120
494 212 759 247 ALEXIADIS
788 215 882 248 LIB.
910 216 1010 250 XIV.
1042 212 1080 251 4.
1443 217 1520 258 271

37 322 282 382 Ῥωμαϊκοῦ
312 323 488 376 στόλου,
519 322 582 378 ὦς
607 342 789 383 ειρηται,
820 329 1158 383 βεβαιωθέντες,
1191 332 1263 376 καὶ
1291 330 1362 378 ὅτι
1393 332 1417 379 ὃ
1447 340 1529 391 βα·-

42 391 195 447 σιλευς
222 391 302 438 τὸν
327 390 488 438 στόλον
511 389 777 450 ευτρεπίσας
804 392 888 452 τήν
925 391 1077 441 αὐτῶν
1119 397 1286 458 ἔφοδον
1315 405 1421 460 περὶ
1451 404 1530 463 τὴν

42 459 329 543 Χερρόνησον
367 462 619 518 περιμένων
665 463 938 518 ἐνδιατρίβει,
977 469 1057 510 τοῦ
1098 468 1319 525 προτέρου
1356 477 1529 518 σκοποῦ

38 523 292 588 απέστησαν
313 527 519 587 μηδόλως
532 534 630 583 τοῖς
649 531 802 587 μέρεσι
829 535 908 590 τῆς
924 530 1164 589 Ῥωμαιιάς
1183 534 1423 595 πλησιάσαι
1448 545 1530 585 θε-

3 593 260 656 5λήσαντες.
321 595 654 654 παραχειμάσας
693 616 770 643 ουν
809 617 834 643 ο
862 599 1067 655 βασιλεις
1107 601 1171 655 εἷς
1201 605 1531 653 Καλλιούπολιν

38 663 152 721 μετὰ
179 668 259 725 τῆς
287 667 515 721 βασιλιδος
550 667 803 719 (συνείπετο
836 665 916 725 γὰρ
955 664 1074 728 αὐτῷ
1113 670 1186 715 διὰ
1214 671 1297 730 τήν
1327 676 1417 719 τῶν
1444 694 1530 721 πο·-

39 734 128 777 δῶν
162 728 331 792 οδύνην,
366 752 430 787 ως
461 732 676 787 πολλάκις
714 733 958 794 ιστόρηται)
996 739 1068 782 καὶ
1105 757 1184 783 τον
1219 740 1383 798 καιρόν,
1423 747 1527 790 καθ’

39 819 90 844 ον
122 799 147 845 ό
177 804 267 846 τῶν
294 802 506 846 Λατίνων
538 800 705 848 εἴωθεν
742 799 971 849 αποπλεῖν
999 805 1170 861 στόλος,
1213 811 1530 871 παραφιλαξά·

37 887 172 925 μενος
202 868 266 922 εἷς
291 867 371 928 τὴν
398 868 718 925 βασιλεύοισαν
748 869 1043 930 υπέστρεψει.
1098 893 1150 919 ου
1182 876 1329 932 πολυς
1357 881 1567 937 παρίπ-Ο

0 947 175 982 οπευκε
204 935 362 993 χρόνος
390 938 463 982 καὶ
497 936 711 995 Τούρκων
748 938 915 999 ἔφοδος
953 943 1285 999 καταγγέλλεται
1327 946 1377 1002 ἐξ
1412 945 1529 992 ἁπα-

37 1008 129 1049 σῶν
154 1007 245 1050 τῶν
273 1009 351 1066 τῆς
384 1001 600 1064 ανατολῆς
618 1010 785 1063 χωρῶν
816 1010 889 1053 καὶ
927 1004 1068 1054 αὐτοῦ
1104 1013 1184 1056 τοῦ
1219 1013 1430 1070 Χορασάν
1468 1034 1529 1069 ως

37 1090 102 1126 εις
130 1090 402 1133 πεντηκοντα
444 1071 640 1129 χιλιάδας
681 1078 1075 1133 συμποσουμὲνων.
1144 1076 1247 1125 ουδε
1287 1080 1368 1140 γὰρ
1413 1101 1530 1141 προς

35 1139 173 1197 βραχὺ
207 1139 434 1201 ῥᾳστώνης
460 1141 709 1201 μετειλήχει
746 1145 825 1189 τὸν
857 1163 1033 1191 απαντα
1066 1151 1145 1206 τῆς
1182 1153 1527 1209 αυτοκρατοριας

35 1205 171 1255 αὐτοῦ
194 1207 353 1268 χρόνον
369 1205 516 1255 ἄλλων
544 1212 617 1255 καὶ
635 1206 823 1256 ἄλλων’
801 1215 1116 1273 επιφυομένων
1135 1219 1365 1274 πολεμίων
1384 1221 1525 1278 διηνε-

0 1281 137 1331 5κῶς.
195 1280 506 1334 μετακαλεῖται
532 1280 680 1323 τοίνυν
705 1278 1020 1337 ἁπανταχόθεν
1045 1302 1098 1328 το
1129 1283 1409 1331 ὁπλιτικόν“
1389 1287 1522 1343 α’παν,

35 1347 108 1390 καὶ
142 1348 220 1391 τοῦ
251 1350 406 1404 καιροῦ
435 1345 777 1403 στοχασάιιενος,
819 1353 924 1395 καθ’
968 1370 1018 1395 ον
1055 1350 1247 1411 σύνηθες
1284 1360 1382 1409 τοῖς
1417 1361 1525 1437 βαρ-

33 1412 190 1471 βάροις
216 1413 296 1468 τὰς
323 1432 434 1459 κατα
456 1419 546 1461 τῶν
574 1420 854 1474 Χριστιανῶν
899 1419 1120 1477 ἕκδρομας
1149 1427 1399 1478 ποιεῖσθαι,
1444 1424 1525 1470 τόν

33 1477 278 1539 ἇναμεταξυ
309 1484 570 1540 Βυζαντίου
580 1486 654 1529 καὶ
683 1484 928 1542 Δαμάλεως
954 1489 1147 1549 διαπερᾷ
1179 1490 1408 1548 πορθμόν.
1451 1494 1525 1538 καὶ

36 1546 143 1596 ου’δὲ
181 1549 209 1609 ἡ
252 1551 512 1596 ἐπελθοισα
549 1551 692 1611 τούτῳ
729 1557 819 1598 τῶν
850 1557 1006 1600 ποδῶν
1042 1560 1314 1614 περιωδυνιά
1341 1555 1571 1617 απεῖρξεῙ)

0 1621 114 1665 οτοῦ
145 1617 288 1677 ἔργου.
347 1617 441 1678 ἥτις
476 1614 579 1665 ου’τε
616 1623 702 1666 τινὶ
730 1625 821 1666 τῶν
854 1622 1087 1682 προγόνων
1122 1628 1364 1686 ξυμβέβηκε
1396 1647 1523 1683 ποτε,

32 1690 105 1732 ἵνα
132 1702 199 1742 τις
232 1689 279 1734 ἐκ
311 1692 626 1746 σπερματικῶν
654 1689 797 1749 λόγων
823 1693 896 1737 καὶ
928 1692 975 1746 ἐς
993 1689 1127 1738 αυτὸν
1146 1698 1383 1741 κατιοῦσαν
1403 1697 1526 1753 νομί·

35 1759 103 1814 ζοι
131 1756 215 1817 τήν
243 1757 388 1813 νόσον,
419 1755 521 1805 οἴτε
553 1761 600 1805 ἐν,
629 1762 798 1820 διαίτης
817 1760 966 1819 ἁβρᾶς,
998 1761 1138 1808 ὁποῖα
1157 1768 1254 1818 τοῖς
1274 1765 1524 1845 διαρρέουσι

1262 1830 1285 1846 (Ι

32 1824 111 1871 τὸν
138 1827 238 1883 βίον
267 1828 340 1872 καὶ
359 1826 618 1888 φιληδόνοις
644 1830 899 1887 συμβαίνειν
919 1828 1107 1876 είωθεν·
1137 1828 1231 1876 ἄλλ’
1259 1850 1386 1886 οπως
1403 1828 1523 1891 αυτῷ

168 1922 203 1957 3.
224 1917 435 1967 χερόνησον
459 1921 500 1958 F.
703 1925 737 1959 4.
763 1924 825 1968 τῆς
851 1924 893 1968 F,
918 1935 992 1960 om.
1014 1924 1053 1961 P.
1239 1927 1272 1960 7.
1298 1921 1468 1970 ἱστόρητο
1486 1924 1524 1960 C.

166 1970 201 2004 8.
228 1968 413 2006 ἀποπλεῖν
430 1970 475 2016 F,
500 1973 710 2016 παραπλεῖν
733 1971 772 2007 P.
941 1970 1121 2031 9...οὖ
1148 1972 1191 2008 F.
1362 1974 1418 2007 12.
1446 1972 1518 2019 γὰρ

171 2029 243 2054 om.
271 2018 310 2054 C.
422 2020 478 2054 14.
504 2006 682 2067 πολέμων
707 2020 744 2055 C.
860 2022 913 2056 16.
939 2018 984 2056 ὃν
1008 2019 1138 2067 καιρὸν
1161 2021 1201 2067 Ρ,
1227 2018 1357 2068 καιρὸν
1379 2033 1452 2057 om.
1479 2008 1522 2057 F.

171 2068 226 2101 17.
251 2065 343 2102 κατὰ
369 2068 442 2103 τῶν
467 2069 701 2113 Χριστιανῶν
725 2080 798 2104 om.
826 2069 863 2104 C.
1011 2071 1067 2106 20.
1096 2081 1185 2104 ποτε
1210 2069 1287 2113 FA,
1290 2057 1518 2105 πώποτεΡ.

167 2115 225 2151 21.
252 2115 290 2154 ἐς
313 2115 358 2158 F,
382 2118 434 2155 εἰς
458 2115 498 2152 Ρ.
599 2119 658 2152 ἵνα
682 2115 736 2164 μή
762 2117 842 2156 τιςῬ
987 2119 1044 2152 22.
1072 2120 1214 2165 νομίζοι
1240 2117 1282 2163 F,
1307 2121 1457 2165 νομίσοι
1482 2117 1522 2152 Ρ.

33 2203 70 2227 se
116 2191 165 2227 ad
201 2191 476 2228 Cherronesum
502 2195 681 2240 ⁴opperiri
720 2194 1001 2240 comperissent,
1041 2194 1280 2240 temptandae
1319 2194 1522 2230 Romaniae

32 2240 299 2286 cogitationem
325 2241 552 2277 abiecerunt.
603 2243 730 2289 itaque
764 2245 969 2288 imperator
1002 2242 1196 2288 Calliopoli
1228 2254 1303 2277 una
1335 2254 1416 2277 eum
1445 2242 1521 2278 Au-

31 2292 152 2334 gusta,
178 2300 284 2334 quae.
309 2292 354 2324 ut
383 2301 492 2335 saepe
516 2292 680 2336 narravi,
707 2291 754 2326 ob
785 2291 921 2337 pedum
945 2291 1119 2327 morbum
1146 2302 1229 2326 eum
1258 2291 1521 2331 comitabatur,

33 2337 152 2372 hieme
177 2340 377 2381 transacta,
405 2339 471 2373 ubi
495 2342 654 2385 tempus,
692 2352 767 2395 quo
792 2339 1015 2375 Latinorum
1049 2340 1173 2375 classis
1199 2339 1303 2374 abire
1327 2339 1432 2383 solet,
1465 2339 1520 2374 di·

31 2385 200 2432 ligente'r
214 2386 390 2430 attendit,
438 2388 478 2422 in
514 2389 645 2423 urbem
684 2389 827 2434 regiam
858 2388 984 2423 rediit.
1034 2400 1102 2424 nec
1126 2387 1244 2423 multo
1271 2391 1357 2432 post
1381 2387 1520 2423 certior

31 2432 87 2474 fit,
113 2427 321 2469 Turcarum
345 2434 393 2470 ad
417 2436 690 2483 quinquaginta
726 2437 844 2471 millia
882 2448 926 2471 ex
964 2437 1108 2472 cunctis
1136 2436 1248 2471 terris
1275 2435 1520 2471 orientalibus

30 2482 186 2527 ipsoque
223 2481 434 2519 Chorosane
471 2484 683 2520 adventare.
746 2496 833 2519 nam
873 2496 920 2520 ne
960 2484 1152 2530 paululum
1189 2483 1340 2530 quidem
1381 2484 1520 2530 quietis

27 2533 114 2566 toto
156 2531 389 2577 principatus
426 2533 483 2567 sui
520 2536 690 2579 tempore
721 2533 884 2588 ‘adeptus
930 2536 988 2568 est
1036 2533 1206 2568 hostibus
1242 2531 1366 2567 hostes
1403 2532 1520 2567 conti·

30 2590 105 2614 nuo
143 2580 393 2624 sequentibus.
456 2582 632 2627 quocirca
666 2583 875 2616 universam
916 2581 1169 2616 Romanorum
1208 2580 1380 2615 militiam
1410 2579 1518 2615 undi-

31 2638 103 2672 que
126 2628 344 2663 convocavit
366 2639 483 2674 eoque
509 2632 688 2675 tempore,
713 2642 787 2676 quo
819 2629 1117 2665 Christianorum
1143 2632 1263 2664 terras
1286 2628 1439 2664 barbari
1464 2629 1521 2664 in-

29 2686 180 2711 cursare
205 2675 385 2720 solebant,
412 2678 550 2713 fretum
575 2679 675 2713 inter
699 2678 922 2733 Byzantium
948 2677 1195 2722 Damalinque
1216 2677 1364 2712 traiecit
1380 2676 1518 2722 pedum

30 2723 159 2758 dolore
197 2735 265 2769 per
303 2736 364 2760 eos
404 2725 484 2761 dies
509 2726 789 2772 ingravescente
814 2727 966 2760 minime
985 2737 1023 2760 se
1048 2725 1235 2760 retardari
1262 2736 1403 2770 passus.
1453 2725 1517 2771 qui

29 2772 181 2817 quidem
213 2773 376 2817 morbus,
401 2785 446 2808 ne
464 2775 547 2820 quis
567 2775 716 2810 seminis
742 2786 826 2809 eum
844 2774 1082 2809 rationibus
1074 2785 1112 2808 ιιι
1132 2774 1253 2818 ipsum
1269 2777 1518 2819 propagatum

28 2819 310 2865 existimaverit,
347 2821 493 2857 nullum
517 2834 562 2858 ex
588 2825 667 2858 eius
692 2823 842 2868 proavis
881 2822 1019 2857 invasit
1042 2833 1111 2857 nec
1134 2821 1170 2856 ci
1195 2833 1238 2856 ex
1267 2821 1426 2857 mollitie
1458 2833 1519 2856 ex-

28 2867 123 2914 titit,
160 2868 287 2914 qualia
331 2869 532 2906 luxuriosis
564 2872 933 2917 intemperanterque
969 2869 1181 2906 viventibus
1221 2870 1369 2905 evenire
1406 2869 1519 2906 solet:
