<?xml version="1.0" encoding="UTF-8"?>
<!DOCTYPE html PUBLIC "-//W3C//DTD XHTML 1.0 Transitional//EN"
    "http://www.w3.org/TR/xhtml1/DTD/xhtml1-transitional.dtd">
<html xmlns="http://www.w3.org/1999/xhtml" xml:lang="en" lang="en">
 <head>
  <title>
</title>
<meta http-equiv="Content-Type" content="text/html;charset=utf-8" />
  <meta name='ocr-system' content='tesseract 3.04.00' />
  <meta name='ocr-capabilities' content='ocr_page ocr_carea ocr_par ocr_line ocrx_word'/>
</head>
<body>
  <div class='ocr_page' id='page_1' title='image "./corpusscriptorum03niebuoft_0153.png"; bbox 0 0 1780 3138; ppageno 0'>
   <div class='ocr_carea' id='block_1_1' title="bbox 491 236 1533 277">
    <p class='ocr_par' dir='ltr' id='par_1_1' title="bbox 491 236 1533 277">
     <span class='ocr_line' id='line_1_1' title="bbox 491 236 1533 277; baseline 0.007 -7"><span class='ocrx_word' id='word_1_1' title='bbox 491 237 757 272; x_wconf 79' lang='lat' dir='ltr'>ALEXIADIS</span> <span class='ocrx_word' id='word_1_2' title='bbox 789 239 885 274; x_wconf 84' lang='lat' dir='ltr'><strong>LIB.</strong></span> <span class='ocrx_word' id='word_1_3' title='bbox 914 240 1002 274; x_wconf 83' lang='lat' dir='ltr'>XII.</span> <span class='ocrx_word' id='word_1_4' title='bbox 1038 236 1071 274; x_wconf 93' lang='lat' dir='ltr'><strong><em>l.</em></strong></span> <span class='ocrx_word' id='word_1_5' title='bbox 1453 238 1533 277; x_wconf 85' lang='lat'><strong><em>135</em></strong></span> 
     </span>
    </p>
   </div>
   <div class='ocr_carea' id='block_1_2' title="bbox 0 349 1687 1856">
    <p class='ocr_par' dir='ltr' id='par_1_2' title="bbox 0 349 1687 1856">
     <span class='ocr_line' id='line_1_2' title="bbox 40 349 1536 415; baseline 0.003 -17"><span class='ocrx_word' id='word_1_6' title='bbox 40 354 336 412; x_wconf 71' lang='grc' dir='ltr'><strong><em>ἐπιμνησθεὶς</em></strong></span> <span class='ocrx_word' id='word_1_7' title='bbox 373 352 584 413; x_wconf 53' lang='grc' dir='ltr'><strong><em>ἑθελὴισοι</em></strong></span> <span class='ocrx_word' id='word_1_8' title='bbox 622 349 878 409; x_wconf 73' lang='grc' dir='ltr'><em>ἀναχωρεῖν,</em></span> <span class='ocrx_word' id='word_1_9' title='bbox 920 351 1160 408; x_wconf 63' lang='grc' dir='ltr'><strong><em>ἀκωλύτως</em></strong></span> <span class='ocrx_word' id='word_1_10' title='bbox 1198 358 1267 400; x_wconf 78' lang='grc' dir='ltr'><strong><em>καὶ</em></strong></span> <span class='ocrx_word' id='word_1_11' title='bbox 1300 361 1381 414; x_wconf 78' lang='grc' dir='ltr'><strong><em>τῆς</em></strong></span> <span class='ocrx_word' id='word_1_12' title='bbox 1420 358 1536 415; x_wconf 77' lang='grc' dir='ltr'><strong><em>πρὸς</em></strong></span> 
     </span>
     <span class='ocr_line' id='line_1_3' title="bbox 38 420 1536 484; baseline 0.004 -18"><span class='ocrx_word' id='word_1_13' title='bbox 38 421 92 466; x_wconf 85' lang='grc' dir='ltr'><strong><em>τὰ</em></strong></span> <span class='ocrx_word' id='word_1_14' title='bbox 123 421 240 467; x_wconf 83' lang='grc' dir='ltr'><strong><em>οἴκοι</em></strong></span> <span class='ocrx_word' id='word_1_15' title='bbox 271 421 496 483; x_wconf 68' lang='grc' dir='ltr'><strong><em>φερούσης</em></strong></span> <span class='ocrx_word' id='word_1_16' title='bbox 528 420 698 478; x_wconf 76' lang='grc' dir='ltr'><strong><em>ἅψαιτο</em></strong></span> <span class='ocrx_word' id='word_1_17' title='bbox 729 420 1055 479; x_wconf 73' lang='grc' dir='ltr'><strong><em>συνταξάμενος</em></strong></span> <span class='ocrx_word' id='word_1_18' title='bbox 1085 422 1189 484; x_wconf 80' lang='grc' dir='ltr'><strong><em>ἡμῖν</em></strong></span> <span class='ocrx_word' id='word_1_19' title='bbox 1215 426 1287 469; x_wconf 84' lang='grc' dir='ltr'><strong><em>καὶ</em></strong></span> <span class='ocrx_word' id='word_1_20' title='bbox 1312 424 1430 470; x_wconf 62' lang='grc' dir='ltr'><strong><em>οὕτω</em></strong></span> <span class='ocrx_word' id='word_1_21' title='bbox 1463 426 1536 472; x_wconf 83' lang='grc' dir='ltr'><strong><em>διὰ</em></strong></span> 
     </span>
     <span class='ocr_line' id='line_1_4' title="bbox 35 485 1536 552; baseline 0.003 -17"><span class='ocrx_word' id='word_1_22' title='bbox 35 489 272 549; x_wconf 73' lang='grc' dir='ltr'><strong><em>χρημάτων</em></strong></span> <span class='ocrx_word' id='word_1_23' title='bbox 300 492 374 536; x_wconf 83' lang='grc' dir='ltr'><strong><em>καὶ</em></strong></span> <span class='ocrx_word' id='word_1_24' title='bbox 405 491 622 544; x_wconf 78' lang='grc' dir='ltr'><strong><em>παντοίας</em></strong></span> <span class='ocrx_word' id='word_1_25' title='bbox 650 485 784 549; x_wconf 73' lang='grc' dir='ltr'><strong><em>ἄλλης</em></strong></span> <span class='ocrx_word' id='word_1_26' title='bbox 804 490 1060 548; x_wconf 77' lang='grc' dir='ltr'><strong><em>οἰκονομίας</em></strong></span> <span class='ocrx_word' id='word_1_27' title='bbox 1080 492 1373 552; x_wconf 70' lang='grc' dir='ltr'><strong><em>ἐφοδιασθεὶς</em></strong></span> <span class='ocrx_word' id='word_1_28' title='bbox 1393 497 1536 549; x_wconf 81' lang='grc' dir='ltr'><strong><em>καλῶς</em></strong></span> 
     </span>
     <span class='ocr_line' id='line_1_5' title="bbox 0 557 1537 619; baseline 0.003 -15.096"><span class='ocrx_word' id='word_1_29' title='bbox 0 561 368 619; x_wconf 44' lang='grc' dir='ltr'><strong><em>διευθετηθειᾝη</em></strong></span> <span class='ocrx_word' id='word_1_30' title='bbox 431 560 504 604; x_wconf 85' lang='grc' dir='ltr'><strong><em>καὶ</em></strong></span> <span class='ocrx_word' id='word_1_31' title='bbox 539 557 697 613; x_wconf 84' lang='grc' dir='ltr'><strong><em>απλιῦς</em></strong></span> <span class='ocrx_word' id='word_1_32' title='bbox 737 561 808 605; x_wconf 78' lang='grc' dir='ltr'><strong><em>καὶ</em></strong></span> <span class='ocrx_word' id='word_1_33' title='bbox 840 564 1048 616; x_wconf 82' lang='grc' dir='ltr'><strong><em>παρεῖναι</em></strong></span> <span class='ocrx_word' id='word_1_34' title='bbox 1076 562 1147 605; x_wconf 86' lang='grc' dir='ltr'><strong><em>καὶ</em></strong></span> <span class='ocrx_word' id='word_1_35' title='bbox 1177 561 1357 606; x_wconf 82' lang='grc' dir='ltr'><strong><em>απεῖιαι</em></strong></span> <span class='ocrx_word' id='word_1_36' title='bbox 1385 557 1537 608; x_wconf 81' lang='grc' dir='ltr'><strong><em>α’·δειαν</em></strong></span> 
     </span>
     <span class='ocr_line' id='line_1_6' title="bbox 0 626 1535 707; baseline 0.005 -38"><span class='ocrx_word' id='word_1_37' title='bbox 0 627 154 684; x_wconf 76' lang='grc' dir='ltr'><strong><em>,δὲ’χειν</em></strong></span> <span class='ocrx_word' id='word_1_38' title='bbox 182 626 297 685; x_wconf 77' lang='grc' dir='ltr'><strong><em>ὖιιᾶς</em></strong></span> <span class='ocrx_word' id='word_1_39' title='bbox 323 626 539 685; x_wconf 71' lang='grc' dir='ltr'><strong><em>βούλομαι</em></strong></span> <span class='ocrx_word' id='word_1_40' title='bbox 574 629 647 672; x_wconf 84' lang='grc' dir='ltr'><strong><em>καὶ</em></strong></span> <span class='ocrx_word' id='word_1_41' title='bbox 678 626 729 671; x_wconf 77' lang='grc' dir='ltr'><strong><em>τὸ</em></strong></span> <span class='ocrx_word' id='word_1_42' title='bbox 768 627 987 707; x_wconf 77' lang='grc' dir='ltr'><strong><em>βοιλητδν</em></strong></span> <span class='ocrx_word' id='word_1_43' title='bbox 1017 647 1081 682; x_wconf 84' lang='grc' dir='ltr'><strong><em>ως</em></strong></span> <span class='ocrx_word' id='word_1_44' title='bbox 1118 630 1385 687; x_wconf 77' lang='grc' dir='ltr'><strong><em>ἐλευθέροις</em></strong></span> <span class='ocrx_word' id='word_1_45' title='bbox 1425 632 1535 676; x_wconf 82' lang='grc' dir='ltr'><strong><em>κατὰ</em></strong></span> 
     </span>
     <span class='ocr_line' id='line_1_7' title="bbox 35 687 1533 758; baseline 0.003 -18"><span class='ocrx_word' id='word_1_46' title='bbox 35 694 114 755; x_wconf 68' lang='grc' dir='ltr'><strong><em>τὴν</em></strong></span> <span class='ocrx_word' id='word_1_47' title='bbox 145 695 311 741; x_wconf 80' lang='grc' dir='ltr'><strong><em>οἰκείαν</em></strong></span> <span class='ocrx_word' id='word_1_48' title='bbox 339 693 515 755; x_wconf 54' lang='grc' dir='ltr'><strong><em>γνώμη)</em></strong></span> <span class='ocrx_word' id='word_1_49' title='bbox 544 695 783 753; x_wconf 76' lang='grc' dir='ltr'><strong><em>πράττεινῖ</em></strong></span> <span class='ocrx_word' id='word_1_50' title='bbox 844 687 957 754; x_wconf 67' lang='grc' dir='ltr'><strong><em>ἦσαν</em></strong></span> <span class='ocrx_word' id='word_1_51' title='bbox 980 697 1062 753; x_wconf 79' lang='grc' dir='ltr'><strong><em>μὲν</em></strong></span> <span class='ocrx_word' id='word_1_52' title='bbox 1092 714 1170 741; x_wconf 84' lang='grc' dir='ltr'><strong><em>οιν</em></strong></span> <span class='ocrx_word' id='word_1_53' title='bbox 1190 699 1302 752; x_wconf 84' lang='grc' dir='ltr'><strong><em>τέως</em></strong></span> <span class='ocrx_word' id='word_1_54' title='bbox 1332 718 1373 743; x_wconf 84' lang='grc' dir='ltr'><strong><em>οι</em></strong></span> <span class='ocrx_word' id='word_1_55' title='bbox 1396 698 1533 758; x_wconf 77' lang='grc' dir='ltr'><strong><em>κόμη-</em></strong></span> 
     </span>
     <span class='ocr_line' id='line_1_8' title="bbox 35 762 1534 824; baseline 0.003 -16"><span class='ocrx_word' id='word_1_56' title='bbox 35 782 109 818; x_wconf 85' lang='grc' dir='ltr'><strong><em>τες</em></strong></span> <span class='ocrx_word' id='word_1_57' title='bbox 138 763 252 821; x_wconf 81' lang='grc' dir='ltr'><strong><em>μετὰ</em></strong></span> <span class='ocrx_word' id='word_1_58' title='bbox 281 767 361 809; x_wconf 80' lang='grc' dir='ltr'><strong><em>τοῦ</em></strong></span> <span class='ocrx_word' id='word_1_59' title='bbox 388 760 716 822; x_wconf 62' lang='grc' dir='ltr'><strong><em>αὐτοκράτορος</em></strong></span> <span class='ocrx_word' id='word_1_60' title='bbox 737 764 964 818; x_wconf 85' lang='grc' dir='ltr'><strong><em>παντοίας,</em></strong></span> <span class='ocrx_word' id='word_1_61' title='bbox 997 762 1060 818; x_wconf 75' lang='grc' dir='ltr'><strong><em>ὥς</em></strong></span> <span class='ocrx_word' id='word_1_62' title='bbox 1077 762 1259 824; x_wconf 69' lang='grc' dir='ltr'><strong><em>εἴρηται,</em></strong></span> <span class='ocrx_word' id='word_1_63' title='bbox 1284 769 1534 824; x_wconf 82' lang='grc' dir='ltr'><strong><em>θεραπείας</em></strong></span> 
     </span>
     <span class='ocr_line' id='line_1_9' title="bbox 33 829 1535 898; baseline 0.003 -20"><span class='ocrx_word' id='word_1_64' title='bbox 33 831 293 891; x_wconf 72' lang='grc' dir='ltr'><strong><em>ἀξιούμενοι</em></strong></span> <span class='ocrx_word' id='word_1_65' title='bbox 321 835 394 879; x_wconf 83' lang='grc' dir='ltr'><strong><em>καὶ</em></strong></span> <span class='ocrx_word' id='word_1_66' title='bbox 420 831 818 887; x_wconf 77' lang='grc' dir='ltr'><strong><em>δυσαποσπάστως</em></strong></span> <span class='ocrx_word' id='word_1_67' title='bbox 848 829 984 878; x_wconf 72' lang='grc' dir='ltr'><strong><em>αἰτοῦ</em></strong></span> <span class='ocrx_word' id='word_1_68' title='bbox 1017 833 1206 890; x_wconf 77' lang='grc' dir='ltr'><strong><em>ἔχοντες.</em></strong></span> <span class='ocrx_word' id='word_1_69' title='bbox 1256 836 1358 881; x_wconf 78' lang='grc' dir='ltr'><strong><em>ἐπεὶ</em></strong></span> <span class='ocrx_word' id='word_1_70' title='bbox 1387 838 1436 882; x_wconf 76' lang='grc' dir='ltr'><strong><em>δὲ</em></strong></span> <span class='ocrx_word' id='word_1_71' title='bbox 1456 835 1535 898; x_wconf 78' lang='grc' dir='ltr'><strong><em>τὴν</em></strong></span> 
     </span>
     <span class='ocr_line' id='line_1_10' title="bbox 35 900 1535 966; baseline 0.002 -18"><span class='ocrx_word' id='word_1_72' title='bbox 35 904 366 961; x_wconf 47' lang='grc' dir='ltr'><strong><em>41ογγιβαρδιάν</em></strong></span> <span class='ocrx_word' id='word_1_73' title='bbox 395 901 420 947; x_wconf 76' lang='grc' dir='ltr'>ὁ</span> <span class='ocrx_word' id='word_1_74' title='bbox 443 906 728 960; x_wconf 81' lang='grc' dir='ltr'><strong><em>Βαῖμοῦντος</em></strong></span> <span class='ocrx_word' id='word_1_75' title='bbox 755 901 1027 959; x_wconf 74' lang='grc' dir='ltr'><strong><em>καταλαβών,</em></strong></span> <span class='ocrx_word' id='word_1_76' title='bbox 1051 900 1113 957; x_wconf 78' lang='grc' dir='ltr'><strong><em>ὦς</em></strong></span> <span class='ocrx_word' id='word_1_77' title='bbox 1138 902 1162 949; x_wconf 84' lang='grc' dir='ltr'>ὁ</span> <span class='ocrx_word' id='word_1_78' title='bbox 1191 902 1322 963; x_wconf 75' lang='grc' dir='ltr'><strong><em>λόγος</em></strong></span> <span class='ocrx_word' id='word_1_79' title='bbox 1349 904 1535 966; x_wconf 81' lang='grc' dir='ltr'><strong><em>φθάσας</em></strong></span> 
     </span>
     <span class='ocr_line' id='line_1_11' title="bbox 0 969 1534 1030; baseline 0.002 -14"><span class='ocrx_word' id='word_1_80' title='bbox 0 969 246 1030; x_wconf 71' lang='grc' dir='ltr'><strong><em>Ρὲδήλωσε,</em></strong></span> <span class='ocrx_word' id='word_1_81' title='bbox 271 972 414 1016; x_wconf 80' lang='grc' dir='ltr'><strong><em>πλείω</em></strong></span> <span class='ocrx_word' id='word_1_82' title='bbox 432 975 523 1016; x_wconf 84' lang='grc' dir='ltr'><strong><em>τῶν</em></strong></span> <span class='ocrx_word' id='word_1_83' title='bbox 542 972 778 1029; x_wconf 81' lang='grc' dir='ltr'><strong><em>προτέρων</em></strong></span> <span class='ocrx_word' id='word_1_84' title='bbox 796 970 1139 1030; x_wconf 72' lang='grc' dir='ltr'><strong><em>στρατευμάτων</em></strong></span> <span class='ocrx_word' id='word_1_85' title='bbox 1165 971 1375 1018; x_wconf 71' lang='grc' dir='ltr'><strong><em>σπεύδων</em></strong></span> <span class='ocrx_word' id='word_1_86' title='bbox 1403 991 1534 1019; x_wconf 85' lang='grc' dir='ltr'><strong><em>συνα-</em></strong></span> 
     </span>
     <span class='ocr_line' id='line_1_12' title="bbox 33 1039 1534 1123; baseline 0.001 -39"><span class='ocrx_word' id='word_1_87' title='bbox 33 1045 180 1098; x_wconf 75' lang='grc' dir='ltr'><strong><em>,αγεῖν</em></strong></span> <span class='ocrx_word' id='word_1_88' title='bbox 208 1039 356 1085; x_wconf 83' lang='grc' dir='ltr'><strong><em>πολλὰ</em></strong></span> <span class='ocrx_word' id='word_1_89' title='bbox 384 1043 465 1086; x_wconf 84' lang='grc' dir='ltr'><strong><em>τοῦ</em></strong></span> <span class='ocrx_word' id='word_1_90' title='bbox 489 1039 822 1123; x_wconf 80' lang='grc' dir='ltr'><strong><em>αιτοκράτορος</em></strong></span> <span class='ocrx_word' id='word_1_91' title='bbox 843 1042 1073 1098; x_wconf 80' lang='grc' dir='ltr'><strong><em>κατέτρεχε</em></strong></span> <span class='ocrx_word' id='word_1_92' title='bbox 1095 1060 1207 1086; x_wconf 88' lang='grc' dir='ltr'><strong><em>κατα</em></strong></span> <span class='ocrx_word' id='word_1_93' title='bbox 1226 1046 1375 1088; x_wconf 85' lang='grc' dir='ltr'><strong><em>πᾶσαν</em></strong></span> <span class='ocrx_word' id='word_1_94' title='bbox 1400 1041 1534 1088; x_wconf 89' lang='grc' dir='ltr'><strong><em>πολιν</em></strong></span> 
     </span>
     <span class='ocr_line' id='line_1_13' title="bbox 34 1106 1580 1173; baseline 0.001 -21"><span class='ocrx_word' id='word_1_95' title='bbox 34 1108 107 1153; x_wconf 85' lang='grc' dir='ltr'><strong><em>καὶ</em></strong></span> <span class='ocrx_word' id='word_1_96' title='bbox 149 1125 297 1165; x_wconf 84' lang='grc' dir='ltr'><strong><em>χωραν</em></strong></span> <span class='ocrx_word' id='word_1_97' title='bbox 338 1107 528 1166; x_wconf 74' lang='grc' dir='ltr'><strong><em>περιιών</em></strong></span> <span class='ocrx_word' id='word_1_98' title='bbox 575 1110 648 1154; x_wconf 83' lang='grc' dir='ltr'><strong><em>καὶ</em></strong></span> <span class='ocrx_word' id='word_1_99' title='bbox 690 1108 888 1168; x_wconf 83' lang='grc' dir='ltr'><strong><em>παγάνον</em></strong></span> <span class='ocrx_word' id='word_1_100' title='bbox 930 1106 1065 1155; x_wconf 71' lang='grc' dir='ltr'><strong><em>αὐτον</em></strong></span> <span class='ocrx_word' id='word_1_101' title='bbox 1104 1113 1289 1172; x_wconf 74' lang='grc' dir='ltr'><strong><em>λαμπρᾷ</em></strong></span> <span class='ocrx_word' id='word_1_102' title='bbox 1319 1114 1372 1172; x_wconf 83' lang='grc' dir='ltr'><strong><em>τῇ</em></strong></span> <span class='ocrx_word' id='word_1_103' title='bbox 1402 1114 1580 1173; x_wconf 76' lang='grc' dir='ltr'><strong><em>φωνῇΙ)</em></strong></span> 
     </span>
     <span class='ocr_line' id='line_1_14' title="bbox 32 1170 1530 1239; baseline 0.003 -20"><span class='ocrx_word' id='word_1_104' title='bbox 32 1170 343 1234; x_wconf 75' lang='grc' dir='ltr'><strong><em>ανακηρίττων</em></strong></span> <span class='ocrx_word' id='word_1_105' title='bbox 390 1178 463 1222; x_wconf 80' lang='grc' dir='ltr'><strong><em>καὶ</em></strong></span> <span class='ocrx_word' id='word_1_106' title='bbox 507 1181 605 1232; x_wconf 85' lang='grc' dir='ltr'><strong><em>τοῖς</em></strong></span> <span class='ocrx_word' id='word_1_107' title='bbox 650 1176 865 1236; x_wconf 77' lang='grc' dir='ltr'><strong><em>παγάνοις</em></strong></span> <span class='ocrx_word' id='word_1_108' title='bbox 914 1177 994 1239; x_wconf 73' lang='grc' dir='ltr'><strong><em>ὅλῃ</em></strong></span> <span class='ocrx_word' id='word_1_109' title='bbox 1044 1177 1194 1239; x_wconf 73' lang='grc' dir='ltr'><strong><em>γνώμῃ</em></strong></span> <span class='ocrx_word' id='word_1_110' title='bbox 1241 1177 1530 1239; x_wconf 80' lang='grc' dir='ltr'><strong><em>ἑπαρὴγοντα,</em></strong></span> 
     </span>
     <span class='ocr_line' id='line_1_15' title="bbox 32 1240 1532 1307; baseline 0.003 -19"><span class='ocrx_word' id='word_1_111' title='bbox 32 1247 166 1289; x_wconf 79' lang='grc' dir='ltr'><strong><em>τοῦτο</em></strong></span> <span class='ocrx_word' id='word_1_112' title='bbox 197 1263 223 1289; x_wconf 89' lang='grc' dir='ltr'><strong><em>ο</em></strong></span> <span class='ocrx_word' id='word_1_113' title='bbox 253 1240 542 1303; x_wconf 68' lang='grc' dir='ltr'><strong><em>αὐτοκράτωρ</em></strong></span> <span class='ocrx_word' id='word_1_114' title='bbox 571 1245 851 1306; x_wconf 79' lang='grc' dir='ltr'><strong><em>μεμαθηκως</em></strong></span> <span class='ocrx_word' id='word_1_115' title='bbox 879 1246 984 1301; x_wconf 80' lang='grc' dir='ltr'><strong><em>τούς</em></strong></span> <span class='ocrx_word' id='word_1_116' title='bbox 1012 1249 1231 1307; x_wconf 79' lang='grc' dir='ltr'><strong><em>ῥηθέντας</em></strong></span> <span class='ocrx_word' id='word_1_117' title='bbox 1254 1246 1452 1307; x_wconf 84' lang='grc' dir='ltr'><strong><em>κόμητας</em></strong></span> <span class='ocrx_word' id='word_1_118' title='bbox 1480 1247 1532 1294; x_wconf 77' lang='grc' dir='ltr'><strong><em>τὸ</em></strong></span> 
     </span>
     <span class='ocr_line' id='line_1_16' title="bbox 0 1310 1532 1377; baseline 0.003 -20"><span class='ocrx_word' id='word_1_119' title='bbox 0 1319 23 1355; x_wconf 80' lang='grc'>5</span> <span class='ocrx_word' id='word_1_120' title='bbox 32 1314 113 1371; x_wconf 84' lang='grc' dir='ltr'><strong><em>μέν</em></strong></span> <span class='ocrx_word' id='word_1_121' title='bbox 138 1331 182 1359; x_wconf 88' lang='grc' dir='ltr'><strong><em>τι</em></strong></span> <span class='ocrx_word' id='word_1_122' title='bbox 211 1316 284 1359; x_wconf 84' lang='grc' dir='ltr'><strong><em>καὶ</em></strong></span> <span class='ocrx_word' id='word_1_123' title='bbox 314 1310 461 1359; x_wconf 65' lang='grc' dir='ltr'><strong><em>αὐτῶν</em></strong></span> <span class='ocrx_word' id='word_1_124' title='bbox 481 1317 875 1374; x_wconf 80' lang='grc' dir='ltr'><strong><em>προθυμουμένων</em></strong></span> <span class='ocrx_word' id='word_1_125' title='bbox 906 1312 987 1376; x_wconf 66' lang='grc' dir='ltr'><strong><em>ἤδη</em></strong></span> <span class='ocrx_word' id='word_1_126' title='bbox 1009 1318 1128 1375; x_wconf 76' lang='grc' dir='ltr'><strong><em>πρὸς</em></strong></span> <span class='ocrx_word' id='word_1_127' title='bbox 1156 1316 1235 1371; x_wconf 82' lang='grc' dir='ltr'><strong><em>τὰς</em></strong></span> <span class='ocrx_word' id='word_1_128' title='bbox 1256 1320 1387 1377; x_wconf 85' lang='grc' dir='ltr'><strong><em>σφῶν</em></strong></span> <span class='ocrx_word' id='word_1_129' title='bbox 1402 1313 1532 1362; x_wconf 73' lang='grc' dir='ltr'><strong><em>ἀπιέ-</em></strong></span> 
     </span>
     <span class='ocr_line' id='line_1_17' title="bbox 33 1379 1532 1444; baseline 0.002 -18"><span class='ocrx_word' id='word_1_130' title='bbox 33 1399 101 1426; x_wconf 92' lang='grc' dir='ltr'><strong><em>ναι</em></strong></span> <span class='ocrx_word' id='word_1_131' title='bbox 130 1379 287 1440; x_wconf 79' lang='grc' dir='ltr'><strong><em>χώρας,</em></strong></span> <span class='ocrx_word' id='word_1_132' title='bbox 320 1382 374 1428; x_wconf 76' lang='grc' dir='ltr'><strong><em>τὸ</em></strong></span> <span class='ocrx_word' id='word_1_133' title='bbox 404 1384 454 1428; x_wconf 84' lang='grc' dir='ltr'><strong><em>δέ</em></strong></span> <span class='ocrx_word' id='word_1_134' title='bbox 473 1401 514 1429; x_wconf 90' lang='grc' dir='ltr'><strong><em>τι</em></strong></span> <span class='ocrx_word' id='word_1_135' title='bbox 543 1385 617 1429; x_wconf 82' lang='grc' dir='ltr'><strong><em>καὶ</em></strong></span> <span class='ocrx_word' id='word_1_136' title='bbox 637 1383 754 1442; x_wconf 83' lang='grc' dir='ltr'><strong><em>πρὸς</em></strong></span> <span class='ocrx_word' id='word_1_137' title='bbox 784 1384 963 1444; x_wconf 77' lang='grc' dir='ltr'><strong><em>ἔλεγχον</em></strong></span> <span class='ocrx_word' id='word_1_138' title='bbox 991 1390 1082 1431; x_wconf 82' lang='grc' dir='ltr'><strong><em>τῶν</em></strong></span> <span class='ocrx_word' id='word_1_139' title='bbox 1112 1388 1204 1431; x_wconf 89' lang='grc' dir='ltr'><strong><em>κατ’</em></strong></span> <span class='ocrx_word' id='word_1_140' title='bbox 1237 1381 1379 1431; x_wconf 67' lang='grc' dir='ltr'><strong><em>αὐτοῦ</em></strong></span> <span class='ocrx_word' id='word_1_141' title='bbox 1409 1384 1532 1443; x_wconf 76' lang='grc' dir='ltr'><strong><em>παρὰ</em></strong></span> 
     </span>
     <span class='ocr_line' id='line_1_18' title="bbox 32 1449 1532 1513; baseline 0.003 -18"><span class='ocrx_word' id='word_1_142' title='bbox 32 1454 111 1496; x_wconf 83' lang='grc' dir='ltr'><strong><em>τοῦ</em></strong></span> <span class='ocrx_word' id='word_1_143' title='bbox 144 1449 425 1509; x_wconf 79' lang='grc' dir='ltr'><strong><em>Βαῖμούντου</em></strong></span> <span class='ocrx_word' id='word_1_144' title='bbox 446 1454 883 1513; x_wconf 80' lang='grc' dir='ltr'><strong><em>διακηρυκευομένων</em></strong></span> <span class='ocrx_word' id='word_1_145' title='bbox 902 1457 1113 1513; x_wconf 80' lang='grc' dir='ltr'><strong><em>δαψιλεῖς</em></strong></span> <span class='ocrx_word' id='word_1_146' title='bbox 1132 1453 1211 1508; x_wconf 82' lang='grc' dir='ltr'><strong><em>τὰς</em></strong></span> <span class='ocrx_word' id='word_1_147' title='bbox 1241 1452 1413 1512; x_wconf 81' lang='grc' dir='ltr'><strong><em>δωρεὰς</em></strong></span> <span class='ocrx_word' id='word_1_148' title='bbox 1433 1455 1532 1499; x_wconf 78' lang='grc' dir='ltr'><strong><em>ἑπι-</em></strong></span> 
     </span>
     <span class='ocr_line' id='line_1_19' title="bbox 31 1516 1683 1583; baseline 0.002 -19"><span class='ocrx_word' id='word_1_149' title='bbox 31 1522 276 1580; x_wconf 75' lang='grc' dir='ltr'><strong><em>χορηγήσας</em></strong></span> <span class='ocrx_word' id='word_1_150' title='bbox 303 1516 459 1576; x_wconf 74' lang='grc' dir='ltr'><strong><em>αὖτοῖς</em></strong></span> <span class='ocrx_word' id='word_1_151' title='bbox 488 1519 638 1568; x_wconf 76' lang='grc' dir='ltr'><strong><em>οἴκαδε</em></strong></span> <span class='ocrx_word' id='word_1_152' title='bbox 670 1523 990 1579; x_wconf 78' lang='grc' dir='ltr'><strong><em>ἐξαπέστειλεν.</em></strong></span> <span class='ocrx_word' id='word_1_153' title='bbox 1058 1520 1199 1577; x_wconf 73' lang='grc' dir='ltr'><strong><em>αὐτὸς</em></strong></span> <span class='ocrx_word' id='word_1_154' title='bbox 1228 1524 1277 1568; x_wconf 79' lang='grc' dir='ltr'><strong><em>δὲ</em></strong></span> <span class='ocrx_word' id='word_1_155' title='bbox 1306 1521 1424 1581; x_wconf 76' lang='grc' dir='ltr'><strong><em>πρὸς</em></strong></span> <span class='ocrx_word' id='word_1_156' title='bbox 1452 1521 1532 1583; x_wconf 77' lang='grc' dir='ltr'><strong><em>τὴν</em></strong></span> <span class='ocrx_word' id='word_1_157' title='bbox 1543 1532 1583 1568; x_wconf 91' lang='grc' dir='ltr'><strong><em>Ρ.</em></strong></span> <span class='ocrx_word' id='word_1_158' title='bbox 1612 1534 1683 1568; x_wconf 82' lang='grc'><strong><em>348</em></strong></span> 
     </span>
     <span class='ocr_line' id='line_1_20' title="bbox 35 1587 1532 1654; baseline 0.001 -20"><span class='ocrx_word' id='word_1_159' title='bbox 35 1590 260 1634; x_wconf 81' lang='grc' dir='ltr'><strong><em>Θετταλοῦ</em></strong></span> <span class='ocrx_word' id='word_1_160' title='bbox 290 1587 424 1635; x_wconf 83' lang='grc' dir='ltr'><strong><em>πόλιν</em></strong></span> <span class='ocrx_word' id='word_1_161' title='bbox 453 1591 713 1645; x_wconf 80' lang='grc' dir='ltr'><strong><em>σπουδαίως</em></strong></span> <span class='ocrx_word' id='word_1_162' title='bbox 735 1590 863 1654; x_wconf 77' lang='grc' dir='ltr'><strong><em>ἐξῄει,</em></strong></span> <span class='ocrx_word' id='word_1_163' title='bbox 896 1590 992 1650; x_wconf 75' lang='grc' dir='ltr'><strong><em>ἅμα</em></strong></span> <span class='ocrx_word' id='word_1_164' title='bbox 1021 1593 1103 1650; x_wconf 79' lang='grc' dir='ltr'><strong><em>μὲν</em></strong></span> <span class='ocrx_word' id='word_1_165' title='bbox 1134 1593 1206 1637; x_wconf 82' lang='grc' dir='ltr'><strong><em>καὶ</em></strong></span> <span class='ocrx_word' id='word_1_166' title='bbox 1240 1590 1364 1651; x_wconf 26' lang='grc' dir='ltr'><strong><em>τούς,</em></strong></span> <span class='ocrx_word' id='word_1_167' title='bbox 1382 1589 1532 1653; x_wconf 68' lang='grc' dir='ltr'><strong><em>νεήλυ-</em></strong></span> 
     </span>
     <span class='ocr_line' id='line_1_21' title="bbox 0 1656 1687 1718; baseline 0 -17"><span class='ocrx_word' id='word_1_168' title='bbox 0 1659 111 1711; x_wconf 84' lang='grc' dir='ltr'><strong><em>οδας</em></strong></span> <span class='ocrx_word' id='word_1_169' title='bbox 138 1656 194 1702; x_wconf 81' lang='grc' dir='ltr'><strong><em>τὰ</em></strong></span> <span class='ocrx_word' id='word_1_170' title='bbox 224 1658 519 1716; x_wconf 85' lang='grc' dir='ltr'><strong><em>στρατιωτικὰ</em></strong></span> <span class='ocrx_word' id='word_1_171' title='bbox 555 1658 796 1715; x_wconf 74' lang='grc' dir='ltr'><strong><em>παιδεύειν,</em></strong></span> <span class='ocrx_word' id='word_1_172' title='bbox 829 1659 920 1718; x_wconf 80' lang='grc' dir='ltr'><strong><em>ἅμα</em></strong></span> <span class='ocrx_word' id='word_1_173' title='bbox 949 1662 998 1706; x_wconf 81' lang='grc' dir='ltr'><strong><em>δὲ</em></strong></span> <span class='ocrx_word' id='word_1_174' title='bbox 1031 1662 1104 1706; x_wconf 83' lang='grc' dir='ltr'><strong><em>καὶ</em></strong></span> <span class='ocrx_word' id='word_1_175' title='bbox 1142 1659 1221 1705; x_wconf 80' lang='grc' dir='ltr'><strong><em>τὸν</em></strong></span> <span class='ocrx_word' id='word_1_176' title='bbox 1250 1663 1532 1718; x_wconf 81' lang='grc' dir='ltr'><strong><em>Βαϊμοῦντον</em></strong></span> <span class='ocrx_word' id='word_1_177' title='bbox 1544 1665 1589 1702; x_wconf 86' lang='lat' dir='ltr'><strong><em>V.</em></strong></span> <span class='ocrx_word' id='word_1_178' title='bbox 1615 1666 1687 1701; x_wconf 80' lang='lat'><strong><em>276</em></strong></span> 
     </span>
     <span class='ocr_line' id='line_1_22' title="bbox 32 1723 1531 1791; baseline 0.001 -20"><span class='ocrx_word' id='word_1_179' title='bbox 32 1726 80 1771; x_wconf 76' lang='grc' dir='ltr'><strong><em>ἐκ</em></strong></span> <span class='ocrx_word' id='word_1_180' title='bbox 110 1730 190 1786; x_wconf 76' lang='grc' dir='ltr'><strong><em>τῆς</em></strong></span> <span class='ocrx_word' id='word_1_181' title='bbox 218 1728 325 1786; x_wconf 84' lang='grc' dir='ltr'><strong><em>περὶ</em></strong></span> <span class='ocrx_word' id='word_1_182' title='bbox 354 1723 491 1773; x_wconf 80' lang='grc' dir='ltr'><strong><em>αὗτοῦ</em></strong></span> <span class='ocrx_word' id='word_1_183' title='bbox 524 1726 679 1788; x_wconf 72' lang='grc' dir='ltr'><strong><em>φήμης</em></strong></span> <span class='ocrx_word' id='word_1_184' title='bbox 707 1724 1006 1788; x_wconf 68' lang='grc' dir='ltr'><strong><em>ἀπείργεσθαι</em></strong></span> <span class='ocrx_word' id='word_1_185' title='bbox 1037 1733 1117 1791; x_wconf 76' lang='grc' dir='ltr'><strong><em>τῆς</em></strong></span> <span class='ocrx_word' id='word_1_186' title='bbox 1152 1725 1247 1775; x_wconf 75' lang='grc' dir='ltr'><strong><em>α’πὸ</em></strong></span> <span class='ocrx_word' id='word_1_187' title='bbox 1277 1733 1531 1788; x_wconf 75' lang='grc' dir='ltr'><strong><em>Λογγιβαρ-</em></strong></span> 
     </span>
     <span class='ocr_line' id='line_1_23' title="bbox 31 1793 1531 1856; baseline 0.002 -17"><span class='ocrx_word' id='word_1_188' title='bbox 31 1795 129 1850; x_wconf 86' lang='grc' dir='ltr'><strong><em>δίας</em></strong></span> <span class='ocrx_word' id='word_1_189' title='bbox 157 1794 276 1853; x_wconf 83' lang='grc' dir='ltr'><strong><em>πρὸς</em></strong></span> <span class='ocrx_word' id='word_1_190' title='bbox 293 1794 373 1856; x_wconf 83' lang='grc' dir='ltr'><strong><em>τὴν</em></strong></span> <span class='ocrx_word' id='word_1_191' title='bbox 403 1795 635 1856; x_wconf 74' lang='grc' dir='ltr'><strong><em>ἦμεδαπὴν</em></strong></span> <span class='ocrx_word' id='word_1_192' title='bbox 654 1796 1035 1854; x_wconf 84' lang='grc' dir='ltr'><strong><em>διαπεραιώσεως.</em></strong></span> <span class='ocrx_word' id='word_1_193' title='bbox 1080 1793 1364 1852; x_wconf 68' lang='grc' dir='ltr'><strong><em>ἀπελθόντες</em></strong></span> <span class='ocrx_word' id='word_1_194' title='bbox 1382 1798 1531 1843; x_wconf 84' lang='grc' dir='ltr'><strong><em>τοίνυν</em></strong></span> 
     </span>
    </p>
   </div>
   <div class='ocr_carea' id='block_1_3' title="bbox 166 1931 954 1983">
    <p class='ocr_par' dir='ltr' id='par_1_3' title="bbox 166 1931 954 1983">
     <span class='ocr_line' id='line_1_24' title="bbox 166 1931 954 1983; baseline 0.001 -14"><span class='ocrx_word' id='word_1_195' title='bbox 166 1935 202 1970; x_wconf 87' lang='grc'><strong><em>2.</em></strong></span> <span class='ocrx_word' id='word_1_196' title='bbox 226 1931 340 1975; x_wconf 72' lang='grc' dir='ltr'><strong><em>οὕτως</em></strong></span> <span class='ocrx_word' id='word_1_197' title='bbox 362 1934 406 1972; x_wconf 84' lang='lat' dir='ltr'><strong><em>F.</em></strong></span> <span class='ocrx_word' id='word_1_198' title='bbox 555 1936 614 1973; x_wconf 88' lang='grc'><strong><em>15.</em></strong></span> <span class='ocrx_word' id='word_1_199' title='bbox 638 1949 672 1972; x_wconf 84' lang='grc' dir='ltr'><strong><em>τι</em></strong></span> <span class='ocrx_word' id='word_1_200' title='bbox 697 1935 770 1983; x_wconf 87' lang='lat' dir='ltr'><strong><em>FC,</em></strong></span> <span class='ocrx_word' id='word_1_201' title='bbox 794 1950 851 1972; x_wconf 80' lang='grc' dir='ltr'><strong><em>τοι</em></strong></span> <span class='ocrx_word' id='word_1_202' title='bbox 877 1936 954 1973; x_wconf 82' lang='grc' dir='ltr'><strong><em>ΡΑ.</em></strong></span> 
     </span>
    </p>
   </div>
   <div class='ocr_carea' id='block_1_4' title="bbox 0 2068 1531 2943">
    <p class='ocr_par' dir='ltr' id='par_1_4' title="bbox 0 2068 1531 2943">
     <span class='ocr_line' id='line_1_25' title="bbox 31 2068 1531 2116; baseline -0.001 -10"><span class='ocrx_word' id='word_1_203' title='bbox 31 2069 175 2106; x_wconf 76' lang='lat' dir='ltr'>hiscum</span> <span class='ocrx_word' id='word_1_204' title='bbox 191 2068 424 2105; x_wconf 70' lang='lat' dir='ltr'>remanendi.</span> <span class='ocrx_word' id='word_1_205' title='bbox 453 2069 484 2105; x_wconf 90' lang='lat' dir='ltr'>si</span> <span class='ocrx_word' id='word_1_206' title='bbox 502 2069 587 2116; x_wconf 88' lang='lat' dir='ltr'>quis</span> <span class='ocrx_word' id='word_1_207' title='bbox 604 2080 693 2106; x_wconf 87' lang='lat' dir='ltr'>vero</span> <span class='ocrx_word' id='word_1_208' title='bbox 712 2081 866 2106; x_wconf 84' lang='lat' dir='ltr'>suorum</span> <span class='ocrx_word' id='word_1_209' title='bbox 883 2072 1018 2116; x_wconf 82' lang='lat' dir='ltr'>eaptus</span> <span class='ocrx_word' id='word_1_210' title='bbox 1033 2069 1220 2106; x_wconf 88' lang='lat' dir='ltr'>desiderio</span> <span class='ocrx_word' id='word_1_211' title='bbox 1236 2069 1327 2105; x_wconf 83' lang='lat' dir='ltr'>hinc</span> <span class='ocrx_word' id='word_1_212' title='bbox 1339 2068 1531 2105; x_wconf 75' lang='lat' dir='ltr'>discedere</span> 
     </span>
     <span class='ocr_line' id='line_1_26' title="bbox 30 2117 1529 2165; baseline -0.001 -12"><span class='ocrx_word' id='word_1_213' title='bbox 30 2118 171 2165; x_wconf 78' lang='lat' dir='ltr'>cupiat,</span> <span class='ocrx_word' id='word_1_214' title='bbox 188 2118 270 2154; x_wconf 82' lang='lat' dir='ltr'>sine</span> <span class='ocrx_word' id='word_1_215' title='bbox 284 2117 361 2154; x_wconf 91' lang='lat' dir='ltr'>ullo</span> <span class='ocrx_word' id='word_1_216' title='bbox 375 2117 648 2164; x_wconf 85' lang='lat' dir='ltr'>impedimento</span> <span class='ocrx_word' id='word_1_217' title='bbox 673 2130 742 2155; x_wconf 87' lang='lat' dir='ltr'><strong><em>nec</em></strong></span> <span class='ocrx_word' id='word_1_218' title='bbox 764 2118 897 2154; x_wconf 83' lang='lat' dir='ltr'>invitis</span> <span class='ocrx_word' id='word_1_219' title='bbox 920 2118 1031 2154; x_wconf 88' lang='lat' dir='ltr'>nobis</span> <span class='ocrx_word' id='word_1_220' title='bbox 1050 2118 1090 2154; x_wconf 91' lang='lat' dir='ltr'>in</span> <span class='ocrx_word' id='word_1_221' title='bbox 1114 2118 1278 2164; x_wconf 84' lang='lat' dir='ltr'>patriam</span> <span class='ocrx_word' id='word_1_222' title='bbox 1303 2120 1529 2162; x_wconf 83' lang='lat' dir='ltr'>revertatur,</span> 
     </span>
     <span class='ocr_line' id='line_1_27' title="bbox 32 2166 1528 2214; baseline -0.001 -12"><span class='ocrx_word' id='word_1_223' title='bbox 32 2169 72 2202; x_wconf 86' lang='lat' dir='ltr'><strong><em>et</em></strong></span> <span class='ocrx_word' id='word_1_224' title='bbox 94 2167 148 2202; x_wconf 85' lang='lat' dir='ltr'>sio</span> <span class='ocrx_word' id='word_1_225' title='bbox 171 2167 249 2202; x_wconf 83' lang='lat' dir='ltr'>sint</span> <span class='ocrx_word' id='word_1_226' title='bbox 267 2167 395 2203; x_wconf 72' lang='lat' dir='ltr'>omnia</span> <span class='ocrx_word' id='word_1_227' title='bbox 416 2167 452 2202; x_wconf 90' lang='lat' dir='ltr'><strong><em>ei</em></strong></span> <span class='ocrx_word' id='word_1_228' title='bbox 476 2170 622 2213; x_wconf 78' lang='lat' dir='ltr'>parata,</span> <span class='ocrx_word' id='word_1_229' title='bbox 645 2170 689 2203; x_wconf 90' lang='lat' dir='ltr'>ut</span> <span class='ocrx_word' id='word_1_230' title='bbox 712 2167 881 2212; x_wconf 81' lang='lat' dir='ltr'>pecuniis</span> <span class='ocrx_word' id='word_1_231' title='bbox 901 2170 1101 2214; x_wconf 77' lang='lat' dir='ltr'>ceteroque</span> <span class='ocrx_word' id='word_1_232' title='bbox 1126 2167 1265 2203; x_wconf 82' lang='lat' dir='ltr'>viatico</span> <span class='ocrx_word' id='word_1_233' title='bbox 1290 2166 1448 2212; x_wconf 79' lang='lat' dir='ltr'>largiter</span> <span class='ocrx_word' id='word_1_234' title='bbox 1474 2166 1528 2202; x_wconf 92' lang='lat' dir='ltr'>in-</span> 
     </span>
     <span class='ocr_line' id='line_1_28' title="bbox 30 2214 1530 2262; baseline 0 -12"><span class='ocrx_word' id='word_1_235' title='bbox 30 2218 196 2251; x_wconf 82' lang='lat' dir='ltr'>structus</span> <span class='ocrx_word' id='word_1_236' title='bbox 211 2217 287 2251; x_wconf 71' lang='lat' dir='ltr'>iter</span> <span class='ocrx_word' id='word_1_237' title='bbox 301 2216 493 2262; x_wconf 81' lang='lat' dir='ltr'>suscipiat.</span> <span class='ocrx_word' id='word_1_238' title='bbox 530 2215 688 2251; x_wconf 83' lang='lat' dir='ltr'>liberam</span> <span class='ocrx_word' id='word_1_239' title='bbox 706 2215 868 2262; x_wconf 88' lang='lat' dir='ltr'>denique</span> <span class='ocrx_word' id='word_1_240' title='bbox 889 2228 953 2251; x_wconf 88' lang='lat' dir='ltr'><strong><em>seu</em></strong></span> <span class='ocrx_word' id='word_1_241' title='bbox 970 2215 1147 2251; x_wconf 81' lang='lat' dir='ltr'>manendi</span> <span class='ocrx_word' id='word_1_242' title='bbox 1164 2227 1227 2251; x_wconf 88' lang='lat' dir='ltr'><strong><em>seu</em></strong></span> <span class='ocrx_word' id='word_1_243' title='bbox 1245 2215 1408 2251; x_wconf 82' lang='lat' dir='ltr'>abeundi</span> <span class='ocrx_word' id='word_1_244' title='bbox 1423 2214 1530 2251; x_wconf 80' lang='lat' dir='ltr'>vohis</span> 
     </span>
     <span class='ocr_line' id='line_1_29' title="bbox 32 2263 1530 2311; baseline -0.001 -12"><span class='ocrx_word' id='word_1_245' title='bbox 32 2267 259 2309; x_wconf 73' lang='lat' dir='ltr'>potoetatem</span> <span class='ocrx_word' id='word_1_246' title='bbox 276 2275 354 2299; x_wconf 80' lang='lat' dir='ltr'>esse</span> <span class='ocrx_word' id='word_1_247' title='bbox 381 2264 466 2300; x_wconf 87' lang='lat' dir='ltr'>volo</span> <span class='ocrx_word' id='word_1_248' title='bbox 493 2267 531 2300; x_wconf 89' lang='lat' dir='ltr'><strong><em>et</em></strong></span> <span class='ocrx_word' id='word_1_249' title='bbox 547 2264 733 2311; x_wconf 90' lang='lat' dir='ltr'>quidquid</span> <span class='ocrx_word' id='word_1_250' title='bbox 753 2264 917 2311; x_wconf 78' lang='lat' dir='ltr'>placebit</span> <span class='ocrx_word' id='word_1_251' title='bbox 939 2263 1145 2300; x_wconf 86' lang='lat' dir='ltr'>liberorum</span> <span class='ocrx_word' id='word_1_252' title='bbox 1172 2265 1294 2299; x_wconf 82' lang='lat' dir='ltr'>instar</span> <span class='ocrx_word' id='word_1_253' title='bbox 1316 2275 1382 2299; x_wconf 86' lang='lat' dir='ltr'><strong><em>vos</em></strong></span> <span class='ocrx_word' id='word_1_254' title='bbox 1409 2275 1455 2298; x_wconf 89' lang='lat' dir='ltr'><strong><em>ex</em></strong></span> <span class='ocrx_word' id='word_1_255' title='bbox 1475 2263 1530 2299; x_wconf 90' lang='lat' dir='ltr'>lu-</span> 
     </span>
     <span class='ocr_line' id='line_1_30' title="bbox 30 2312 1529 2359; baseline 0 -12"><span class='ocrx_word' id='word_1_256' title='bbox 30 2312 116 2348; x_wconf 84' lang='lat' dir='ltr'>bitu</span> <span class='ocrx_word' id='word_1_257' title='bbox 132 2315 257 2348; x_wconf 84' lang='lat' dir='ltr'>vestro</span> <span class='ocrx_word' id='word_1_258' title='bbox 274 2312 431 2349; x_wconf 78' lang='lat' dir='ltr'>faeere.”</span> <span class='ocrx_word' id='word_1_259' title='bbox 455 2314 656 2349; x_wconf 81' lang='lat' dir='ltr'>manebant</span> <span class='ocrx_word' id='word_1_260' title='bbox 671 2314 816 2349; x_wconf 84' lang='lat' dir='ltr'>interea</span> <span class='ocrx_word' id='word_1_261' title='bbox 831 2313 988 2349; x_wconf 75' lang='lat' dir='ltr'><strong>comites</strong></span> <span class='ocrx_word' id='word_1_262' title='bbox 1000 2313 1102 2359; x_wconf 79' lang='lat' dir='ltr'>apud</span> <span class='ocrx_word' id='word_1_263' title='bbox 1119 2313 1388 2359; x_wconf 83' lang='lat' dir='ltr'>imperatorem</span> <span class='ocrx_word' id='word_1_264' title='bbox 1411 2315 1529 2355; x_wconf 75' lang='lat' dir='ltr'>tanta,</span> 
     </span>
     <span class='ocr_line' id='line_1_31' title="bbox 31 2360 1527 2408; baseline 0 -12"><span class='ocrx_word' id='word_1_265' title='bbox 31 2364 76 2396; x_wconf 83' lang='lat' dir='ltr'>ut</span> <span class='ocrx_word' id='word_1_266' title='bbox 102 2360 248 2397; x_wconf 85' lang='lat' dir='ltr'>dictum</span> <span class='ocrx_word' id='word_1_267' title='bbox 277 2364 346 2404; x_wconf 81' lang='lat' dir='ltr'>est,</span> <span class='ocrx_word' id='word_1_268' title='bbox 380 2361 461 2397; x_wconf 82' lang='lat' dir='ltr'>eius</span> <span class='ocrx_word' id='word_1_269' title='bbox 490 2362 720 2398; x_wconf 69' lang='lat' dir='ltr'>liberalitate</span> <span class='ocrx_word' id='word_1_270' title='bbox 744 2361 883 2405; x_wconf 83' lang='lat' dir='ltr'>ornati,</span> <span class='ocrx_word' id='word_1_271' title='bbox 915 2373 1027 2408; x_wconf 77' lang='lat' dir='ltr'>aegre</span> <span class='ocrx_word' id='word_1_272' title='bbox 1058 2365 1102 2397; x_wconf 92' lang='lat' dir='ltr'>ut</span> <span class='ocrx_word' id='word_1_273' title='bbox 1133 2362 1179 2397; x_wconf 84' lang='lat' dir='ltr'><strong><em>ab</em></strong></span> <span class='ocrx_word' id='word_1_274' title='bbox 1207 2373 1251 2396; x_wconf 90' lang='lat' dir='ltr'><strong><em>eo</em></strong></span> <span class='ocrx_word' id='word_1_275' title='bbox 1281 2360 1527 2397; x_wconf 72' lang='lat' dir='ltr'>discederent.</span> 
     </span>
     <span class='ocr_line' id='line_1_32' title="bbox 32 2409 1529 2457; baseline 0 -13"><span class='ocrx_word' id='word_1_276' title='bbox 32 2421 161 2445; x_wconf 83' lang='lat' dir='ltr'>verum</span> <span class='ocrx_word' id='word_1_277' title='bbox 199 2409 441 2445; x_wconf 71' lang='lat' dir='ltr'>Boemundus</span> <span class='ocrx_word' id='word_1_278' title='bbox 473 2411 513 2445; x_wconf 90' lang='lat' dir='ltr'>in</span> <span class='ocrx_word' id='word_1_279' title='bbox 538 2410 837 2457; x_wconf 85' lang='lat' dir='ltr'>Longibardiam</span> <span class='ocrx_word' id='word_1_280' title='bbox 876 2413 1131 2456; x_wconf 80' lang='lat' dir='ltr'>transgressus</span> <span class='ocrx_word' id='word_1_281' title='bbox 1178 2409 1445 2455; x_wconf 80' lang='lat' dir='ltr'>maioremque,</span> <span class='ocrx_word' id='word_1_282' title='bbox 1484 2412 1529 2445; x_wconf 86' lang='lat' dir='ltr'>ut</span> 
     </span>
     <span class='ocr_line' id='line_1_33' title="bbox 31 2457 1527 2505; baseline -0.001 -12"><span class='ocrx_word' id='word_1_283' title='bbox 31 2469 147 2504; x_wconf 81' lang='lat' dir='ltr'>supra</span> <span class='ocrx_word' id='word_1_284' title='bbox 172 2457 350 2502; x_wconf 80' lang='lat' dir='ltr'>diximus,</span> <span class='ocrx_word' id='word_1_285' title='bbox 378 2459 451 2495; x_wconf 84' lang='lat' dir='ltr'>sibi</span> <span class='ocrx_word' id='word_1_286' title='bbox 476 2471 589 2505; x_wconf 87' lang='lat' dir='ltr'>quam</span> <span class='ocrx_word' id='word_1_287' title='bbox 627 2462 739 2495; x_wconf 78' lang='lat' dir='ltr'>antea</span> <span class='ocrx_word' id='word_1_288' title='bbox 768 2459 955 2494; x_wconf 82' lang='lat' dir='ltr'>habuerat</span> <span class='ocrx_word' id='word_1_289' title='bbox 977 2470 1110 2505; x_wconf 85' lang='lat' dir='ltr'>eogere</span> <span class='ocrx_word' id='word_1_290' title='bbox 1136 2458 1344 2494; x_wconf 84' lang='lat' dir='ltr'>exereitum</span> <span class='ocrx_word' id='word_1_291' title='bbox 1369 2457 1527 2502; x_wconf 83' lang='lat' dir='ltr'>enitens,</span> 
     </span>
     <span class='ocr_line' id='line_1_34' title="bbox 31 2506 1527 2553; baseline 0.001 -12"><span class='ocrx_word' id='word_1_292' title='bbox 31 2518 116 2542; x_wconf 79' lang='lat' dir='ltr'>oum</span> <span class='ocrx_word' id='word_1_293' title='bbox 140 2506 271 2542; x_wconf 85' lang='lat' dir='ltr'>multis</span> <span class='ocrx_word' id='word_1_294' title='bbox 295 2507 334 2542; x_wconf 90' lang='lat' dir='ltr'>in</span> <span class='ocrx_word' id='word_1_295' title='bbox 360 2506 628 2553; x_wconf 65' lang='lat' dir='ltr'>imperatorem</span> <span class='ocrx_word' id='word_1_296' title='bbox 659 2507 897 2544; x_wconf 78' lang='lat' dir='ltr'>contumeliis</span> <span class='ocrx_word' id='word_1_297' title='bbox 936 2508 1107 2543; x_wconf 84' lang='lat' dir='ltr'>invectus</span> <span class='ocrx_word' id='word_1_298' title='bbox 1133 2510 1190 2542; x_wconf 85' lang='lat' dir='ltr'><strong><em>est</em></strong></span> <span class='ocrx_word' id='word_1_299' title='bbox 1227 2506 1339 2542; x_wconf 86' lang='lat' dir='ltr'>urbes</span> <span class='ocrx_word' id='word_1_300' title='bbox 1374 2509 1527 2542; x_wconf 80' lang='lat' dir='ltr'>cunctas</span> 
     </span>
     <span class='ocr_line' id='line_1_35' title="bbox 30 2554 1525 2602; baseline 0 -12"><span class='ocrx_word' id='word_1_301' title='bbox 30 2555 276 2602; x_wconf 75' lang='lat' dir='ltr'>regionesque</span> <span class='ocrx_word' id='word_1_302' title='bbox 297 2555 439 2600; x_wconf 85' lang='lat' dir='ltr'>obiens,</span> <span class='ocrx_word' id='word_1_303' title='bbox 467 2559 549 2591; x_wconf 92' lang='lat' dir='ltr'>tum</span> <span class='ocrx_word' id='word_1_304' title='bbox 575 2557 679 2592; x_wconf 80' lang='lat' dir='ltr'>clara</span> <span class='ocrx_word' id='word_1_305' title='bbox 702 2568 791 2592; x_wconf 78' lang='lat' dir='ltr'>voce</span> <span class='ocrx_word' id='word_1_306' title='bbox 827 2567 1019 2602; x_wconf 78' lang='lat' dir='ltr'>paganum</span> <span class='ocrx_word' id='word_1_307' title='bbox 1051 2568 1136 2591; x_wconf 91' lang='lat' dir='ltr'><strong><em>eum</em></strong></span> <span class='ocrx_word' id='word_1_308' title='bbox 1160 2554 1387 2601; x_wconf 84' lang='lat' dir='ltr'>firmumque</span> <span class='ocrx_word' id='word_1_309' title='bbox 1412 2566 1525 2601; x_wconf 80' lang='lat' dir='ltr'><strong>paga·</strong></span> 
     </span>
     <span class='ocr_line' id='line_1_36' title="bbox 29 2603 1526 2650; baseline 0.001 -12"><span class='ocrx_word' id='word_1_310' title='bbox 29 2614 167 2639; x_wconf 83' lang='lat' dir='ltr'>norum</span> <span class='ocrx_word' id='word_1_311' title='bbox 190 2603 420 2649; x_wconf 75' lang='lat' dir='ltr'>praesidium</span> <span class='ocrx_word' id='word_1_312' title='bbox 447 2615 525 2640; x_wconf 68' lang='lat' dir='ltr'>esse</span> <span class='ocrx_word' id='word_1_313' title='bbox 548 2605 822 2650; x_wconf 85' lang='lat' dir='ltr'>pronuntiavit.</span> <span class='ocrx_word' id='word_1_314' title='bbox 890 2616 963 2650; x_wconf 90' lang='lat' dir='ltr'>quo</span> <span class='ocrx_word' id='word_1_315' title='bbox 1002 2605 1210 2650; x_wconf 79' lang='lat' dir='ltr'>imperator</span> <span class='ocrx_word' id='word_1_316' title='bbox 1233 2604 1387 2650; x_wconf 84' lang='lat' dir='ltr'>cognito</span> <span class='ocrx_word' id='word_1_317' title='bbox 1412 2604 1526 2640; x_wconf 82' lang='lat' dir='ltr'>eomi-</span> 
     </span>
     <span class='ocr_line' id='line_1_37' title="bbox 0 2651 1524 2699; baseline -0.001 -11"><span class='ocrx_word' id='word_1_318' title='bbox 0 2654 6 2691; x_wconf 70' lang='grc' dir='ltr'>ζ</span> <span class='ocrx_word' id='word_1_319' title='bbox 30 2654 99 2696; x_wconf 76' lang='lat' dir='ltr'><strong><em>toe,</em></strong></span> <span class='ocrx_word' id='word_1_320' title='bbox 122 2664 217 2698; x_wconf 89' lang='lat' dir='ltr'>quos</span> <span class='ocrx_word' id='word_1_321' title='bbox 242 2664 358 2698; x_wconf 78' lang='lat' dir='ltr'>supra.</span> <span class='ocrx_word' id='word_1_322' title='bbox 380 2655 682 2699; x_wconf 83' lang='lat' dir='ltr'>commemoravi,</span> <span class='ocrx_word' id='word_1_323' title='bbox 706 2665 782 2689; x_wconf 89' lang='lat' dir='ltr'><strong><em>non</em></strong></span> <span class='ocrx_word' id='word_1_324' title='bbox 808 2653 928 2690; x_wconf 83' lang='lat' dir='ltr'>solum</span> <span class='ocrx_word' id='word_1_325' title='bbox 954 2652 1057 2699; x_wconf 90' lang='lat' dir='ltr'>quod</span> <span class='ocrx_word' id='word_1_326' title='bbox 1089 2652 1303 2698; x_wconf 74' lang='lat' dir='ltr'>flagrabant</span> <span class='ocrx_word' id='word_1_327' title='bbox 1328 2652 1403 2687; x_wconf 82' lang='lat' dir='ltr'>iam</span> <span class='ocrx_word' id='word_1_328' title='bbox 1428 2651 1524 2687; x_wconf 85' lang='lat' dir='ltr'>desi·</span> 
     </span>
     <span class='ocr_line' id='line_1_38' title="bbox 0 2699 1524 2748; baseline -0.001 -12"><span class='ocrx_word' id='word_1_329' title='bbox 0 2705 4 2748; x_wconf 57' lang='grc' dir='ltr'><strong><em>ζ</em></strong></span> <span class='ocrx_word' id='word_1_330' title='bbox 29 2699 134 2736; x_wconf 79' lang='lat' dir='ltr'>derio</span> <span class='ocrx_word' id='word_1_331' title='bbox 162 2700 204 2736; x_wconf 88' lang='lat' dir='ltr'>in</span> <span class='ocrx_word' id='word_1_332' title='bbox 226 2701 391 2747; x_wconf 79' lang='lat' dir='ltr'>patriam</span> <span class='ocrx_word' id='word_1_333' title='bbox 414 2701 612 2745; x_wconf 89' lang='lat' dir='ltr'>redeundi,</span> <span class='ocrx_word' id='word_1_334' title='bbox 636 2702 700 2738; x_wconf 88' lang='lat' dir='ltr'><strong><em>sed</em></strong></span> <span class='ocrx_word' id='word_1_335' title='bbox 726 2702 841 2737; x_wconf 83' lang='lat' dir='ltr'>etiam</span> <span class='ocrx_word' id='word_1_336' title='bbox 866 2705 920 2744; x_wconf 90' lang='lat' dir='ltr'>ut,</span> <span class='ocrx_word' id='word_1_337' title='bbox 945 2713 1041 2747; x_wconf 76' lang='lat' dir='ltr'>quae</span> <span class='ocrx_word' id='word_1_338' title='bbox 1070 2705 1204 2737; x_wconf 80' lang='lat' dir='ltr'>eontra</span> <span class='ocrx_word' id='word_1_339' title='bbox 1234 2700 1358 2746; x_wconf 83' lang='lat' dir='ltr'>ipsum</span> <span class='ocrx_word' id='word_1_340' title='bbox 1388 2712 1411 2735; x_wconf 85' lang='lat' dir='ltr'><strong><em>a.</em></strong></span> <span class='ocrx_word' id='word_1_341' title='bbox 1432 2699 1524 2736; x_wconf 70' lang='lat' dir='ltr'>Boe·</span> 
     </span>
     <span class='ocr_line' id='line_1_39' title="bbox 30 2748 1524 2796; baseline -0.001 -12.02"><span class='ocrx_word' id='word_1_342' title='bbox 30 2748 169 2784; x_wconf 89' lang='lat' dir='ltr'>mundo</span> <span class='ocrx_word' id='word_1_343' title='bbox 182 2749 440 2795; x_wconf 72' lang='lat' dir='ltr'>vulgarentur,</span> <span class='ocrx_word' id='word_1_344' title='bbox 454 2750 682 2795; x_wconf 85' lang='lat' dir='ltr'>refellerent,</span> <span class='ocrx_word' id='word_1_345' title='bbox 693 2751 829 2796; x_wconf 85' lang='lat' dir='ltr'>amplis</span> <span class='ocrx_word' id='word_1_346' title='bbox 843 2749 943 2785; x_wconf 83' lang='lat' dir='ltr'>datis</span> <span class='ocrx_word' id='word_1_347' title='bbox 961 2749 1182 2786; x_wconf 85' lang='lat' dir='ltr'>muneribus</span> <span class='ocrx_word' id='word_1_348' title='bbox 1199 2749 1352 2785; x_wconf 89' lang='lat' dir='ltr'>domum</span> <span class='ocrx_word' id='word_1_349' title='bbox 1365 2748 1524 2784; x_wconf 80' lang='lat' dir='ltr'>remisit.</span> 
     </span>
     <span class='ocr_line' id='line_1_40' title="bbox 0 2779 1524 2843; baseline 0 -11"><span class='ocrx_word' id='word_1_350' title='bbox 0 2798 7 2827; x_wconf 60' lang='lat'><strong><em>12</em></strong></span> <span class='ocrx_word' id='word_1_351' title='bbox 29 2797 110 2843; x_wconf 85' lang='lat' dir='ltr'>ipse</span> <span class='ocrx_word' id='word_1_352' title='bbox 133 2797 333 2834; x_wconf 76' lang='lat' dir='ltr'>confestim</span> <span class='ocrx_word' id='word_1_353' title='bbox 357 2810 437 2834; x_wconf 85' lang='lat' dir='ltr'>sese</span> <span class='ocrx_word' id='word_1_354' title='bbox 461 2779 763 2836; x_wconf 79' lang='lat' dir='ltr'>Thessalonicam</span> <span class='ocrx_word' id='word_1_355' title='bbox 796 2798 970 2843; x_wconf 87' lang='lat' dir='ltr'>contulit,</span> <span class='ocrx_word' id='word_1_356' title='bbox 1002 2802 1046 2834; x_wconf 91' lang='lat' dir='ltr'>ut</span> <span class='ocrx_word' id='word_1_357' title='bbox 1084 2801 1123 2833; x_wconf 92' lang='lat' dir='ltr'><strong><em>et</em></strong></span> <span class='ocrx_word' id='word_1_358' title='bbox 1146 2798 1290 2834; x_wconf 84' lang='lat' dir='ltr'>tirones</span> <span class='ocrx_word' id='word_1_359' title='bbox 1315 2809 1437 2843; x_wconf 88' lang='lat' dir='ltr'>nuper</span> <span class='ocrx_word' id='word_1_360' title='bbox 1461 2796 1524 2832; x_wconf 88' lang='lat' dir='ltr'><strong><em>de·</em></strong></span> 
     </span>
     <span class='ocr_line' id='line_1_41' title="bbox 0 2843 1526 2894; baseline 0 -14"><span class='ocrx_word' id='word_1_361' title='bbox 0 2843 15 2890; x_wconf 77' lang='lat' dir='ltr'><strong><em>,j</em></strong></span> <span class='ocrx_word' id='word_1_362' title='bbox 30 2845 147 2881; x_wconf 79' lang='lat' dir='ltr'>lectos</span> <span class='ocrx_word' id='word_1_363' title='bbox 170 2847 212 2882; x_wconf 89' lang='lat' dir='ltr'>in</span> <span class='ocrx_word' id='word_1_364' title='bbox 244 2847 361 2883; x_wconf 71' lang='lat' dir='ltr'>armis</span> <span class='ocrx_word' id='word_1_365' title='bbox 391 2851 584 2883; x_wconf 76' lang='lat' dir='ltr'>exerceret</span> <span class='ocrx_word' id='word_1_366' title='bbox 610 2851 649 2884; x_wconf 90' lang='lat' dir='ltr'><strong><em>et</em></strong></span> <span class='ocrx_word' id='word_1_367' title='bbox 678 2848 900 2894; x_wconf 85' lang='lat' dir='ltr'>prohiberet</span> <span class='ocrx_word' id='word_1_368' title='bbox 923 2846 1196 2891; x_wconf 88' lang='lat' dir='ltr'>Boemundum,</span> <span class='ocrx_word' id='word_1_369' title='bbox 1232 2847 1444 2893; x_wconf 83' lang='lat' dir='ltr'>quominus,</span> <span class='ocrx_word' id='word_1_370' title='bbox 1480 2848 1526 2880; x_wconf 91' lang='lat' dir='ltr'>ut</span> 
     </span>
     <span class='ocr_line' id='line_1_42' title="bbox 0 2873 1523 2943; baseline -0.001 -13"><span class='ocrx_word' id='word_1_371' title='bbox 0 2902 11 2938; x_wconf 60' lang='grc' dir='ltr'><strong><em>ζ</em></strong></span> <span class='ocrx_word' id='word_1_372' title='bbox 31 2893 132 2930; x_wconf 76' lang='lat' dir='ltr'><strong><em>fama</em></strong></span> <span class='ocrx_word' id='word_1_373' title='bbox 153 2898 247 2939; x_wconf 82' lang='lat' dir='ltr'>erat,</span> <span class='ocrx_word' id='word_1_374' title='bbox 279 2906 327 2931; x_wconf 79' lang='lat' dir='ltr'><strong><em>ex</em></strong></span> <span class='ocrx_word' id='word_1_375' title='bbox 350 2894 607 2943; x_wconf 76' lang='lat' dir='ltr'>Lougibardia</span> <span class='ocrx_word' id='word_1_376' title='bbox 633 2897 673 2933; x_wconf 93' lang='lat' dir='ltr'>in</span> <span class='ocrx_word' id='word_1_377' title='bbox 711 2900 861 2933; x_wconf 84' lang='lat' dir='ltr'>nostros</span> <span class='ocrx_word' id='word_1_378' title='bbox 898 2894 991 2931; x_wconf 85' lang='lat' dir='ltr'>fines</span> <span class='ocrx_word' id='word_1_379' title='bbox 1027 2873 1216 2933; x_wconf 65' lang='lat' dir='ltr'>traicere’t.</span> <span class='ocrx_word' id='word_1_380' title='bbox 1281 2893 1339 2932; x_wconf 87' lang='lat' dir='ltr'>illi</span> <span class='ocrx_word' id='word_1_381' title='bbox 1371 2893 1523 2930; x_wconf 81' lang='lat' dir='ltr'>interim</span> 
     </span>
    </p>
   </div>
  </div>
 </body>
</html>
