1794 3132
239 260 323 302 430
761 262 939 298 CAROLI
968 262 1208 298 DUOANGII

238 395 387 434 rorem,
421 380 596 424 Gattam
623 380 868 434 nuncupant-
888 379 1014 421 Anna
1044 378 1085 420 et
1104 377 1318 432 ScylitzeS‚
1342 376 1571 420 Malaterra
1600 377 1671 420 lib.
1694 378 1729 420 1.

241 452 330 495 cap.
352 440 390 481 3.
437 437 726 492 SiyelyaitaQ
760 437 808 479 ut
840 437 880 479 et
902 435 1107 478 Willeim.
1141 433 1342 476 Gemetic.
1373 434 1445 476 lib.
1470 435 1506 477 7.
1550 446 1638 488 cap.
1661 435 1730 476 43.

239 495 574 551 Siyuelyuadam
604 493 826 537 Ordericus
865 493 937 535 lib.
963 493 999 534 7.
1051 490 1322 545 Sicelqaitam
1361 490 1442 534 Leo
1477 490 1565 533 Ost.
1597 490 1669 533 lib.
1692 491 1730 533 3.

241 566 329 608 cap.
352 553 419 595 57.
459 551 741 605 Sichelyatam
785 549 913 592 Guill.
946 547 1186 603 Apuliensis
1217 547 1289 589 lib.
1312 548 1350 590 2.
1382 547 1559 602 denique
1588 546 1732 591 Sibul-

238 610 401 666 9aitam
431 609 548 651 vetus
578 607 775 662 Diploma
807 605 978 661 Rogerii
1008 604 1137 646 Ducis
1169 605 1210 646 et
1232 604 1478 656 Boemundi,
1509 603 1621 658 apud
1651 604 1733 647 Ba·

240 679 328 709 ron.
359 666 410 708 A.
433 674 546 708 MXC.
568 664 622 707 N.
647 664 712 706 19.
760 663 876 706 Obiit
906 662 982 704 illa
1013 661 1095 703 An.
1118 670 1232 703 MXC.
1265 661 1313 703 ut
1344 661 1468 704 autor
1498 662 1560 703 est
1579 661 1731 703 Petrus

241 723 359 766 Diae.
390 723 461 765 lib.
484 722 523 763 4.
571 721 723 764 Chron.
761 719 920 762 Cassin.
961 731 1048 772 cap.
1071 719 1110 760 8.
1158 717 1281 760 Diem
1311 718 1489 761 annotat
1520 716 1732 760 Kalenda-

240 780 348 822 rium
383 779 424 822 S.
455 777 653 820 Mauricii
682 775 1023 831 Andegavensis:
1052 785 1171 818 XVII.
1199 773 1301 816 Kal.
1332 773 1450 817 Maii
1480 774 1542 817 ob.
1575 773 1732 817 8161161-

239 837 359 892 yaita
403 835 589 878 Ducissa
631 833 829 889 Apuliae.
872 833 922 874 V.
963 832 1117 874 Baron.
1150 831 1202 873 A.
1233 840 1349 873 MXO.
1389 830 1443 874 N.
1468 832 1533 873 18.
1601 831 1732 873 Porro

241 893 409 948 nuptias
427 892 599 934 Roberti
618 891 663 932 in
681 891 762 932 An.
779 899 934 932 MLHX.
958 888 1141 931 coniicit.
1160 887 1388 930 Malaterra
1404 888 1476 931 lib.
1497 889 1532 930 1.
1555 900 1644 942 cap.
1664 889 1731 930 31.

76 969 167 1015 Pag.
182 970 227 1004 26
378 959 463 1001 Καὶ
496 956 795 1013 συμπλακείς]
838 957 949 999 Falli
982 959 1196 1011 praeterea
1222 956 1415 998 hocloco
1447 956 1613 998 constat
1643 956 1732 997 An-

241 1031 352 1062 nam.
385 1030 490 1072 quae
534 1015 708 1070 posteris
754 1014 966 1069 imposuit,
1018 1013 1117 1055 dum
1166 1012 1276 1067 quod
1327 1012 1475 1055 auditu
1516 1013 1734 1067 acceperat

240 1074 291 1116 de
333 1074 515 1128 quodam
546 1071 822 1114 Bisiniacensi
854 1070 1058 1124 Principe.
1101 1069 1145 1112 id
1193 1069 1457 1112 Salernitano
1494 1069 1731 1124 adscripsit.

242 1131 363 1184 Quod
394 1130 516 1173 facile
544 1128 740 1172 concedet
770 1128 958 1182 quisquis
993 1128 1101 1169 113116
1133 1127 1282 1169 Α111136
1317 1125 1603 1170 narrationem
1635 1138 1727 1168 611111

241 1187 432 1230 Historia
450 1186 567 1229 Petri
596 1186 646 1228 de
665 1186 799 1227 'Purra
817 1183 1120 1227 Bisinianensis
1136 1182 1345 1237 Principis
1377 1183 1573 1236 conferet,
1605 1195 1730 1238 quam

242 1257 336 1286 cum
357 1244 503 1286 iisdem
526 1242 734 1285 adiunctis
756 1242 945 1296 pluribus
966 1240 1147 1283 recitant
1162 1240 1393 1283 Malaterra
1409 1240 1481 1284 lib.
1501 1241 1536 1283 1.
1559 1253 1648 1295 cap.
1667 1240 1731 1282 17.

243 1302 284 1344 et
313 1301 394 1344 Leo
426 1300 514 1343 Ost.
545 1299 618 1342 lib.
641 1300 679 1341 3.
713 1311 802 1353 cap.
828 1299 890 1340 15.
944 1297 1119 1340 Caesum
1157 1310 1228 1351 per
1267 1297 1441 1340 insidias
1478 1296 1642 1341 Salerni
1679 1296 1732 1340 ab

242 1357 449 1412 Alphanis
487 1356 735 1399 Proceribus
780 1354 1055 1410 Gaymarium
1103 1353 1291 1396 tradunt.
1363 1354 1480 1397 Idem
1523 1354 1605 1397 Leo
1642 1353 1731 1396 Ost.

240 1415 314 1457 lib.
335 1416 373 1456 2.
402 1427 489 1468 cap.
512 1414 578 1456 86.
610 1413 651 1455 et
674 1412 747 1455 lib.
771 1413 810 1454 3.
843 1425 932 1466 cap.
955 1413 993 1454 3.
1039 1411 1191 1453 Petrus
1212 1410 1408 1454 Damian.
1439 1411 1511 1454 lib.
1536 1413 1572 1453 1.
1601 1411 1675 1466 Ep.
1691 1411 1731 1453 9.

243 1472 284 1514 et
317 1469 446 1514 Guill.
479 1470 606 1524 Apul.
638 1470 710 1512 lib.
735 1470 774 1511 2.

27 1547 183 1594 Pag.27.
198 1547 228 1582 B
376 1534 496 1591 Δοὺξ
515 1534 867 1593 Λογγιβαρὸιάς]
904 1536 1101 1579 obtinuit
1124 1550 1148 1580 a
1172 1536 1348 1579 Nicolao
1365 1537 1450 1579 ΡΡ.
1470 1536 1599 1579 Ducis
1627 1536 1733 1578 titu-

241 1596 330 1638 lum
360 1596 568 1638 Robertus
589 1594 712 1637 Anno
735 1593 830 1636 Chr.
861 1602 978 1636 MLX.
1009 1593 1119 1648 quod
1149 1593 1361 1636 testantur
1391 1592 1617 1648 Gregorius
1634 1592 1731 1635 VII.

242 1652 325 1695 ΡΡ.
355 1652 427 1695 lib.
451 1653 489 1694 2.
529 1652 604 1706 Ep.
628 1652 666 1694 9.
698 1650 769 1693 lib.
793 1651 831 1692 8.
864 1650 937 1704 Ep.
965 1651 1000 1692 1.
1038 1650 1268 1693 Malaterra
1307 1650 1380 1693 lib.
1406 1650 1442 1693 1.
1482 1662 1570 1705 cap.
1592 1651 1659 1692 25.
1691 1650 1732 1692 et

242 1710 309 1752 36.
341 1710 382 1752 et
411 1709 492 1752 Leo
521 1708 608 1751 Ost.
641 1708 713 1750 lib.
737 1709 775 1749 3.
808 1719 899 1761 cap.
926 1708 988 1749 15.
1021 1706 1274 1750 Guillelmus
1304 1707 1430 1761 Apul.
1461 1706 1533 1750 lib.
1558 1708 1596 1750 2.

440 1775 592 1818 Finita
623 1774 805 1829 Synodo,
834 1774 1060 1817 multorum
1089 1774 1216 1828 Papa
1245 1778 1399 1829 royatu

441 1832 671 1875 Robertam
700 1832 830 1874 donat
859 1830 1067 1874 Nicolaas
1096 1831 1253 1874 honore
1283 1830 1456 1874 Daeali.

442 1889 528 1931 Hic
562 1887 767 1932 Comitum
793 1887 908 1931 solas
938 1901 1127 1931 concesso
1157 1889 1251 1931 iure
1279 1887 1475 1931 Ducatus

440 1945 521 1988 Est
547 1945 694 1999 Papae
725 1945 865 1998 factus
890 1945 1076 1988 iurando
1107 1946 1198 1988 iare
1222 1944 1390 1999 fidelis.-

450 2001 570 2046 Unde
590 2003 671 2045 sibi
694 2001 877 2045 Calaber
897 2015 1125 2052 concessus,
1149 2006 1186 2044 et
1206 2001 1406 2055 Appulus
1426 2001 1562 2044 omnis

442 2059 522 2102 Est
551 2060 676 2110 locas,
711 2063 747 2101 et
776 2058 904 2101 Latio
928 2061 1102 2112 patriae
1134 2059 1366 2102 dominatio
1393 2059 1542 2113 yemis.

28 2145 118 2192 Pag.
130 2147 227 2181 28.A
241 2123 664 2227 Helensspisssfigffiegss
684 2122 947 2238 iffplerzyilgtgv
960 2126 1297 2238 {rgffigorlnsullsto
1308 2125 1733 2238 fgfftecgllllgtnaingillrlrlllg

241 2218 490 2293 nasceretur,
524 2254 630 2296 quae
661 2241 794 2282 lucem
826 2241 999 2294 aspexit,
1035 2242 1154 2295 patre
1174 2240 1321 2283 Alexio
1351 2241 1436 2282 iam
1463 2240 1731 2294 Imperatore.

198 2318 229 2352 B
375 2306 766 2363 Συμπενθερείας]
803 2307 1145 2362 Συμπενθερεία
1175 2308 1237 2350 est
1268 2307 1456 2350 affinitas
1485 2307 1593 2350 inita
1622 2307 1733 2349 inter

242 2365 356 2417 duos,
392 2378 437 2407 ex
467 2364 652 2408 filiorum
681 2378 731 2408 36
760 2364 944 2407 filiarum
984 2365 1156 2418 nuptiis,
1205 2364 1264 2406 sic
1306 2365 1354 2406 ut
1399 2365 1574 2419 uterque
1617 2376 1733 2406 socer

242 2421 419 2472 dicatur,
457 2421 524 2464 hio
556 2422 723 2476 quidem
769 2422 957 2476 respectu
1004 2434 1145 2473 nurus,
1193 2421 1301 2463 alter
1346 2422 1534 2475 respectu
1577 2420 1731 2476 generi.

242 2476 605 2532 Συμπενθερείας
625 2480 666 2521 et
685 2477 1012 2532 συμπενθέρων
1043 2478 1200 2521 mentio
1220 2478 1375 2532 passim
1404 2478 1598 2529 occurrit,
1621 2477 1730 2531 apud

242 2534 537 2577 Balsamonem
567 2536 611 2577 in
629 2535 803 2579 Nomoc.
828 2535 949 2578 Phot.
979 2535 1046 2577 tit.
1073 2536 1136 2578 13.
1172 2547 1261 2589 cap.
1285 2536 1322 2577 2.
1372 2534 1731 2588 Theophylactum

242 2591 368 2644 Bulg.
409 2592 483 2646 Ep.
507 2593 574 2634 31.
622 2592 819 2635 Nicetam
859 2592 902 2634 in
941 2593 1072 2634 Isaac.
1116 2592 1188 2634 lib.
1215 2594 1250 2634 1.
1294 2591 1468 2645 Niceph.
1501 2590 1731 2645 Gregoram

241 2646 314 2744 111ῗὶ
337 2647 614 2746 313bCogdi1iEum
620 2649 680 2747 ge
697 2648 815 2692 Offic.
850 2662 938 2703 cap.
962 2650 1002 2691 2.
1030 2649 1210 2691 Phrauz.
1238 2649 1279 2690 et
1295 2648 1349 2691 al.
1380 2648 1430 2690 V.
1449 2646 1622 2702 Gregor.
1636 2647 1728 2690 VII.

319 2737 326 2745 .
375 2717 388 2744 1
422 2736 430 2744 .
482 2736 490 2744 .
588 2739 596 2747 .
650 2739 658 2747 .

200 2778 230 2813 B
373 2718 610 2815 Ῥαίκτωὲ]
644 2762 748 2804 Rem
780 2763 956 2805 narrant
986 2762 1160 2818 Gregor.
1179 2762 1273 2804 VII.
1297 2762 1381 2804 ΡΡ.
1413 2761 1485 2804 lib.
1508 2762 1546 2804 8.
1581 2774 1669 2815 cap.
1692 2761 1731 2802 6.

244 2815 470 2859 Malaterra
505 2818 575 2860 lib.
598 2820 636 2860 3.
669 2831 758 2872 cap.
782 2820 847 2861 13.
879 2820 919 2861 et
949 2818 1200 2861 Guillelmus
1225 2819 1350 2873 Apul.
1383 2818 1454 2861 lib.
1475 2819 1514 2860 4.
1547 2818 1619 2872 qui
1648 2817 1732 2859 Ro-

242 2872 349 2915 berti
377 2873 691 2928 Expeditionem
722 2887 1053 2918 commemorans
1084 2876 1184 2918 haec
1217 2875 1380 2918 subdit:
