1734 3120
478 216 743 256 ALEXIADIS
772 217 866 254 LIB.
895 215 999 254 xm.
1033 211 1095 254 lo.
1443 209 1525 253 223

35 338 236 393 μοῦντον,
271 336 650 397 παραχωρηθῆναί
680 333 720 378 οἳ
753 336 831 395 τὴν
851 334 916 388 εἷς
939 333 991 379 τι)
1013 333 1258 391 Δυρράχιον
1277 331 1526 382 οἷπέλευσιν.

35 403 379 458 κατανεύσαντος
407 404 456 448 δὲ
485 407 564 448 τοῦ
602 401 888 460 Βαὶζιιοιῖντου,
930 406 1099 461 γοργιῦς
1138 402 1190 446 ’το
1225 402 1469 460 Δυρράχιον
1501 403 1525 448 ὁ

41 471 312 517 Κατακαλῶν
354 471 678 529 καταλαμβάνει
722 473 792 516 καὶ
840 471 919 515 τὸν
948 469 1231 531 φυλάσσοντα
1273 471 1351 532 τὴν
1396 471 1527 517 πόλιν

34 537 232 597 Ἀλέξιον
263 539 342 585 τὸν
370 538 467 585 υἱὸν
486 536 698 584 Ἰσαακίου
729 543 809 584 τοῦ
830 538 1240 596 σεβαστοκράτορος
1258 535 1527 599 ἀναζητήσας

1 607 273 668 ἢοῖπήγγειλε
302 608 358 654 τὰ
395 608 517 666 παρὰ
560 613 644 653 τοῦ
680 604 1007 665 αὐτοκράτορος
1045 610 1371 667 διαμηνυθέντα
1409 608 1567 666 πρόςΒ

34 675 168 723 αὐτόν
196 695 243 722 τε
273 678 345 722 καὶ
375 674 485 730 τούς
515 675 895 735 συγκατελθόντας
923 677 1017 733 μετ’
1052 673 1188 721 αὐτοῦ
1218 676 1409 734 λογάδας
1435 680 1526 722 τῶν

35 750 329 803 στρατιωτῶν.
388 748 460 790 καὶ
487 744 566 804 γὰρ
597 741 676 790 οὔκ
707 741 918 806 ἠδύναντο
945 748 1024 789 τοῦ
1052 747 1225 800 τείχους
1254 745 1529 804 προκύπτειν

34 814 107 860 διὰ
133 813 214 874 τὴν
242 816 524 873 γεγενημένην
553 809 733 858 ἄνωθεν
762 812 884 870 παρὰ
912 812 968 858 τά
998 812 1218 875 κρήδεμνα
1246 818 1325 859 τοῦ
1358 819 1530 872 Δυρρα-

34 884 131 939 χίου
160 882 354 944 μηχανὴν
394 886 479 928 τοῦ
523 878 860 939 αιῗτοκράτορος.
934 883 1109 935 σανίδες
1156 880 1235 939 γάρ
1280 901 1395 936 τινες
1424 885 1529 940 περὶ

0 951 113 1004 Οτάς
143 949 347 1007 ἐπάλξεις
375 954 454 995 τοῦ
484 948 677 1008 κάστρου
720 947 974 1010 εὖμηχάνως
1003 951 1222 1008 ἐτέθησαν
1266 951 1341 995 ἐπὶ
1385 949 1529 1010 τοί-τῳ

35 1015 155 1078 αὐτῷ
185 1023 614 1064 κατασκευασθεῖσαι
645 1016 874 1077 ἅνὴλωτοι,
899 1016 1015 1063 ὥστε
1047 1019 1151 1072 τούς
1178 1017 1289 1072 ἴσως
1317 1016 1410 1064 ἀπὸ
1439 1022 1531 1064 τῶν

35 1088 247 1132 Λατίνων
275 1086 348 1132 διὰ
368 1085 592 1144 κλιμάκων
611 1082 932 1144 ἆναρριχᾶσθαι
955 1087 1271 1143 πειρωμένους,
1305 1087 1417 1132 ἐπὰν
1441 1091 1531 1132 τῶν

36 1156 264 1213 ἐπάλξεων
305 1158 521 1214 ἐπιβαῖεν,
568 1156 628 1216 μὴ
644 1200 653 1206 ,
674 1156 1007 1215 ἐστηριγμένους
1048 1157 1277 1209 ἵστασθαι,
1309 1154 1421 1200 ἄλλά
1452 1155 1531 1201 σὺν

36 1221 189 1279 αὐταῖς
226 1227 367 1271 σανίσι
411 1227 732 1271 διολισθαίνειν
775 1229 1008 1285 τηνικαῦτα
1052 1228 1123 1270 καὶ
1169 1227 1354 1270 πίπτειν
1393 1224 1527 1279 ἐντός,

2 1293 159 1338 5καθά
188 1312 236 1352 γε
267 1296 339 1339 καὶ
368 1292 550 1352 εἴρηται.
608 1293 785 1348 τούτοις
823 1287 902 1339 οὖν
944 1293 1156 1354 ὁμιλήσας
1186 1293 1210 1339 ὁ
1243 1291 1532 1354 Εὗφορβηνὸς

35 1365 107 1407 καὶ
131 1361 185 1407 τά
215 1366 294 1407 τοῦ
323 1364 541 1419 βασιλέως
569 1361 799 1422 μηνύματα
827 1359 1094 1422 α’παγγείλας
1124 1365 1195 1408 καὶ
1224 1362 1427 1420 θάρσους
1455 1364 1530 1420 έμ-

38 1430 211 1492 πλήσας
257 1431 419 1485 αιῖτούς
466 1430 694 1491 ἐρωτήσας
741 1450 789 1476 τε
835 1430 891 1476 τά
938 1433 1042 1488 περὶ
1092 1435 1170 1476 τοῦ
1220 1429 1411 1490 κάστρου
1458 1432 1571 1476 wic

36 1499 238 1557 διαγνοῦς
265 1501 320 1544 τὰ
350 1501 442 1544 κατ’
475 1499 635 1553 αἰτοῖ-ς
658 1496 839 1558 ἀρίστης
873 1502 1143 1558 τετυχηκέναι
1172 1499 1438 1556 οἰκονομίας,
1469 1498 1530 1553 (ὃς

35 1571 127 1612 τῶν
155 1566 273 1624 πρὸς
303 1569 451 1625 χρείαν
477 1564 711 1625 αὐτάρκως
742 1568 922 1624 ἔχοντας
951 1570 1020 1612 καὶ
1052 1570 1156 1625 παρ’
1190 1564 1316 1613 οὐδὲν
1343 1567 1422 1622 τὰς
1451 1572 1531 1613 τοῦ

0 1647 25 1680 0
45 1633 321 1692 Βαὶμούνὲτου
358 1637 666 1694 λογιζομένους
702 1635 907 1696 μηχανάς,
950 1634 1273 1693 καταλαμβάνει
1312 1634 1391 1680 τὸν
1425 1639 1532 1681 Βαΐ-

37 1707 228 1760 μοῦντον
269 1703 351 1762 τήν
392 1706 618 1764 ταφρείαν,
667 1705 782 1750 ἔνθα
830 1710 1039 1762 προεῖπε,
1088 1701 1402 1763 ποιησάμενον.
1460 1705 1532 1747 καὶ

38 1771 228 1825 ἑνωθεὶς
255 1769 375 1832 αι’-τῷ
411 1776 489 1834 τῆς
528 1772 644 1830 πρὸς
681 1773 759 1818 τὸν
794 1776 978 1830 βασιλέα
1011 1771 1235 1834 φερούσης
1271 1771 1428 1828 εἴχετο.
1489 1771 1529 1817 οὶ

37 1842 76 1885 δ’
119 1841 350 1886 ἐπίλοιποι
389 1845 478 1886 τῶν
513 1843 745 1899 πρέσβεων
784 1841 893 1886 κατὰ
930 1841 985 1887 τά
1020 1842 1393 1900 προϋπεσχημένα
1422 1839 1534 1898 μετὰ

37 1912 126 1953 τῶν
154 1909 285 1954 Γίδου
316 1911 690 1970 κατελείφθησαν,
754 1909 967 1971 Μανουὴλ
998 1911 1046 1955 δὲ
1075 1909 1155 1954 τὸν
1187 1908 1400 1968 Μοδηνὸν
1429 1926 1532 1954 πισ-

177 2031 208 2066 1.
237 2031 274 2064 οἱ
297 2041 371 2067 om.
399 2029 442 2066 F.
587 2031 646 2066 23.
678 2030 712 2065 δ’
740 2030 784 2074 F,
813 2031 855 2066 δὲ
880 2030 921 2068 Ρ.

38 2150 178 2186 mundo
193 2151 302 2188 venia
321 2151 559 2199 ingrediendi
573 2152 770 2198 Dyrrachii
785 2152 911 2188 statim
928 2151 1018 2188 illuc
1032 2150 1226 2187 festinavit
1238 2150 1415 2198 aditoque
1427 2150 1534 2186 urbis

38 2200 229 2246 praefecto
253 2201 388 2236 Alexio
416 2201 545 2237 lsaacii
571 2202 880 2237 sebastocratoris
903 2200 996 2246 filio,
1016 2200 1107 2246 quid
1126 2201 1198 2246 ipsi
1213 2200 1451 2246 militumque
1465 2199 1533 2235 du·

38 2249 143 2284 cibus
167 2249 277 2284 simul
305 2250 427 2285 missis
451 2251 659 2296 imperator
684 2249 955 2285 denuntiasset.
976 2250 1160 2294 exposuit.
1213 2250 1351 2284 etenim
1377 2251 1533 2294 propter

39 2297 270 2342 machinam,
295 2309 406 2342 quam
432 2299 606 2334 omnibus
635 2298 830 2344 Dyrrachii
856 2298 983 2343 pinnis
1022 2298 1231 2343 imperator
1267 2297 1531 2342 imponendam

38 2349 247 2389 curaverat,
274 2358 384 2382 nemo
409 2358 429 2382 e
455 2347 651 2382 moenibus
676 2347 892 2393 despectare
922 2349 1082 2392 poterat.
1133 2349 1240 2381 erant
1267 2346 1365 2380 enim
1382 2345 1533 2380 tabulae

39 2395 228 2429 moenium
266 2395 558 2441 propugnaculis
598 2395 739 2430 affabre
777 2394 928 2430 additae
964 2394 1141 2440 nulloque
1166 2393 1302 2429 affixae
1337 2394 1441 2429 clavo
1478 2394 1534 2428 ita

39 2445 93 2487 ut,
119 2443 150 2478 si
171 2442 320 2487 quando
335 2442 463 2479 Latini
493 2443 599 2480 scalis
624 2444 718 2479 eniti
744 2446 971 2479 conarentur
984 2446 1023 2478 et
1040 2443 1114 2477 iam
1131 2453 1257 2477 muros
1271 2442 1533 2486 ascendissent,

39 2491 94 2526 ibi
119 2493 218 2526 stare
243 2502 318 2526 non
344 2495 506 2537 possent,
544 2492 607 2527 scd
633 2504 718 2527 cum
744 2492 834 2538 ipsis
861 2491 1000 2527 tabulis
1025 2490 1213 2536 lapsantes
1249 2491 1288 2525 in
1315 2491 1459 2536 urbem,
1491 2493 1534 2525 ut

39 2538 182 2574 dictum
195 2542 262 2583 est,
271 2539 500 2576 deciderent.
526 2540 801 2586 Euphorbenus
816 2540 936 2586 igitur
946 2539 1204 2585 Dyrrachenos
1217 2538 1345 2575 adiens
1358 2539 1534 2574 mandata

39 2588 281 2632 imperatoris
307 2590 497 2634 exposuit3
526 2600 686 2634 cumque
713 2590 759 2624 iis
777 2589 962 2634 optimum
980 2587 1185 2623 addidisset
1210 2588 1388 2632 animum,
1412 2587 1533 2632 inqui-

42 2636 131 2671 sivit
156 2635 195 2670 in
221 2636 367 2672 castelli
392 2637 661 2680 condicionem,
687 2640 725 2672 et
751 2641 793 2672 ut
807 2648 952 2671 summa
963 2635 1202 2682 providentia
1217 2635 1316 2681 apud
1332 2647 1394 2671 eos
1408 2637 1534 2671 omnia

41 2683 154 2719 fuisse
180 2684 443 2720 administrata
481 2685 668 2721 intellexit
702 2686 876 2731 ipsosque
913 2684 1099 2727 omnibus,
1137 2696 1231 2729 quae
1269 2695 1363 2730 opus
1402 2687 1534 2728 essent,

40 2731 233 2768 abundare
257 2744 300 2768 ac
324 2732 435 2778 plane
459 2733 569 2769 nihili
595 2734 732 2769 ducere
746 2733 956 2768 Boemundi
981 2732 1181 2777 machinas,
1206 2732 1254 2767 ad
1280 2732 1379 2768 hunc
1405 2732 1533 2777 rediit,

41 2781 106 2826 qui
131 2782 206 2816 iam
230 2784 353 2816 castra
378 2782 626 2817 transtulerat
651 2794 734 2817 eum
762 2782 801 2816 in
826 2781 960 2820 locum,
985 2793 1093 2826 quem
1120 2781 1369 2826 praedixerat.
1419 2781 1479 2816 cui
1494 2792 1534 2815 se

41 2829 249 2875 adiungens
274 2829 321 2864 ad
346 2830 612 2876 imperatorem
638 2830 890 2876 proficiscitur
914 2830 1047 2865 ceteris
1062 2829 1205 2875 legatis,
1222 2832 1336 2875 prout
1351 2832 1431 2864 erat
1445 2840 1531 2864 con—

42 2878 230 2924 stitutum,
247 2877 287 2913 in
302 2877 389 2913 Gidi
404 2881 592 2925 potestate
606 2878 756 2914 relictis.
809 2878 1018 2914 Manuelem
1033 2880 1158 2913 autem
1174 2877 1387 2924 Modenum,
1415 2877 1530 2912 famu—
