1734 3120
173 232 253 276 352
679 241 844 278 ANNAE
871 239 1137 277 OOMNENAE

171 359 251 415 μὲν
282 358 395 415 ἔχων
422 356 640 418 μαθητάς,
673 355 750 411 οὓς
784 359 856 402 καὶ
884 353 1166 410 ἀποστόλους
1203 353 1416 414 ω’νόμαζε,
1448 359 1661 419 συνεφελ-

173 427 360 485 κόμενος
388 429 436 472 δὲ
465 429 537 472 καὶ
564 427 817 486 μαθητρίας
847 423 982 479 τινας,
1024 423 1176 483 γύναια
1204 423 1407 484 κακοήθη
1438 427 1511 472 καὶ
1543 445 1661 484 παμ-

174 495 359 556 πόνηρα,
379 494 619 557 ε’φήπλωσε
651 493 730 554 τὴν
757 495 909 539 κακίαν
938 492 1220 549 ἁπανταχοῦ)
1240 495 1313 538 καὶ
1329 493 1499 548 πολλὰς
1518 493 1663 552 ψυχὰς

22 570 66 607 V.
93 571 161 606 385
175 566 298 623 δίκην
323 563 468 622 πτρός
497 565 759 621 ἐπενείματο
791 562 842 607 τὸ
873 560 1019 616 κακόν,
1059 557 1137 606 οὗκ
1168 557 1363 621 ἠνείχετο
1402 560 1429 620 ἦ
1470 565 1550 607 τοῦ
1584 566 1663 618 βα-

174 634 332 687 σιλέως
362 633 481 692 ψυχή
513 636 645 677 τοῦτο
676 634 748 677 καὶ
780 634 989 712 διερευνᾷ
1001 629 1056 675 τὰ
1086 630 1191 687 περὶ
1221 632 1299 688 τῆς
1325 627 1548 687 αἱρέσεως.
1592 631 1664 674 καί
1678 638 1699 671 5

132 710 288 755 Βτινες
316 705 406 746 τῶν
433 702 694 759 Βογομίλων
722 700 785 753 εἷς
813 698 866 743 τὰ
907 695 1131 755 α’νάκτορα
1167 693 1337 758 η’γοντο,
1386 696 1579 752 α’παντες
1616 699 1665 743 δὲ

176 768 411 816 Βασίλειάν
440 788 537 815 τινα
565 767 827 829 κατήγγελον
868 765 1130 812 διδάσκαλον
1159 767 1231 811 καὶ
1263 772 1511 827 κορυφαῖον
1539 784 1664 824 πρω-

173 836 388 897 τοστάτην
417 841 498 897 τῆς
525 838 809 895 βογομιλικῆς
838 833 1063 893 αἱρέσεως.
1136 833 1186 879 ἐκ
1216 832 1387 879 τούτων
1425 836 1473 879 δὲ
1503 832 1664 891 Διβλά-

173 903 268 959 τιός
310 924 377 960 τις
419 906 721 962 κατασχεθείς,
779 905 878 948 ἐπεὶ
921 900 1209 961 ἐρωτώμενος
1251 899 1541 961 ἆνομολογεῒν
1586 899 1664 946 οὐκ

173 969 407 1033 ἠβούλετο,
474 972 635 1026 αἰκίαις
682 973 963 1030 παραδοθεὶς
1026 973 1260 1030 τηνικαῦτα
1307 969 1386 1016 τὸν
1432 968 1668 1029 λεγόμενον
1682 981 1726 1014 10

175 1043 411 1087 Βασίλειον
438 1038 712 1100 α’νωμολόγει
742 1041 815 1085 καὶ
846 1036 922 1093 οὓς
966 1041 1134 1093 ἐκεῖνος
1172 1039 1512 1097 προεχειρίσατο
1551 1034 1666 1082 ἄπο-

174 1107 372 1164 στόλους.
422 1110 569 1154 τοίνυν
598 1107 677 1170 τὴν
704 1106 865 1153 τούτου
897 1103 1156 1167 ἀναζήτησιν
1179 1109 1366 1161 πολλοῖς
1397 1105 1421 1152 ὖ
1454 1104 1667 1164 αὐτοκρά-

174 1196 265 1236 τωρ
297 1179 497 1224 ἅνέθετο.
560 1179 632 1222 καὶ
660 1179 770 1238 δῆτα
799 1171 1084 1237 ἀναφαίνεται
1119 1179 1198 1221 τοῦ
1233 1173 1459 1235 Σαταναὴλ
1490 1176 1668 1232 ἀρχισα-

175 1245 347 1307 τράπης
396 1248 642 1302 Βασίλειος,
691 1244 743 1290 τὸ
790 1245 954 1303 ἔνδυμα
1003 1242 1207 1302 μοναχός,
1259 1243 1564 1303 κατεσκληκώς
1612 1243 1664 1288 τὸ

174 1311 436 1371 πρόσωπον,
470 1315 548 1375 τὴν
576 1311 749 1375 ὑπήνην
776 1311 926 1371 ψιλός,
964 1308 1154 1373 εὐμήκης
1193 1310 1271 1374 τὴν
1311 1312 1476 1373 ἡλικίαν
1507 1313 1667 1369 [πολυ-
1683 1320 1727 1352 15

174 1380 466 1440 τροπώτατος
496 1384 892 1440 μεταχειρίσασθαι
928 1381 1011 1441 τήν
1040 1378 1279 1440 ἀσέβειαν]
1349 1383 1419 1427 καὶ
1450 1382 1603 1426 αὐτίκα
1640 1379 1664 1427 ὁ

138 1447 461 1510 Οαῦτοκράτωρ
489 1450 540 1496 τὸ
572 1450 842 1509 ἐνδομυχοῧν
882 1451 1054 1496 ἐθέλων
1084 1454 1338 1508 παρασῦραι
1373 1454 1471 1504 ταῖς
1498 1455 1664 1495 πειθα-

177 1517 351 1578 νάγκαις
393 1522 702 1578 μετακαλεῖται
748 1518 826 1565 τὸν
869 1514 1006 1578 ἄνδρα
1034 1523 1142 1577 μεθ’
1175 1517 1301 1565 ὁσίου
1338 1517 1665 1581 προσχήματος.

176 1589 249 1633 καὶ
274 1587 353 1646 γὰρ
379 1590 452 1634 καὶ
478 1587 647 1634 θώκων
669 1588 940 1648 ὑπεξανέστη
960 1587 1086 1648 αὐτῷ
1105 1590 1178 1633 καὶ
1200 1589 1422 1646 καθέδρας
1442 1589 1663 1645 μετέδωκε

175 1658 249 1701 καὶ
292 1659 509 1716 τραπέζης
549 1660 631 1716 τῆς
675 1654 811 1716 αὐτῆς
853 1659 925 1702 καὶ
969 1655 1074 1716 ὅλην
1117 1655 1199 1716 τήν
1241 1655 1400 1714 ὁρμιὰν
1428 1660 1506 1715 τῆς
1534 1651 1668 1715 ἄγρας
1681 1666 1730 1699 20

175 1720 295 1784 αὐτῷ
325 1723 591 1781 κατεχάλασε
621 1727 694 1770 καὶ
723 1725 775 1770 τὸ
806 1720 1040 1783 ἄγκιστρον
1069 1725 1336 1782 περιπείρας
1356 1726 1666 1777 παντοδαποῖς

311 1861 345 1894 2.
371 1858 471 1899 τινὰς
496 1860 535 1905 C,
560 1858 641 1896 τινὰ
668 1860 708 1897 Ρ.
838 1861 872 1896 5.
896 1861 1003 1895 τοῦτο
1029 1861 1179 1906 scripsi:
1207 1861 1269 1907 τῷ,
1295 1874 1349 1895 τοι
1375 1860 1428 1896 sic
1453 1859 1522 1896 GP.
1614 1860 1668 1894 11.

308 1905 386 1943 ἀνω
419 1887 546 1966 αλόγει
563 1909 601 1946 C.
751 1910 805 1946 12.
835 1911 985 1949 πολλοῖς
1009 1909 1046 1953 C,
1073 1909 1230 1949 πολλοῦς
1254 1909 1293 1946 Ρ.
1395 1910 1451 1944 14.
1476 1909 1669 1952 κατεσκλη-

310 1954 383 1996 κώς
425 1955 472 1996 ὡς
497 1969 543 1993 ex
566 1971 589 1992 α
614 1970 663 1993 m.
687 1959 709 1992 2
733 1957 770 1993 C.
953 1959 1009 1994 15.
1034 1954 1353 2005 πολυτροπότατος
1376 1957 1415 2003 G,
1440 1969 1538 1994 corr.
1565 1969 1612 1992 m.
1636 1957 1668 1991 2.

310 2006 426 2041 verba
453 2002 779 2070 πολυτροπίότατος
807 2019 846 2048 μ.
874 2020 904 2042 τ.
931 2004 965 2044 ἅ
994 2006 1136 2043 seclusi.
1187 2007 1234 2043 cf.
1261 2008 1343 2052 351,
1365 2007 1424 2042 20.
1614 2007 1670 2040 18.

310 2052 417 2089 ὁσίου
441 2055 595 2100 scripsi.
620 2058 699 2090 οίου
723 2054 791 2091 CP.
981 2055 1034 2091 19.
1059 2053 1283 2113 ὑπεξανέστη
1310 2055 1348 2101 Ο,
1372 2052 1601 2098 ὑποξανέστη
1627 2053 1667 2089 Ρ.

310 2103 494 2150 καδέδρας
517 2103 557 2145 Ρ,
583 2104 739 2140 correxi.
890 2105 947 2140 20.
975 2102 1128 2151 ὁραιάν]
1154 2101 1192 2138 rc}
1217 2104 1257 2140 iu
1282 2115 1353 2140 ras.
1380 2116 1427 2139 m.
1454 2105 1476 2138 2
1502 2103 1540 2139 G.

175 2224 348 2272 paganda
361 2225 642 2273 Bogomilorum
661 2227 858 2273 impietate
872 2239 958 2264 cum
975 2226 1175 2264 duodecim
1192 2226 1396 2274 discipulis,
1411 2238 1503 2273 quos
1525 2229 1563 2262 et
1584 2238 1671 2273 apo-

175 2274 287 2310 stolos
320 2275 540 2321 nominavit,
569 2275 770 2322 discipulas
796 2288 945 2323 quoque
970 2275 1160 2322 quasdam,
1186 2275 1422 2311 mulierculas
1447 2286 1581 2321 pravas
1610 2287 1670 2310 ne-

176 2322 374 2369 feriasque,
407 2335 530 2360 seeum
568 2324 720 2360 trahens
766 2326 893 2361 omnia
936 2325 1132 2371 impietate
1173 2325 1413 2372 impleverat3
1460 2323 1670 2370 multasque.

177 2372 319 2406 animas
343 2372 443 2418 ignis
483 2373 679 2409 velocitate
717 2374 855 2409 malum
894 2373 997 2409 istud
1031 2373 1192 2409 incessit.
1256 2385 1325 2409 nec
1364 2351 1453 2408 tulit
1483 2372 1524 2407 id
1557 2373 1672 2419 impe-

177 2422 282 2455 lator
307 2421 346 2455 in
371 2420 616 2468 haeresinque
641 2422 835 2468 inquirens
857 2422 944 2459 duci
968 2422 1115 2458 curavit
1138 2421 1336 2457 nonnullos
1361 2433 1380 2457 e
1405 2421 1610 2467 Bogomilis
1634 2422 1672 2456 in

178 2469 343 2514 regiam,
381 2471 446 2515 qui
474 2482 601 2506 omnes
627 2471 805 2506 Basilium
831 2474 1113 2517 praeceptorem
1139 2482 1181 2506 ac
1205 2474 1327 2507 sectae
1355 2482 1442 2506 suae
1464 2469 1672 2516 praesidem

178 2517 432 2553 nominarunt.
489 2530 508 2554 e
543 2519 677 2564 quibus
703 2519 889 2555 Diblatius
923 2519 1092 2576 quidam,
1129 2531 1212 2555 eum
1246 2519 1286 2554 in
1319 2518 1489 2555 custodia
1522 2518 1673 2554 habitus

179 2564 290 2600 fateri
330 2566 463 2611 nollet,
504 2568 704 2603 tormentis
735 2569 941 2613 subiectus,
979 2569 1132 2614 quinam
1158 2570 1253 2603 esset
1281 2567 1438 2603 Basilius
1463 2567 1672 2613 quibusque

179 2614 359 2658 apostolis
375 2618 558 2658 uteretur,
573 2616 760 2652 confessus
775 2620 839 2652 est.
873 2628 983 2662 quem
1005 2619 1049 2651 ut
1070 2616 1351 2662 investigarent,
1365 2615 1524 2651 multis
1514 2627 1672 2662 lmpera-

179 2664 240 2696 tor
254 2662 433 2708 imperat:
451 2665 855 2711 comprehenditurque
870 2665 1074 2701 Satanaelis
1089 2664 1346 2711 archisatrapa
1362 2664 1520 2699 Basilius
1534 2664 1673 2700 vestitu

179 2710 395 2755 monachus,
429 2712 521 2748 facie
558 2713 720 2759 torrida,
753 2714 832 2749 sine
862 2714 993 2759 barba,
1022 2717 1168 2749 statura
1194 2713 1417 2759 praelongus
1457 2711 1510 2758 [in
1537 2724 1673 2769 propa-

179 2758 302 2804 ganda
327 2759 520 2805 impietate
536 2762 824 2808 callidissimus}
862 2762 918 2797 ibi
943 2763 1160 2808 imperator,
1179 2766 1460 2801 cumr-canum
1480 2761 1574 2796 illud
1594 2762 1672 2796 sine

180 2807 217 2842 vi
250 2807 390 2843 elicere
431 2810 696 2852 constituisset,
736 2811 865 2846 statim
887 2811 1012 2846 virum
1037 2810 1144 2847 licito
1186 2813 1383 2856 praetextu
1422 2821 1510 2845 usus
1547 2809 1595 2845 ad
1635 2820 1673 2844 se

182 2856 339 2891 vocavit.
413 2858 579 2893 venienti
627 2859 769 2895 seilicet
813 2859 1019 2895 assurrexit
1059 2870 1217 2905 eumque
1261 2858 1423 2894 assidere
1465 2869 1674 2904 ceum-eque

180 2914 304 2940 secum
330 2905 455 2951 iussit;
489 2909 601 2952 atque
626 2918 772 2942 omnem
797 2908 1037 2953 piscatoriam
1062 2907 1194 2943 liniam
1228 2909 1382 2943 mittens
1411 2907 1535 2943 varias
1561 2907 1671 2942 hamo
1709 2934 1734 2946 ,.
