1734 3120
206 218 285 261 322
712 226 877 264 ANNAE
907 226 1172 265 οοΜΝΕΝΑΕ

204 341 243 387 εὶ
282 341 360 401 τὴν
401 343 520 401 νίκην
563 340 737 387 θεόθεν
779 339 955 398 λάβοιεν
998 343 1069 385 καὶ
1119 340 1538 402 κατατροπώσαιντο
1586 343 1690 398 τοὺς

205 410 406 469 ἐχθρούς,
440 413 484 464 ἐς
511 410 682 468 μακρὰν
711 406 947 455 ἀποτελεῖν
977 408 1054 471 τὴν
1081 409 1370 470 καταδρομήν,
1393 407 1691 470 ἀρκουμένοις

161 481 252 524 Βδὲ
281 483 334 541 τῇ
355 482 566 539 δεδομένῃ
594 483 688 536 μετ’
719 475 920 534 εὐταξίας
939 476 1077 523 πάλιν
1104 476 1183 537 τὴν
1211 477 1504 541 ὑποστροφὴν
1524 499 1690 540 παρηγ-

202 546 282 606 γύα
314 553 475 594 ποιεῖν.
536 546 857 605 καταλαβόντες
893 539 969 591 οὖν
1004 545 1095 603 ἅμα
1134 549 1198 605 τῷ
1231 546 1520 606 αὐτοκράτορι
1549 547 1692 594 τόπον

202 614 298 661 τινὰ
313 636 337 662 *
353 617 637 674 διακείμενον,
658 616 878 674 ἑγχωρίως
896 613 1062 659 οὖτωσὶ
1078 620 1101 658 Ι
1110 615 1216 658 ἀΐτα
1235 615 1688 674 προσαγορευόμενον,
1704 628 1725 662 5

203 685 362 748 ἐκεῖνοι
394 686 474 742 μὲν
503 682 642 738 εὐθὺς
671 679 881 745 ἀπῄεσαν,
916 681 939 727 ὁ
970 683 1018 727 δὲ
1047 680 1223 740 ἀπάρας
1249 684 1431 728 ἐκεῖθεν
1460 683 1540 729 σὺν
1569 683 1691 738 ὅλαις

203 750 412 808 δυνάμεσι
441 750 520 811 τὴν
548 749 658 796 κατὰ
693 751 771 795 τὸν
801 752 1016 808 Πιθηκᾶν
1055 751 1330 809 διακειμένην
1367 751 1690 809 καταλαμβάνει

202 822 406 881 γέφυραν.
480 817 577 865 εἶτα
621 821 666 865 ἐν
711 821 852 876 τρισὶν
888 817 1069 877 ἡμέραις
1095 817 1167 863 διὰ
1196 823 1276 864 τοῦ
1305 816 1688 878 Ἀρμενοκάστρου

201 891 275 934 καὶ
303 892 393 934 τῶν
424 887 541 934 οὕτω
573 889 853 945 καλουμένων
872 889 1065 932 Λευκῶν
1094 888 1172 941 τὰς
1201 891 1286 932 τοῦ
1306 891 1530 946 Δορυλέου
1559 908 1690 934 κατα-

202 955 411 1015 λαμβάνει
442 956 666 1010 πεδιάδας,
701 952 970 1013 ἆποχρώσας
1000 958 1048 1001 δὲ
1079 954 1242 1018 ταύτας
1275 956 1390 1015 πρὸς
1419 957 1690 1016 παρατάξεις
1705 970 1734 1003 1(

201 1025 473 1085 κατανοήσας
501 1027 574 1070 καὶ
603 1026 752 1070 θέλων
782 1023 980 1078 ἅπαντας
1016 1023 1277 1070 θεάσασθαι
1305 1027 1379 1071 καὶ
1404 1025 1484 1086 τὴν
1517 1025 1689 1073 ὁπλιτι-

201 1092 279 1155 κὴν
309 1093 488 1147 πάντως
518 1093 746 1152 ἐγνωκέναι
780 1091 978 1150 δύναμιν,
1021 1089 1075 1151 ἣν
1113 1091 1247 1138 πάλιν
1285 1095 1412 1139 α’)’δινε
1441 1095 1690 1154 πολεμικήν

161 1172 188 1206 C
201 1161 402 1218 σύνταξιν
433 1164 505 1206 καὶ
528 1162 575 1206 ἓν
595 1162 833 1221 διφθέραις
852 1159 1066 1215 πολλάκις
1086 1161 1392 1221 συνεγράψατο
1412 1166 1688 1223 σχηματίζων

199 1230 277 1284 τας
308 1228 574 1288 παρατάξεις
604 1226 674 1290 (ἦν
703 1229 782 1288 γάρ
812 1226 913 1275 οὐδὲ
942 1234 1019 1289 τῆς
1039 1230 1265 1275 Λὶλιανοῦ
1287 1236 1495 1290 τακτικῆς
1514 1228 1686 1291 ἆδαής),

197 1298 357 1358 ταύτην
379 1298 489 1343 κατὰ
516 1298 595 1342 τόν
623 1296 931 1357 παρεστηκότα
969 1297 1070 1343 τότε
1106 1297 1259 1356 καιρὸν
1295 1300 1340 1344 ἐν
1369 1296 1564 1361 α’ληθείᾳ
1587 1318 1688 1346 συν-
1703 1313 1734 1345 11

197 1366 328 1423 τάξας
355 1366 464 1412 κατὰ
493 1366 545 1412 τὸ
580 1368 738 1411 πεδίον
773 1367 913 1411 ἐκεῖνο
957 1368 1372 1424 ἐστρατοπέδευσεν.
1438 1368 1569 1422 εἰδώς
1607 1368 1686 1427 γὰρ

198 1428 327 1489 οὗτος
356 1437 405 1492 ἐξ
430 1436 662 1493 ἐμπειρίας
691 1433 806 1479 πάνυ
835 1436 1016 1494 πολλῆς,
1050 1434 1119 1480 ὅτι
1151 1433 1176 1494 ἦ
1204 1435 1422 1496 Τουρκικὴ
1443 1435 1686 1494 παράταξις

197 1499 250 1548 οὔ
282 1503 392 1549 κατὰ
421 1502 499 1557 τὰς
527 1507 616 1547 τῶν
647 1498 791 1547 ἄλλων
813 1503 964 1548 ἐθνῶν
985 1501 1254 1560 παρατάξεις
1273 1506 1544 1564 συνέστηκεν,
1579 1502 1684 1560 οὐδ’,

196 1571 469 1631 ιὸςῗΌμηρός
498 1588 645 1631 φησιν,
676 1567 812 1624 ἀσπὶς
840 1572 876 1616 δ’
907 1566 974 1628 ἄρ’
1007 1569 1159 1617 ἀσπίδ’
1193 1571 1350 1631 ἔρειδε,
1376 1571 1509 1630 κόρυς
1538 1573 1683 1631 κόρυν,

194 1638 324 1698 α’νέρα
353 1642 389 1685 δ’
422 1635 542 1700 ἇνήρ,
575 1635 684 1684 ἄλλα
713 1641 785 1683 καὶ
814 1638 866 1684 τι)
897 1639 1043 1696 δεξιὸν
1080 1641 1209 1697 κέρας
1236 1645 1335 1694 τοῖς
1371 1640 1586 1700 Τούρκοις
1614 1644 1687 1687 καὶ
1699 1649 1734 1683 2(

193 1708 244 1753 τό
276 1706 503 1765 εὐώνυμον
531 1709 604 1752 καὶ
633 1705 685 1752 τὸ
715 1709 927 1764 μέτωπον
957 1703 1034 1752 ἄπ’
1075 1704 1276 1768 ἀλλήλων
1312 1710 1574 1755 διέσπασται.
1613 1713 1685 1755 καὶ

194 1775 423 1836 ἑστήκασιν
457 1771 557 1822 οἷον
587 1778 890 1835 ἀπερρωγυῖαι
921 1772 998 1821 ἄπ’
1038 1772 1238 1836 ἀλλήλων
1272 1775 1317 1822 αἶ
1350 1776 1579 1838 φάλαγγες,
1612 1781 1684 1824 καὶ

327 1871 359 1905 1.
387 1865 716 1921 καταροπώσαιντο
743 1870 780 1913 Ο,
811 1882 907 1906 corr.
934 1882 982 1906 m.
1009 1872 1042 1906 2.
1201 1873 1233 1907 2.
1261 1869 1526 1919 ἀρκουμένους]
1554 1885 1616 1911 ους
1640 1885 1685 1908 ex

325 1930 422 1954 corr.
447 1930 496 1954 m.
523 1919 545 1952 2
572 1918 609 1953 C.
795 1920 828 1954 5.
854 1919 1026 1955 lacunam
1051 1920 1206 1967 signavi.
1386 1922 1420 1956 7.
1445 1922 1623 1966 Πιθηκιῖν
1648 1921 1686 1966 C,

324 1967 494 2003 Πιθικᾶν
517 1966 559 2002 P.
708 1968 762 2002 12.
787 1966 926 2008 παντὸς
952 1968 1021 2013 GP,
1047 1970 1204 2005 correxi.
1346 1971 1400 2005 13.
1429 1969 1644 2018 διφθέραις]
1667 1981 1684 2004 ε

325 2026 370 2051 ex
401 2027 497 2051 corr.
526 2027 576 2051 m.
603 2016 626 2050 2
660 2014 696 2051 C.
850 2013 1136 2063 συνεγράψαντο
1162 2016 1220 2053 ΡΟ
1256 2017 1416 2054 correxi.
1627 2019 1684 2054 16.

325 2063 412 2110 γὰρ]
437 2077 483 2109 ap
510 2075 555 2099 ex
573 2075 672 2148 egr-1(-i
684 2076 733 2100 m.
751 2065 772 2098 2
790 2063 828 2099 C.
978 2067 1030 2102 19.
1060 2067 1095 2100 δ’
1119 2061 1176 2113 ἄρ’
1205 2045 1244 2110 ῤ’,
1271 2065 1304 2101 ‹5’
1332 2065 1373 2102 P.
1470 2063 1616 2110 ἀσπίδ’]
1645 2067 1686 2102 to*

325 2124 371 2147 ex
395 2123 493 2148 corr.
519 2123 569 2147 m.
674 2139 682 2147 .

191 2205 311 2241 adiuti
328 2205 521 2242 vincerent
545 2205 795 2252 fugarentque
820 2206 955 2250 hostes,
984 2210 1028 2242 ut
1051 2219 1098 2243 ne
1115 2210 1197 2243 tum
1224 2207 1377 2253 quidem
1393 2207 1540 2254 longius
1556 2219 1684 2244 excur-

190 2257 328 2299 rerent,
347 2254 411 2290 sed
431 2254 521 2290 data
539 2254 691 2290 fortuna
707 2256 877 2290 contenti
901 2255 1032 2291 ordine
1049 2268 1087 2291 se
1105 2257 1234 2292 statim
1253 2257 1476 2302 reciperent.
1500 2260 1683 2302 occupato

189 2303 308 2348 igitur
349 2315 421 2338 una
458 2314 543 2338 cum
596 2303 824 2349 imperatore
863 2303 944 2340 loco
991 2304 1154 2350 quodam
1196 2321 1212 2336 α
1255 2305 1342 2346 sito,
1380 2305 1446 2351 qui
1485 2305 1596 2340 Gaita
1634 2306 1680 2340 ab

189 2351 375 2397 indigenis
400 2354 566 2396 vocatur,
594 2352 781 2397 extemplo
821 2352 878 2387 illi
915 2353 1102 2398 abierunt,
1140 2353 1221 2398 ipse
1247 2356 1373 2389 autem
1398 2365 1482 2389 cum
1510 2354 1684 2389 omnibus

189 2400 275 2435 inde
300 2400 417 2445 copiis
443 2400 633 2445 profectus
658 2404 812 2445 pontem
836 2400 883 2436 ad
910 2401 1105 2437 Pithecam
1130 2402 1245 2437 situm
1283 2405 1443 2448 occupat
1477 2414 1519 2438 ac
1555 2402 1683 2438 triduo

190 2460 257 2493 per
284 2448 613 2484 Armenocastrum
640 2448 856 2494 Leucasque
881 2461 975 2495 quae
997 2453 1179 2486 vocantur
1204 2450 1357 2496 Dorylei
1382 2462 1533 2496 campos
1558 2452 1680 2496 petiit.

190 2508 282 2541 quos
306 2509 391 2532 cum
411 2500 519 2542 aptos
543 2497 688 2532 videret
720 2497 767 2532 ad
794 2498 911 2534 aciem
937 2498 1207 2544 explicandam,
1239 2499 1328 2544 quia
1361 2511 1488 2535 omnes
1521 2499 1683 2534 lustrare

189 2545 308 2579 voluit
322 2548 578 2591 armatamque
587 2546 662 2581 vim
677 2546 786 2591 plane
802 2558 1035 2592 cognoscere,
1047 2548 1151 2583 exiis
1165 2559 1260 2593 quae
1274 2547 1364 2583 olim
1379 2549 1504 2583 animo
1519 2547 1683 2594 agitarat

188 2595 226 2627 et
252 2604 359 2638 saepe
384 2595 424 2628 iu
452 2594 679 2629 membranis
699 2594 948 2640 descripserat
976 2595 1126 2631 ordines
1158 2600 1196 2631 et
1232 2596 1348 2632 aciem
1381 2596 1683 2632 conformaturus

187 2641 277 2685 (non
292 2645 372 2677 erat
386 2642 483 2676 enim
495 2642 599 2677 rudis
610 2642 758 2678 Aeliani
772 2643 951 2689 tactio-es),
961 2644 1061 2679 illam
1071 2645 1191 2690 igitur
1204 2645 1536 2680 conformationem
1553 2656 1683 2680 revera

187 2693 278 2725 tunc
303 2693 450 2725 secutus
478 2691 517 2725 in
544 2691 618 2726 ista
642 2691 799 2736 planitie
822 2695 945 2727 castra
964 2693 1099 2738 posuit.
1147 2705 1234 2728 nam
1255 2704 1339 2728 cum
1359 2692 1552 2729 didicisset
1569 2693 1681 2739 longo

189 2749 266 2779 usn,
284 2737 489 2773 'I'urcarum
515 2739 630 2774 aciem
657 2751 733 2774 non
750 2751 834 2775 cum
859 2741 992 2776 ceteris
1017 2740 1167 2787 populis
1192 2753 1410 2787 congruere,
1434 2753 1556 2787 neque
1581 2741 1681 2787 apud

189 2797 260 2827 eos,
288 2789 331 2821 ut
344 2786 526 2822 Homerus
551 2788 617 2830 ait,
640 2791 786 2823 scutum
814 2788 968 2824 haerere
993 2793 1110 2834 scuto,
1130 2789 1272 2836 galeam
1289 2790 1428 2836 galeae,
1444 2790 1526 2825 viro
1544 2790 1680 2834 virum,

187 2833 251 2868 sed
277 2837 314 2869 et
340 2834 513 2870 dextrum
542 2839 580 2870 et
608 2836 803 2871 sinistrum
828 2849 946 2872 cornu
971 2840 1009 2873 et
1032 2837 1193 2874 mediam
1221 2839 1337 2874 aciem
1353 2837 1485 2874 Turcis
1512 2837 1679 2884 disiungi

189 2885 474 2929 segregataeque
516 2894 593 2918 esse
635 2884 838 2931 phalanges
877 2886 970 2922 alias
1014 2886 1061 2922 ab
1102 2887 1202 2933 aliis;
1251 2889 1289 2922 et
1318 2887 1348 2923 si
1386 2886 1470 2933 quis
1502 2886 1678 2922 dextrum
