1780 3138
240 226 294 267 94
746 230 912 265 ANNAE
942 226 1210 264 ooMNENAE

238 351 370 406 κηνοῢ
401 347 631 405 χρυσίνους
664 344 984 396 πεντακοσίοις
1014 344 1247 401 στατῆρας.
1302 339 1328 387 ὁ
1347 341 1397 387 δὲ
1417 343 1613 402 ἀχθῆναι
1633 360 1733 388 του-

239 435 344 471 ‘cmg
348 416 718 501 κριθησομένους
739 414 970 469 ἐπέταξεν
994 410 1054 465 (ὃς
1071 413 1107 457 δ’
1128 409 1151 455 ὁ
1169 409 1310 467 Σύρος
1327 412 1512 465 εἵλκετο,
1536 412 1732 494 νοέιιίσας,

242 486 303 540 οἷς
340 486 416 531 ἐπὶ
455 488 517 544 τῶ
556 480 844 542 αναιρεθῆναι
881 477 1042 540 α’γεται,
1083 481 1156 524 καὶ
1194 475 1418 537 απογνούς
1455 483 1538 539 τῆς
1577 479 1736 525 ἑαυτοῦ

243 555 463 613 σωτηρίας
489 549 774 609 σπασάμενος
819 548 1038 607 μάχαιραν
1077 546 1187 592 κατὰ
1221 551 1312 592 τῶν
1351 546 1617 606 σπλάγχνων
1656 552 1737 592 τοῦ

249 621 493 675 Κάσπακος
537 615 680 665 00²9·ae-
724 619 1014 678 ἐπιστραφεὶς
1044 616 1091 661 δὲ·
1134 613 1316 677 πλήττει
1359 617 1432 661 καὶ
1468 616 1547 661 τὸν
1575 614 1773 661 τούτουὸ

245 689 468 748 ὁμαίμονα
496 689 602 746 περὶ
631 686 709 732 τὸν
737 705 889 746 μηρον.
951 702 1201 767 συγχυσεως
1231 686 1267 729 δ’
1305 685 1382 729 ἐπὶ
1418 682 1569 744 τούτῳ
1611 702 1733 743 γενο-

90 773 133 810 V
162 773 232 808 256
245 778 375 819 μενης
416 760 598 817 πολλῆς,
643 755 667 802 ὁ
705 757 786 814 μὲν
826 754 1078 813 Σαρακηνὸς
1114 750 1453 811 αποδιδράσκει,
1488 751 1531 798 οὶ
1576 755 1624 799 δὲ
1652 757 1738 799 τοῦ

203 826 406 874 Βστόλου
436 825 634 879 α’παντες
663 843 749 871 συν
778 820 931 878 αυτοῖς
964 824 1130 880 ἐρέταις
1166 821 1230 876 εἷς
1259 820 1338 881 τὴν
1367 820 1502 868 πόλιν
1532 818 1741 876 οἷτάκτως

244 895 447 958 εἰσῄεσαν
476 896 548 940 καὶ
580 892 748 947 πάντας
776 890 969 952 ανηλειῦς
989 887 1244 936 απέκτενον.
1282 909 1355 936 και
1375 883 1428 951 ἦν
1456 889 1570 937 ιδεῖν
1590 892 1741 948 θέαμα

246 963 438 1011 ἐλεεινὸν
464 962 572 1010 ωσεὶ
602 964 706 1008 δέκα
737 960 933 1018 χιλιάδας
954 957 1320 1014 αποκτανθέντας
1352 960 1397 1005 ἐν
1429 956 1552 1020 οξείᾳ
1584 962 1740 1017 καιροῦ
1755 965 1780 1001 11

245 1037 374 1094 ῥοπῇ.
435 1031 458 1077 ὁ
490 1034 538 1078 δὲ
569 1029 742 1084 Λούκας
770 1027 968 1088 Ἰωάννης
996 1026 1299 1087 περιαλγήσας
1327 1029 1403 1074 ἐπὶ
1428 1031 1482 1090 τῇ
1508 1032 1592 1073 τοῦ
1619 1025 1740 1073 Κάσ-

243 1120 388 1155 πακος
429 1097 649 1158 ιῗναιρέσει
681 1101 749 1160 ἐφ’
798 1098 948 1143 ικανόν
993 1095 1097 1151 όλος
1136 1089 1272 1151 αὖθις
1310 1100 1389 1158 τῆς
1426 1100 1509 1142 τοῦ
1548 1096 1740 1154 κάστρου

246 1171 483 1231 φροντίδος
526 1167 727 1228 ἐγεγόνει.
772 1165 1000 1223 ἐξελθών
1038 1167 1186 1211 τοίνυν
1230 1168 1302 1211 καὶ
1332 1163 1646 1225 περιαθρήσας
1688 1162 1743 1209 τὰ

245 1241 362 1298 τείχη
390 1237 468 1292 τάς
501 1256 549 1283 τε
580 1241 670 1282 τιῦν
707 1237 903 1281 ἐποίκων
932 1233 1107 1294 γνώμας
1135 1253 1257 1292 παρα
1287 1238 1378 1280 τῶν
1408 1233 1595 1280 ειδότων
1623 1251 1741 1290 ακρι-

243 1306 512 1365 βιασάμενος,
542 1308 641 1352 ἐπεὶ
668 1307 793 1364 χρεία
821 1306 1019 1364 γενναίου
1051 1303 1101 1364 ἢν
1130 1300 1300 1361 ανδρός,
1334 1322 1413 1362 τον
1440 1303 1630 1385 “Υαλεάν,
1666 1302 1741 1362 φέ-
1754 1311 1780 1347 ll

245 1394 395 1435 ριστον
422 1380 512 1421 τῶν
556 1371 700 1420 ἄλλων
740 1372 883 1428 εἰδώς,
924 1376 1061 1418 δοῦκα
1098 1376 1175 1434 τῆς
1212 1370 1414 1455 Σμυρνης
1452 1371 1740 1430 κατέστησεν·

243 1463 350 1507 ανηρ
391 1446 439 1491 δὲ
470 1463 601 1498 ουτος
642 1441 907 1502 ἀρειμάνιος.
967 1439 1225 1487 καταλιπών
1256 1442 1303 1487 δὲ
1335 1443 1408 1486 καὶ
1446 1459 1499 1486 το
1540 1438 1744 1486 ναυτικὸν

245 1513 365 1559 α’παν
396 1514 460 1568 εἰς
489 1532 550 1574 φτ
542 1512 687 1575 λακην
716 1510 1008 1592 τῆςΣμύρνης
1027 1507 1161 1565 αὖτος
1196 1509 1275 1564 τὰς
1303 1508 1510 1568 δυνάμεις
1530 1506 1743 1565 αναλαβό-

205 1594 231 1629 O
243 1601 375 1640 μενος
419 1581 535 1639 πρὸς
573 1580 651 1643 τὴν
691 1578 907 1642 Ἐφεσίων
946 1575 1102 1640 ηλαυνε
1145 1578 1270 1638 παρὰ
1310 1583 1389 1624 τοῦ
1429 1580 1742 1638 Ταγγριπερμη

245 1653 318 1696 καὶ
351 1655 431 1696 τοῦ
463 1649 656 1710 Μαράκη
687 1654 777 1695 τῶν
815 1654 1057 1708 σατραπῶν
1097 1650 1403 1709 κατεχομένην.
1444 1653 1604 1695 τοῦτον
1634 1654 1780 1694 θεά-21

244 1718 427 1777 σάμενοι
454 1717 495 1764 οἶ
532 1718 747 1777 βάρβαροι
788 1722 880 1764 κατ’
922 1715 1068 1764 αὐτῶν
1109 1717 1293 1777 ἱέμενον,
1335 1717 1629 1777 ὁπλισάμενοι
1668 1718 1741 1762 καὶ

241 1791 389 1847 σχῆμα
420 1789 619 1846 πολέμου
655 1790 761 1845 περὶ
791 1787 870 1849 τὴν
901 1787 989 1844 ἔξω
1022 1791 1101 1833 τοῦ
1135 1786 1328 1845 κάστρου
1367 1785 1559 1833 πεδιάδα
1595 1788 1739 1832 διατυ-

241 1853 472 1910 πώσαντες
512 1855 590 1910 τὰς
629 1854 852 1916 φάλαγγας
889 1855 1091 1915 ἔστησαν.
1159 1854 1183 1901 ὁ
1217 1857 1265 1901 δὲ
1297 1853 1406 1911 δούξ
1438 1856 1550 1914 μηδὲ
1579 1852 1738 1912 μικρόν

378 1962 408 1997 l.
434 1965 631 2020 χρυσίνους
655 1962 696 2004 F,
722 1965 898 2017 χρυσίους
922 1960 962 1996 Ρ.
1160 1962 1192 1996 2.
1245 1960 1280 1995 δ’
1305 1960 1348 2006 F,
1375 1960 1418 1995 δὲ
1444 1959 1485 1996 P.
1681 1959 1737 1995 12.

375 2006 459 2049 ὅλος
482 2010 525 2050 F,
553 2007 647 2049 ὅλως
671 1991 711 2046 P.
809 2007 982 2057 κάστρου]
1011 2013 1296 2046 Κωνσταντίνου
1322 2009 1362 2045 C.
1509 2010 1564 2045 15.
1593 2011 1738 2055 γενναί-

374 2072 417 2093 ου
441 2053 486 2103 ἦν
509 2059 551 2101 F,
578 2053 623 2104 ἦν
647 2062 822 2105 γενναίου
846 2058 888 2095 P.
987 2057 1123 2094 ὑαλέαν
1150 2058 1194 2104 F,
1222 2056 1357 2094 ‘Yaua
1382 2056 1424 2093 P.

241 2158 370 2194 audito
410 2161 612 2204 utrumque
648 2159 733 2195 duci
766 2155 915 2195 causam
942 2159 1133 2196 dicturum
1162 2157 1277 2195 iubet.
1328 2157 1617 2205 comprehensus
1655 2160 1737 2193 tum

241 2206 353 2253 Syrus
378 2207 552 2253 trahique
591 2219 628 2243 se
666 2207 712 2242 ad
738 2208 963 2254 supplicium
1000 2212 1105 2244 ratus
1138 2220 1180 2244 ac
1212 2208 1370 2244 salutem
1404 2218 1507 2242 suam
1536 2206 1737 2252 desperans

241 2256 414 2291 strictum
453 2267 520 2301 per
547 2254 718 2302 Caspacis
755 2257 898 2293 viscera
935 2257 1105 2303 gladium
1147 2256 1274 2303 adegit
1315 2261 1353 2292 et
1386 2267 1585 2292 conversus
1622 2256 1737 2290 etiam

240 2304 404 2339 eiusdem
431 2303 586 2340 fratrem
614 2306 653 2340 in
679 2305 819 2341 femore
845 2307 1042 2351 percussit.
1076 2306 1163 2341 hinc
1188 2305 1308 2341 multa
1333 2304 1622 2351 perturbatione
1649 2307 1733 2339 orta

240 2352 496 2398 Saracenoque
534 2352 658 2398 elapso
683 2354 864 2389 classiarii
888 2366 1015 2390 omnes
1041 2366 1125 2390 cum
1152 2355 1244 2400 ipsis
1269 2354 1476 2400 remigibus
1500 2353 1629 2388 urbem
1657 2353 1737 2387 sine

241 2401 372 2436 ordine
409 2402 647 2437 intraverunt
684 2406 912 2448 cunctosque
941 2403 1196 2438 crudelissime
1225 2402 1487 2445 trucidabant3
1524 2401 1736 2447 licebatque

240 2452 330 2485 tunc
354 2450 514 2496 lugubre
552 2451 804 2496 spectaculum
841 2452 979 2496 videre,
1014 2464 1099 2487 cum
1137 2451 1185 2487 ad
1219 2451 1348 2488 decem
1383 2450 1502 2486 millia
1538 2450 1734 2485 hominum

239 2510 315 2533 uno
359 2499 502 2544 impetu
545 2499 871 2536 obtruncarentur.
939 2500 1071 2546 Ducas,
1117 2501 1183 2536 ubi
1231 2500 1404 2546 Caspacis
1450 2500 1635 2535 iacturam
1679 2501 1736 2533 sat

239 2546 347 2590 luxit,
383 2546 505 2582 denuo
532 2547 579 2582 ad
605 2560 726 2584 arcem
753 2547 1033 2584 custodiendam
1066 2553 1168 2585 totus
1207 2548 1372 2584 attendit
1419 2547 1663 2593 lustratisque
1688 2547 1737 2582 ob

239 2594 280 2630 id
304 2595 420 2630 muris
445 2607 488 2631 ac
506 2596 644 2632 civium
673 2597 857 2632 sententia
875 2609 942 2642 per
965 2598 1107 2643 peritos
1132 2597 1301 2633 homines
1329 2596 1534 2643 explorata,
1560 2596 1737 2642 quoniam

240 2643 322 2679 viro
348 2642 439 2678 forti
455 2655 546 2689 opus
566 2656 605 2679 el
607 2648 657 2689 at,
665 2644 858 2700 ‘Hyaleam‚
874 2657 982 2691 quem
1001 2647 1169 2681 omnium
1189 2646 1374 2691 optimum
1392 2645 1543 2687 sciebat,
1558 2643 1738 2690 Smyrnae

241 2691 372 2727 ducem
399 2691 620 2738 declaravit3
637 2693 695 2728 vir
713 2694 811 2728 enim
827 2697 908 2729 erat
928 2694 1025 2730 bello
1045 2694 1283 2730 fortissimus.
1310 2695 1390 2740 ipse
1407 2693 1602 2729 navalibus
1617 2692 1736 2738 copiis

241 2740 414 2775 omnibus
456 2740 502 2775 ad
528 2740 723 2787 Smyrnam
762 2742 941 2777 tuendam
975 2743 1118 2778 relictis
1151 2743 1190 2778 in
1217 2742 1513 2789 Tangripermen
1553 2745 1590 2776 et
1616 2741 1736 2776 Mara-

241 2799 309 2824 cen
337 2791 515 2834 satrapas,
542 2790 607 2835 qui
627 2790 804 2835 Ephesios
827 2791 1082 2836 continebant,
1109 2803 1192 2827 cum
1212 2792 1347 2827 ceteris
1361 2791 1499 2837 pergit.
1525 2801 1634 2836 quem
1651 2801 1736 2825 con-

242 2837 379 2882 spicati
404 2837 557 2872 barbari
594 2839 632 2872 in
659 2850 696 2873 se
730 2838 1028 2884 proficiscentem
1066 2840 1144 2876 acie
1179 2840 1307 2875 statim
1346 2840 1533 2875 instructa
1570 2849 1736 2884 pugnam

229 2886 277 2927 ¹ei
300 2885 341 2920 in
366 2885 524 2931 planitie
548 2886 625 2922 arci
649 2887 815 2923 subiecta
839 2887 1014 2923 offerunt.
1049 2900 1092 2924 ac
1109 2888 1204 2924 nihil
1228 2888 1349 2925 Ducas
1362 2890 1561 2925 cunctatus
1587 2886 1737 2934 agmine
