1794 3132
504 233 559 269 m
585 230 873 267 Annxunnn
900 230 1062 268 nomn
1439 224 1522 272 433

44 351 155 395 unde
181 353 310 405 caput
335 353 375 394 et
399 350 533 394 ianua
561 349 688 393 totius
701 347 887 402 Apuliae
905 347 1060 391 dieitur
1078 349 1123 392 in
1143 348 1346 395 Chronico
1362 351 1520 397 Cassin.

43 409 116 452 lib.
137 409 177 451 2.
207 419 297 462 eap-
318 407 387 450 68.
416 407 459 450 et
486 405 599 462 apud
629 404 904 448 Guilielmum
934 404 1060 460 Apul.
1089 405 1162 449 lib.
1187 407 1227 449 3.

585 461 723 516 Caput
750 461 851 505 haec
879 465 971 505 erat
996 461 1169 506 urbibus
1198 462 1288 506 illis

158 519 372 572 Omnibus,
402 523 465 563 est
491 522 530 562 et
562 518 700 562 adhuc
729 531 834 573 quas
860 518 1043 561 continet
1070 518 1246 574 Appula
1275 518 1408 562 tellus.

44 578 114 622 Sic
141 589 239 621 vero
268 575 519 620 describitur
546 575 601 619 ab
630 574 772 618 eodem
802 573 1028 618 Guilielmo
1056 575 1128 619 lib.
1153 577 1190 619 1.

360 631 627 676 Normannis
652 631 914 674 intrantibus
941 645 1060 683 arva,
1089 635 1257 687 repente

156 689 310 744 Melfia
336 692 463 743 capta
485 689 592 743 fuit‚·
621 688 819 742 quicquid
838 688 1123 742 praedantur,
1154 689 1212 732 acl
1240 689 1361 732 illam

165 745 318 791 Urbem
346 746 568 789 deducunt.
613 744 712 788 Hac
740 744 836 787 sede
863 744 1060 787 Basilius
1088 749 1197 798 ante,

159 803 288 857 Quem
312 816 449 857 supra
475 802 659 854 memini,
687 801 877 844 modicas
898 801 1185 854 fabricaverat
1215 802 1349 856 aedes,

163 859 266 904 Esse
294 859 430 903 locum
459 872 632 902 cernens
659 858 860 912 inopinae
889 859 1205 902 commoditatis.

159 916 341 961 Accessu
360 915 516 971 populi
542 929 655 959 nunc
682 914 786 958 urbs
807 914 992 957 illustris
1015 915 1203 969 liabetur,

156 973 341 1017 Finibus
369 972 526 1016 Italiae
550 972 831 1025 celeberrima,
859 971 974 1014 dives
1004 973 1168 1016 amoeni

156 1029 398 1074 Fertilitate
426 1029 519 1086 loci,
549 1029 712 1074 Cereris
740 1042 814 1072 nec
843 1042 974 1084 eyena
1000 1042 1076 1072 nec
1104 1029 1255 1082 amnis,

157 1086 218 1130 Et
246 1100 330 1143 qua
350 1090 482 1141 parte
508 1087 594 1130 sita
618 1090 678 1130 est
707 1085 891 1141 insiynis
919 1084 1073 1129 honore
1100 1085 1272 1130 Ducali.

44 1144 151 1188 Vide
178 1144 342 1188 Notata
370 1143 425 1187 ad
453 1156 552 1199 pag.
575 1144 668 1187 161.

177 1196 274 1244 Δύο
305 1199 355 1243 δὲ
387 1199 547 1257 ηστην]
577 1199 769 1256 Quinque
784 1200 967 1243 Roberto
996 1200 1118 1243 natas
1148 1200 1337 1255 assignat
1356 1198 1564 1243 willel-B

42 1271 137 1300 mus
166 1256 478 1310 Gemetieensis‚
509 1259 551 1300 et
579 1269 627 1300 ex
646 1270 693 1301 eo
713 1257 933 1312 Philippus
952 1256 1152 1300 Mousloes
1180 1257 1224 1299 in
1240 1256 1352 1299 Hist.
1372 1256 1521 1299 Frane.

43 1314 133 1358 MS.
163 1327 342 1370 quarum
371 1313 520 1369 prima,
565 1313 705 1369 inquit
746 1314 855 1357 idem
887 1313 1090 1366 Muskius‚
1136 1312 1384 1368 Imperatori
1413 1312 1521 1355 Con-

44 1371 422 1426 stantinopolitano
463 1371 619 1425 enupta
670 1372 746 1423 est,
786 1370 950 1413 Helena
994 1369 1201 1423 videlicet,
1247 1369 1520 1413 Constantino

43 1428 187 1471 Dueae
215 1427 648 1484 Porphyrogennetae‚
680 1427 752 1483 qui
783 1440 808 1470 a
834 1429 951 1482 patre
979 1427 1253 1481 Imperatorio
1291 1425 1418 1468 titulo
1447 1425 1522 1468 do-

44 1486 168 1527 natus
197 1485 272 1537 aet,
302 1485 344 1527 et
375 1484 429 1527 ab
459 1484 585 1527 Anna
628 1497 724 1540 pag.
746 1485 814 1527 35.
847 1480 1061 1534 Βασιλεύς
1101 1483 1247 1526 itidem
1275 1482 1521 1538 appellatur,

43 1541 306 1596 desponsata.
373 1540 625 1584 Guilielmus
654 1541 781 1596 Apul.
811 1540 884 1584 lib.
911 1541 951 1582 2.
987 1540 1039 1583 de
1074 1539 1308 1596 Sigelgaita
1352 1537 1524 1582 Roberti

44 1610 196 1641 uxore:

178 1653 334 1698 Edidit
362 1653 463 1698 haec
482 1668 644 1708 pueros
669 1653 751 1697 sibi
780 1658 877 1708 tres,
906 1657 945 1697 ct
971 1654 1151 1709 quinque
1168 1651 1350 1707 puellas,

176 1710 412 1767 Eyrcyiam
438 1711 617 1754 sobolem
644 1724 770 1754 sexus
797 1711 1015 1765 utriusque
1038 1710 1242 1764 futuram.

193 1763 486 1824 Ῥαιμούντῳ]
521 1768 669 1811 Altera
690 1767 862 1812 Roberti
891 1767 980 1810 filia
994 1766 1237 1819 Mathildis‚
1266 1765 1523 1808 Raimundo-

45 1825 294 1880 Berengarii
321 1825 376 1868 H.
405 1824 642 1868 Marchioni
664 1826 707 1868 et
727 1823 883 1868 Comiti
909 1824 1131 1867 Barcinon.
1153 1823 1332 1878 primum
1367 1821 1522 1876 nupsit,

43 1881 194 1924 deinde
223 1881 433 1925 Aimerieo
463 1881 519 1924 H.
550 1881 801 1925 Viceeomiti
840 1880 1028 1923 Narbon.
1064 1880 1246 1935 Nuptias
1282 1877 1522 1929 Raimundi‚
1599 1929 1602 1931 Α

43 1939 93 1980 ut
121 1939 164 1980 et
194 1937 331 1990 Ebali,
361 1938 413 1981 de
441 1951 523 1993 quo
553 1951 661 1991 mox,
692 1937 841 1993 attigit
871 1936 1000 1980 Guin.
1030 1937 1157 1991 Apul.
1186 1936 1214 1978 1.
1235 1936 1274 1977 4.

178 1994 383 2038 Partibus
411 1994 630 2048 Esperiae‚
661 2008 781 2050 quem
807 1993 1058 2037 Barcinona
1086 1992 1294 2043 tremebat,

187 2051 365 2095 Venerat
380 2052 565 2108 insiynis
587 2051 730 2096 Comes
747 2052 856 2095 lianc
875 2050 1143 2094 Raimundus
1165 2049 1224 2092 ad
1241 2048 1395 2102 urbem,

185 2107 239 2152 Ut
267 2112 457 2163 nuptura
482 2108 619 2152 Ducis
648 2108 770 2151 detur
794 2107 877 2151 sibi
901 2107 996 2161 filia
1022 2119 1208 2161 poscm,

178 2165 293 2209 Huic
319 2166 459 2209 maior
484 2170 591 2209 natu
619 2169 797 2220 nuptum
825 2164 978 2208 datur:
1008 2164 1143 2206 altera
1170 2162 1315 2215 nupsit

176 2222 364 2278 Eqreqio
396 2222 547 2267 Gomiti
576 2223 843 2266 Francorum
872 2221 1094 2263 Stemmate
1121 2219 1260 2262 claro.-

176 2279 348 2323 Ebalus
372 2279 438 2324 hic
467 2280 616 2332 dictus,
645 2279 906 2322 succumbere
934 2278 1098 2320 nescius
1127 2275 1247 2328 hosti,

177 2335 417 2392 Belliqeras
446 2338 557 2380 acies
583 2336 643 2380 acl
658 2335 834 2390 praelia
866 2334 1014 2377 ducere
1042 2333 1196 2382 decim,

177 2393 241 2436 Et
263 2393 479 2448 facundus
505 2397 608 2449 erat,
640 2393 867 2448 linquaque
895 2403 1104 2444 manuque
1131 2388 1305 2443 vigebat.

44 2450 108 2493 De
137 2450 358 2494 Mathildis
388 2451 546 2505 nuptiis
576 2452 711 2505 agunt
745 2449 956 2503 praeterea
986 2447 1161 2489 Ioannes
1191 2443 1521 2508 Archidiaeonus

44 2507 242 2550 Barensis
269 2507 315 2549 in
335 2507 448 2550 Hist.
470 2507 634 2550 Invent.
656 2506 697 2550 S.
720 2505 865 2549 Sabini
896 2516 982 2557 cap.
1008 2504 1044 2545 1.
1074 2502 1128 2544 N.
1150 2502 1189 2543 2.
1221 2500 1365 2543 Surlta.
1393 2500 1521 2542 l1b.1.

42 2563 136 2606 Ind.
178 2564 274 2607 Ber.
321 2564 450 2619 Arag.
495 2564 577 2606 An.
607 2572 841 2606 MOLXXVI.
873 2559 990 2602 Will.
1035 2557 1219 2601 Catellus
1265 2556 1338 2599 lib.
1356 2556 1395 2598 4.
1427 2555 1521 2620 Ber.

45 2619 282 2664 Occitanar.
303 2634 343 2675 p.
359 2621 456 2663 583.
487 2621 642 2663 Baron.
660 2620 712 2661 A.
730 2627 863 2661 MXCI.
892 2616 946 2658 N.
966 2616 1029 2658 13.
1062 2613 1276 2657 Chifletius
1297 2626 1340 2654 m
1354 2611 1520 2655 Vindle.

43 2677 165 2733 Hisp.
195 2690 234 2732 p.
255 2677 352 2720 357.
392 2677 602 2720 Martinus
633 2675 813 2719 Carillus
842 2674 885 2715 in
914 2671 1066 2714 Annal.
1097 2671 1138 2712 et
1166 2669 1253 2712 alii.

179 2728 419 2790 Εὐβούλῳ]
469 2733 601 2776 Ebalo
648 2731 800 2775 Comiti
844 2727 1102 2778 Rueiacensi‚
1148 2738 1219 2768 seu
1262 2723 1314 2766 de
1356 2723 1521 2775 Roeeio‚
1537 2733 1564 2769 c

45 2789 119 2846 (de
146 2790 313 2847 Roucy)
351 2791 396 2833 in
438 2789 668 2844 Campania
707 2786 886 2838 Gallica,
929 2784 1015 2826 filio
1046 2781 1239 2825 Hilduini
1269 2779 1444 2845 Colnitis
1473 2779 1524 2844 (ie

45 2847 197 2892 Areies
223 2849 267 2892 et
310 2847 361 2891 de
389 2847 595 2891 Ramerut
627 2846 669 2888 et
696 2842 869 2894 Aeneis,
901 2840 1021 2883 Ebali
1053 2838 1225 2883 Comitis
1257 2837 1523 2879 Ruelacensls

115 2931 232 2969 Anna
255 2931 450 2969 Gomnena.
504 2932 562 2968 H.
1224 2923 1273 2958 23
