1806 3132
275 219 357 262 702
791 228 970 263 OAROLI
998 229 1239 264 DUCANGII

305 343 493 388 Calliclis
524 344 678 387 Versus
713 344 757 387 in
787 344 983 388 eximiam
1017 344 1189 388 Crucem
1222 345 1473 389 adornatam
1502 359 1527 389 a
1558 347 1740 391 Domina

745 413 1108 469 Porphyrogenita
1155 413 1293 457 Anna.

475 503 626 546 Proles
647 504 820 557 parenti
850 517 1059 558 aequaeva
1088 517 1214 558 qaam
1244 505 1428 547 moriens
1455 505 1561 548 mihi

417 559 558 604 Vitam
588 561 754 615 dedisti,
811 573 984 614 carpere
1011 574 1032 602 e
1060 559 1177 615 liyno
1207 560 1348 612 datur,

409 617 527 661 Licet
553 616 650 660 Eva
678 621 852 660 mortem
879 618 1020 659 nescia
1047 617 1146 660 hinc
1173 617 1274 660 olim
1306 618 1506 675 hauserit,

410 673 626 728 Diraeque
656 674 791 717 eladis
819 675 938 717 triste
965 673 1268 717 simulachrum
1293 675 1444 731 coleris,

410 731 642 774 Beatitatis
677 735 849 786 tanyere
877 730 943 774 liic
969 735 1144 784 portum
1175 746 1226 774 ar
1229 732 1316 783 deo

410 788 487 830 Me
515 787 747 842 liberosque
779 792 816 830 et
846 789 1064 842 eon-iuyem
1093 788 1139 830 in
1167 792 1254 831 tuto
1284 788 1440 843 locans,

409 845 536 889 Hanc
559 845 640 897 flos
668 846 842 888 nitentis
870 844 1099 898 Purpurae
1123 849 1160 887 et
1189 844 1356 899 Seeptri
1386 846 1521 898 decus,

409 901 606 945 Eudocia
635 902 736 944 olim
761 905 799 945 et
819 901 1011 945 arborem
1040 906 1079 944 et
1103 902 1290 956 fructum
1315 903 1442 946 dedit.

351 1036 429 1090 Εἷς
455 1035 533 1082 τὸν
555 1035 688 1082 καλὸν
716 1034 844 1092 ξύλον
863 1035 916 1081 τὸ
946 1037 1175 1094 κοσμηθέν
1204 1034 1293 1081 ὑπο
1324 1039 1402 1098 τῆς
1430 1037 1692 1095 Δεσποίνης.

482 1125 545 1174 Οὔ
570 1132 706 1173 ταῦτα
736 1126 914 1185 δρυμὸς,
948 1128 1050 1173 ουδὲ
1068 1127 1258 1199 κρανίου
1283 1125 1438 1183 τόπος,

409 1180 477 1229 Ἐν
507 1180 578 1239 οἷς
610 1183 748 1243 ἐπάγη
777 1189 911 1230 τοῦτο
942 1183 994 1230 τὸ
1026 1184 1160 1238 ξύλον
1190 1182 1341 1238 πάλαι,

410 1238 527 1287 Ἀλλ’
561 1243 653 1287 εστὶ
684 1240 1037 1312 λιθόστρωτος
1022 1241 1056 1314 ἢ
1078 1245 1266 1301 χρυσοῦς
1295 1241 1451 1311 τόπος,

410 1295 572 1344 Ἀνθεῖ
601 1301 649 1344 δὲ
678 1298 832 1344 λευκὸν
863 1295 1007 1352 &iv-909
1037 1299 1087 1345 ὲκ
1115 1304 1206 1345 τῶν
1234 1298 1480 1370 μαργάρων,

421 1354 607 1409 Τούτοις
611 1354 842 1427 φυτεύσει
865 1357 915 1401 σὲ
947 1355 1075 1412 ξίλοι
1105 1356 1351 1427 ζωνφόρον,

412 1416 570 1458 Δοκῶν
601 1411 624 1457 ὁ
654 1411 859 1483 λαμπτὴρ
892 1412 918 1474 ἡ
945 1415 1127 1467 Βασιλὶς
1157 1412 1329 1485 Εἰρήνη,

413 1469 606 1528 Καρπόν
636 1470 792 1529 γλυκιν
822 1475 1026 1528 τρυγῶσα
1057 1469 1135 1532 τὴν
1155 1472 1387 1530 σωτηρίαν.

492 1597 541 1640 In
570 1597 750 1652 Lignum
781 1596 925 1640 Crucis
957 1598 1009 1641 ab
1040 1598 1311 1653 Imperatrice
1342 1597 1551 1640 ornatum.

476 1686 577 1730 Non
607 1687 675 1730 illi
695 1687 813 1731 lacus
839 1689 1066 1743 sarzyuiriis
1099 1687 1260 1732 Christi
1287 1689 1410 1740 notis,

420 1743 493 1786 Vel
521 1757 640 1787 mons
670 1748 868 1788 eruentus
897 1745 964 1788 liis
991 1745 1065 1788 ubi
1094 1746 1307 1800 quondam
1334 1746 1446 1788 stetit

411 1800 565 1844 Ferale
594 1800 793 1856 Liqnum,
833 1801 977 1856 lapide
1006 1802 1079 1845 sed
1108 1801 1242 1845 Pario
1270 1802 1397 1853 locus,

411 1857 612 1912 Amoque
639 1862 811 1913 stratus,
841 1859 1071 1902 candidum
1100 1859 1275 1902 vibrans
1304 1859 1440 1913 iubar,

410 1913 568 1958 Baecis
597 1915 783 1967 decorus,
811 1919 850 1958 et
878 1915 1018 1959 Rubri
1046 1917 1196 1970 spoliis
1224 1915 1383 1969 Maris,

413 1970 531 2014 Haeo
562 1975 600 2014 te
627 1972 739 2015 inter
770 1971 932 2027 (Arbos
951 1973 1139 2026 perditis
1168 1973 1299 2016 vitam
1322 1972 1474 2028 ferens,

413 2028 551 2072 Solem
581 2033 618 2071 et
647 2029 854 2073 lacessens
881 2029 1058 2083 lumine)
1088 2029 1211 2072 Irene
1239 2030 1406 2082 inseret,

411 2085 484 2128 Ex
513 2084 572 2128 Te
603 2085 757 2129 salutis
787 2100 938 2130 aureos
959 2086 1127 2141 fruetus
1157 2086 1307 2142 leyens.

41 2199 222 2244 Pag.497.
234 2200 264 2234 A
412 2183 668 2243 Παντεχνὴς
697 2184 899 2253 Μιχαὴλ]
950 2188 1082 2242 Quem
1125 2201 1208 2231 non
1253 2189 1379 2232 semel
1409 2188 1518 2231 idem
1553 2188 1772 2243 Theophy-

276 2244 412 2287 lactus
439 2244 579 2287 innuit
614 2258 736 2287 suum
766 2245 851 2288 iam
884 2245 985 2288 olim
1017 2245 1146 2288 fuisse
1176 2245 1427 2300 discipulum
1457 2246 1498 2288 et
1526 2245 1593 2288 eui
1623 2246 1772 2299 gratu-

277 2301 391 2344 latur
419 2301 529 2356 quod
558 2301 602 2343 in
633 2302 904 2356 Imperatoris
925 2301 1135 2345 Medicum
1167 2302 1342 2345 allectus
1369 2302 1439 2352 sit,
1465 2302 1596 2356 Epist.
1618 2302 1686 2343 44.
1703 2302 1770 2344 47.

280 2359 344 2401 73.
379 2359 445 2401 74.
480 2358 522 2401 et
553 2358 618 2402 75.
678 2358 874 2401 Nicetam
904 2359 1118 2414 praeterea
1148 2359 1285 2402 nescio
1316 2371 1439 2414 quem
1468 2358 1608 2402 Alexii
1638 2357 1773 2400 Medi-

279 2427 374 2458 cum
406 2414 596 2458 nominat
625 2415 756 2470 Epist.
779 2416 846 2458 55.

41 2496 266 2544 Pag.500.A
415 2484 755 2543 Καταλαμβάνω
795 2484 850 2530 τὰ
887 2486 1123 2544 Μάγγανα]
1173 2489 1270 2531 Huc
1317 2488 1531 2532 referenda
1573 2501 1678 2544 quae
1722 2489 1772 2531 de

280 2545 424 2589 morbo
470 2546 512 2588 et
542 2546 655 2589 vitae
695 2546 808 2589 exitu
844 2546 981 2589 Alexii
1029 2546 1185 2589 habent
1225 2545 1409 2589 Zonaras
1453 2546 1494 2589 et
1531 2544 1684 2601 Glycas
1728 2545 1771 2587 in

281 2601 427 2645 Alexio
458 2603 499 2645 et
532 2602 703 2646 Nicetas
733 2603 778 2645 in
806 2603 975 2646 Ioanne.

42 2678 224 2726 Pag.502.
235 2677 268 2712 A
417 2675 841 2739 Πορφυρογένπητος
868 2670 1079 2742 Eudoxio]
1112 2675 1249 2719 Alexii
1276 2675 1378 2728 filia,
1417 2676 1534 2719 cuius
1564 2676 1773 2719 meminit

284 2731 476 2775 Callicles
504 2746 548 2775 ln
579 2746 624 2775 eo
657 2734 766 2788 quod
798 2733 1090 2788 descripsimus
1117 2732 1435 2787 Epigrammate
1466 2733 1507 2775 et
1537 2746 1663 2788 quam
1694 2733 1771 2775 Zo-

282 2801 406 2831 naras
452 2802 477 2832 a
526 2789 644 2844 patre
688 2790 775 2833 filio
820 2789 1087 2834 Constantini
1132 2789 1288 2832 Iasitae
1327 2787 1460 2844 (illius
1499 2789 1618 2844 forte,
1648 2802 1770 2844 quem

282 2844 407 2888 Anna
432 2845 504 2889 lib.
522 2846 560 2889 5.
607 2846 708 2889 Itali
738 2846 974 2890 auditorem
1002 2846 1130 2890 fuisse
1159 2844 1238 2902 ait)
1282 2845 1534 2889 collocatam
1563 2846 1606 2890 et
1636 2847 1690 2889 ab
1722 2858 1768 2889 eo
