1780 3138
511 227 779 262 ALEXIADIS
812 229 907 262 LIB.
937 229 1002 262 XI.
1032 225 1070 264 6.
1489 225 1542 266 97

44 341 93 386 δὲ
121 340 329 398 βασιλεὺς
349 339 424 387 διὰ
452 344 587 387 τοῦτο
618 343 692 387 καὶ
720 344 889 399 μᾶλλον
914 342 980 396 εἰς
1005 341 1226 400 βοίθειαν
1242 342 1389 391 αἰτῶν
1418 346 1545 394 ἐσκό-

43 428 122 455 πει
152 413 343 468 ταχῦναι,
375 407 456 456 κᾶν
483 408 680 464 ἅπαντες
705 407 847 462 ,αὐτὸν
866 419 946 471 τῆς
963 410 1169 472 τοιαύτης
1190 412 1333 474 ὁρμῆς
1353 413 1543 461 ἀνέκοπ-

42 496 132 526 τον.
209 479 310 524 ἐπεὶ
354 479 404 524 δὲ
456 477 694 537 βαρβάρων
740 480 835 524 κατ’
887 475 1026 526 αὐτοῦ
1079 480 1248 541 ἔφοδος
1296 481 1543 544 ἀμυθήτων

42 546 278 608 ἁπανταχῆ
307 547 660 608 διεκηρυκεύετο,
695 547 1124 607 ἐπικαταλαμβάνειν
1158 547 1293 596 αὐτὸν
1332 547 1414 613 ἤδη
1440 555 1542 636 (καὶ

6 615 123 676 δγὰρ
159 618 187 662 o‘
226 620 307 663 τοῦ
338 616 550 676 Χοροσάν
589 618 779 663 σουλτὰν
816 616 897 677 τὴν
932 626 1017 664 τοῦ
1055 616 1391 678 αυτοκράτορος
1429 620 1543 680 ὑπὲρ

42 688 134 730 τῶν
163 687 350 731 Κελτῶν
383 684 661 746 μεμαθηκώς
698 682 938 732 απέλευσιν
976 688 1056 732 τὸν
1092 687 1208 734 ι’διον
1244 687 1342 735 ιὶὸν
1369 686 1589 752 ἸσμαὴλΙ)

42 754 122 813 τὴν
147 755 301 814 κλῆσιν
328 751 550 812 απείρους
578 753 790 812 δυνάμεις
809 750 903 800 από
933 774 981 801 τε
1014 760 1095 802 τοῦ
1124 756 1338 815 Χοροσαν
1366 755 1458 804 ἇπό
1494 777 1542 804 τε

44 826 135 867 τῶν
164 825 468 882 πορρωτέρων
495 827 648 882 μερῶν
677 823 930 883 συναγαγών
958 827 1032 870 καὶ
1060 831 1286 885 καρτερῶς
1306 829 1545 885 ἐξοπλίσας

42 890 243 947 ἅπαντας
298 895 392 938 κατ’
450 888 594 938 αἰτοῦ
638 894 895 953 ἐξέπεμψεν
938 893 1241 954 ἐντειλάμενος
1291 896 1423 954 τάχος
1466 896 1545 943 τὸν

0 969 32 1005 ,0
41 958 347 1021 αὗτοκράτορα
368 963 614 1023 ἐφθακέναι
635 962 726 1020 πρό
748 967 829 1008 τοῦ
853 962 933 1025 τὴν
951 960 1227 1021 ,Ἀντιόχειαν
1245 969 1541 1023 καταλαβεῖν),

41 1030 122 1091 τὴν
150 1032 232 1088 μὲν
258 1029 313 1091 δὴ
343 1029 487 1091 ὁρμὴν
515 1035 596 1077 τοῦ
625 1027 967 1090 αὐτοκράτορος,
1000 1029 1051 1094 ἣν
1071 1029 1189 1090 εἶχεν
1218 1033 1331 1094 ὑπὲρ
1360 1043 1435 1095 τῆς
1454 1040 1545 1080 τῶν

42 1101 232 1144 Κελτῶν
259 1101 484 1159 σωτηρίας
511 1098 842 1160 διαχρήσασθαί
873 1119 922 1147 τε
967 1100 1177 1148 σπεύδων
1207 1104 1312 1158 τοῦς
1340 1105 1434 1149 κατ’
1466 1101 1544 1149 αὖ-

40 1172 132 1214 τῶν
162 1170 412 1223 λυττῶντας
446 1167 672 1227 Τοὺρκους
697 1171 770 1215 καὶ
801 1166 938 1215 αὐτόν
966 1169 1020 1232 δὴ
1050 1171 1131 1217 τὸν
1158 1170 1336 1217 τούτων
1351 1171 1545 1233 ἡγεμόνα

45 1236 330 1298 Κουρπαγάν,
359 1239 519 1295 ἐπέσχε
554 1237 611 1283 τὰ
639 1240 969 1297 διαμηνυθέντα
1008 1239 1100 1286 ὑπό
1132 1259 1181 1286 τε
1210 1248 1300 1286 τῶν
1329 1240 1542 1301 ἐληλυθό-

0 1315 30 1352 ,ὖ
40 1325 131 1352 των
145 1305 359 1366 Φράγγων
376 1305 467 1352 ὖπό
488 1325 537 1352 τε
558 1310 649 1352 τῶν
667 1308 746 1368 τὴν
765 1311 846 1353 τοῦ
865 1305 1044 1367 Ἰσμαὴλ
1063 1313 1157 1354 κατ’
1177 1307 1313 1356 αἰτοῦ
1329 1309 1543 1370 μηνυσάν-
1567 1324 1572 1328 ’

40 1394 132 1421 των
165 1376 366 1422 ἔλευσιν·
410 1376 624 1435 λογισμὸν
653 1378 702 1422 δὲ
731 1375 811 1422 τὸν
850 1375 1001 1422 εἰκότα
1041 1380 1147 1436 περὶ
1185 1383 1266 1424 τοῦ
1306 1381 1597 1437 μέλλοντοςΡ.
1625 1388 1695 1424 325

41 1442 289 1501 λαμβάνων,
322 1442 385 1499 ῶς
414 1442 636 1504 ἀμήχανον
665 1442 734 1503 εἴη
779 1448 966 1503 πρᾶγμα
997 1449 1142 1491 σῶσαι
1171 1444 1306 1492 πόλιν
1337 1441 1437 1504 ἷίρτι
1466 1447 1547 1504 μὲν

41 1511 133 1558 ὑπὸ
163 1517 255 1558 τῶν
282 1514 470 1558 Κελτῶν
498 1511 704 1567 ἁλοῦσαν,
736 1508 1020 1559 ἄστατοῦσαν
1041 1515 1080 1559 δ’
1114 1514 1182 1560 ἔτι
1213 1510 1295 1559 xvix
1325 1519 1416 1559 τῶν
1438 1514 1544 1571 ἔξω·

40 1585 128 1626 θεν
157 1579 248 1627 ὕπὸ
279 1585 370 1627 τῶν
398 1577 655 1641 Ἀγαρηνῶν
688 1578 845 1627 αὗτίκα
875 1584 1270 1643 πολιορκουμένην,
1310 1587 1402 1628 τῶν
1433 1585 1543 1628 Κελ-

0 1652 131 1695 Ιὶτῶν
159 1647 238 1704 τὰς
267 1647 498 1707 σωζούσας
526 1645 855 1708 ἀπεγνωκότων
886 1649 1074 1705 ἐλπίδας
1106 1653 1179 1696 καὶ
1208 1652 1546 1709 βουλευομένων

38 1723 119 1764 τοῦ
148 1721 230 1777 μὲν
259 1720 434 1775 τείχους
462 1717 632 1779 ἐρήμου
665 1723 988 1777 παραχωρῖσαι
1027 1725 1124 1774 τοῖς
1162 1722 1412 1778 πολεμίοις,
1445 1719 1546 1765 ἑαυ-

39 1786 145 1843 τούς
174 1789 223 1833 δὲ
250 1786 419 1846 μόνους
447 1792 699 1847 περισῶσαι
729 1787 803 1834 διὰ
832 1792 987 1851 φυγῆς.
1036 1789 1130 1835 ἔστι
1161 1790 1243 1847 μὲν
1272 1788 1352 1848 γὰρ
1372 1788 1424 1834 τὸ
1455 1792 1545 1833 τῶν

41 1859 228 1902 Κελτῶν
256 1858 382 1916 γένος
407 1856 520 1902 κατὰ
548 1861 640 1902 τῶν
677 1852 825 1902 ἷίλλων
854 1854 1111 1915 αὖτόνομόν
1139 1875 1189 1903 τε
1219 1860 1294 1903 καὶ
1320 1854 1542 1915 α’ξὺμβοψ

175 1941 210 1975 6.
236 1937 439 1976 ἀπέλευσιν
463 1939 538 1984 FC,
562 1939 758 1975 ἕπέλευσιν
780 1939 821 1975 Ρ.
923 1942 955 1975 7.
980 1940 1044 1975 τοῦ
1069 1939 1141 1982 FC,
1166 1941 1242 1976 τῶν
1266 1940 1304 1976 Ρ.
1387 1941 1420 1975 8.
1452 1953 1543 1986 πρυ·

174 1991 293 2035 τέρων
317 1988 355 2024 C.
546 1990 602 2025 12.
628 1984 805 2024 σπεύδων
829 1986 913 2027 τοὺς
940 1985 1125 2036 Τοὺρκους
1151 1989 1202 2035 F;
1227 2003 1259 2025 τ.
1289 1993 1331 2024 Τ.
1358 1985 1542 2034 expunxit

174 2036 257 2074 ead.
283 2049 332 2073 m.
431 2033 553 2073 αἰτῶι
577 2037 729 2084 scripsi:
758 2035 870 2072 αὐτοῦ
888 2036 929 2073 P.
1055 2039 1109 2073 13.
1136 2039 1339 2077 λυττῶντας
1364 2037 1437 2080 FC,
1464 2050 1539 2072 τυτ-

175 2087 315 2126 τῶντας
340 2085 383 2122 Ρ.
548 2087 603 2122 15.
629 2086 704 2122 τῶν
728 2086 871 2122 addidi.
1023 2087 1079 2122 18.
1106 2086 1150 2122 δὲ
1175 2087 1219 2123 F.
1362 2087 1420 2122 23.
1449 2085 1541 2121 κατὰ

177 2136 331 2182 scripsi:
356 2133 452 2183 μετὰ
477 2134 520 2171 P.

39 2216 146 2250 rator
173 2225 216 2249 eo
242 2213 363 2259 magis
388 2211 437 2248 ad
462 2212 646 2248 auxilium
677 2212 946 2248 maturandum
979 2212 1274 2258 accendebatur,
1314 2223 1542 2259 quamquam

11 2289 14 2291 Α
40 2274 170 2298 omnes
194 2261 348 2308 quidem
374 2273 398 2297 a
420 2261 488 2297 tali
513 2273 599 2297 eum
623 2262 769 2308 impetu
794 2261 1034 2298 revocabant.
1084 2261 1150 2297 sed
1176 2273 1262 2298 cum
1280 2261 1419 2308 ubique
1445 2261 1544 2297 fama

41 2310 350 2358 percrebruisset,
380 2310 586 2346 adventare
612 2311 835 2347 immensam
851 2311 998 2357 copiam
1016 2310 1280 2356 barbarorum,
1296 2322 1389 2356 quos
1404 2310 1541 2346 Choro-

40 2361 141 2396 sanis
177 2359 347 2395 sultanus
371 2358 419 2395 de
451 2360 692 2405 imperatoris
728 2371 798 2406 pro
824 2359 940 2395 Gallis
972 2359 1213 2405 expeditione
1248 2360 1388 2395 certior
1422 2359 1543 2395 factus

129 2410 182 2444 im
205 2420 254 2444 ex
279 2408 493 2444 Chorosane
518 2409 658 2454 partim
683 2420 728 2444 ex
754 2408 1001 2444 ulterioribus
1027 2408 1247 2455 regionibus
1272 2408 1470 2445 arcessitos
1505 2411 1544 2443 et

40 2457 135 2494 duee
159 2457 316 2493 Ismaele
344 2456 424 2492 filio
454 2461 620 2493 armatos
647 2457 825 2493 adversus
850 2457 1107 2493 Romanorum
1148 2457 1287 2503 copias,
1323 2457 1543 2502 priusquam

21 2506 284 2543 Antiochiam
310 2506 579 2552 pervenissent,
613 2506 792 2542 festinare
822 2508 993 2551 iusserat,
1020 2506 1262 2552 imperatoris
1286 2506 1471 2551 impetum
1499 2504 1542 2539 li·

38 2555 199 2592 beraudi
223 2554 349 2591 Gallos
372 2554 599 2601 delendique
623 2555 764 2591 Turcas
797 2558 932 2591 contra
963 2555 1048 2591 illos
1082 2555 1249 2590 furentes
1286 2566 1372 2590 cum
1401 2554 1542 2600 Curpa-

39 2615 136 2652 gane
160 2604 255 2640 duce
285 2607 324 2640 et
348 2604 504 2640 nuntius
541 2615 653 2650 quem
679 2604 913 2640 Francorum
944 2603 1060 2650 legati
1086 2603 1295 2639 attulerant
1331 2606 1371 2639 et
1406 2614 1541 2649 appro—

40 2653 261 2700 pinquantis
284 2652 452 2688 lsmaelis
479 2652 580 2688 fama
612 2652 879 2689 cohibuerunt·
929 2653 1005 2688 iam
1038 2652 1100 2691 de.
1122 2651 1253 2688 futuro
1288 2652 1371 2687 veri
1403 2651 1542 2687 similia

41 2702 254 2758 expendens
275 2701 465 2737 intellexit
489 2702 622 2737 urbem
648 2713 670 2737 a
696 2702 813 2738 Gallis
838 2713 960 2747 nuper
984 2705 1133 2747 captam
1162 2701 1304 2737 servari
1329 2712 1405 2736 non
1423 2712 1541 2747 posse,

40 2750 264 2797 praesertim
283 2762 370 2786 cum
390 2750 558 2786 nondum
571 2750 723 2786 firmata
740 2763 783 2787 ea
795 2753 1089 2796 oppugnataque
1100 2750 1231 2785 statim
1248 2749 1481 2785 extrinsecus
1494 2749 1542 2783 ab

0 2801 227 2846 Agarenis
265 2798 506 2845 desperantes
532 2799 629 2835 Galli
654 2801 773 2835 muris
797 2799 940 2835 relictis
965 2798 1065 2834 hosti
1088 2798 1220 2834 cedere
1243 2802 1357 2844 atque
1386 2798 1425 2833 in
1453 2798 1543 2843 fuga

3 2846 201 2885 alutem
234 2859 339 2884 suam
376 2859 556 2894 quaerere
581 2849 806 2904 cogitarent.
865 2847 1058 2883 Gallorum
1088 2848 1189 2883 enim
1219 2848 1325 2882 natio
1350 2859 1418 2883 nec
1442 2847 1543 2892 leges

2 2891 203 2934 1111010111
228 2908 296 2933 nec
322 2896 480 2933 consilia
515 2897 688 2943 sequitur
713 2908 833 2942 neque
869 2897 952 2942 ipsa
976 2896 1053 2932 ulla
1085 2897 1125 2932 111
1149 2895 1248 2932 bello
1286 2897 1409 2932 utitur
1434 2894 1543 2930 disci-

115 2967 232 3005 Amta
255 2967 451 3005 comnena.
501 2969 558 3006 H.
670 2969 674 2973 ’
1258 2968 1281 3004 ’1
