1806 3132
63 850 83 871 *
95 850 211 886 Anna

0 909 85 945 pay.
98 901 266 935 143152.

228 2433 261 2468 D

232 2510 265 2545 D

285 202 370 248 526
808 214 987 251 GARom
1018 215 1260 252 DUCANGII

284 329 367 372 An.
397 339 595 374 MLXVIII
616 329 657 372 et
679 329 884 373 Thomam
901 330 1275 386 Walsinghamum
1294 330 1510 386 probabile
1530 332 1614 383 est;
1644 332 1781 376 filium

283 386 443 429 scilicet
487 386 645 430 Odonis
692 387 961 441 Redonensis,
1007 387 1259 431 Penteuriae
1304 387 1493 440 Comitis,
1538 388 1669 433 Alani
1701 391 1781 434 III.

284 443 533 487 Britanniae
571 444 701 486 Ducis
745 445 950 499 nepotem,
997 444 1070 500 qui
1100 444 1364 488 Willelmum
1411 446 1615 500 Nothum,
1663 447 1780 490 cuius

284 500 482 555 Diploma
513 513 587 555 pro
617 501 876 544 Monasterio
904 501 1240 557 Sandionysiano
1268 502 1495 546 subscribit
1522 503 1634 558 apud
1665 504 1781 547 Dou-

283 557 445 600 bletum
475 557 547 600 lib.
568 558 607 599 3.
639 570 728 613 cap.
755 559 819 600 12.
851 558 894 600 in
925 558 1129 613 Angliam
1169 559 1350 615 secutUS,
1390 572 1530 603 rerum
1569 561 1781 615 praeclare

282 614 498 668 gestarum
529 614 667 670 gloria
692 628 774 658 non
806 615 968 658 modice
1000 615 1213 668 inclaruit,
1244 616 1349 658 fusis
1381 617 1423 659 et
1449 616 1598 660 deletis
1619 617 1780 661 duobus

283 671 465 715 Haraldi
487 671 615 727 Regis
646 671 758 714 filiis.
808 672 858 714 In
887 672 1059 715 Italiam
1087 673 1231 727 postea
1267 673 1477 727 profectus
1499 673 1779 718 Guiscardum

283 728 403 781 adiit,
438 741 463 771 a
490 741 572 783 (1110
606 727 932 781 Constabularii‚
966 742 1073 783 quae
1100 730 1191 771 tum
1223 742 1418 784 suprema
1449 731 1552 783 erat,
1590 731 1780 787 dignita-

282 786 369 828 tem
399 785 595 837 obtinuit,
628 785 739 840 quod
776 786 844 828 hic
873 786 1035 829 indicat
1066 787 1212 829 Anna:
1242 800 1326 841 qua
1353 788 1481 830 etiam
1511 788 1780 843 fungebatur,

285 855 380 885 cum
413 843 539 896 capta
569 843 621 885 ab
653 842 854 895 Alexim*
885 844 953 885 0111
982 843 1054 886 1116
1075 845 1266 898 praeerat
1289 843 1494 897 Castoria,
1516 844 1561 887 in
1582 845 1779 900 patriam,

282 900 361 942 hoc
392 901 454 942 est
497 899 543 941 in
575 899 761 952 Italiam,
793 899 932 942 rediit.
997 900 1111 943 Nam
1158 901 1236 943 sub
1266 900 1448 956 Rogerio
1492 901 1621 955 Duce,
1674 903 1782 945 Boe-

283 956 429 999 mundi
458 956 600 1008 fratre,
635 957 680 998 in
712 956 870 1010 Apulia
901 958 942 1002 et
974 956 1170 1000 Calabria
1204 957 1348 1001 eodem
1381 958 1577 1001 functum
1609 972 1781 1003 munere

282 1013 436 1056 docent
464 1014 623 1056 veteres
663 1013 835 1056 chartae
880 1026 1086 1057 annorum
1132 1024 1306 1058 MXOIII.
1353 1016 1394 1058 et
1437 1025 1626 1060 MXCVII.
1675 1029 1780 1071 quas

281 1070 440 1125 profert
469 1070 513 1112 in
544 1070 761 1125 Episcopis
790 1070 1102 1125 Melphensibus
1124 1071 1370 1115 Fernandus
1390 1073 1609 1128 Ughellus.
1659 1073 1781 1117 Unde

281 1127 398 1182 patet
420 1127 622 1169 Brienum
653 1140 737 1170 non
760 1127 1011 1180 Boemundi,
1043 1128 1113 1171 sed
1130 1128 1305 1171 Roberti
1336 1142 1408 1172 3611
1443 1130 1583 1184 potius
1600 1130 1782 1185 Apuliae

282 1184 652 1227 Constabularium
697 1184 836 1227 fuisse.
895 1185 1131 1227 Boemundi
1173 1198 1270 1229 vero
1303 1185 1651 1230 Constabularius
1693 1200 1781 1230 me-

281 1242 471 1284 moratur
500 1241 669 1283 Nobilis
699 1241 984 1294 Normannus,
1029 1242 1198 1286 nomine
1235 1243 1419 1298 Ilgyrus,
1458 1244 1531 1299 qui
1568 1245 1780 1287 Boemun-

280 1298 381 1341 dum
412 1298 456 1340 in
489 1297 677 1341 Galliam
710 1299 938 1341 comitatus
970 1299 1085 1342 venit
1129 1313 1238 1343 anno
1284 1310 1418 1344 MCVT.
1465 1301 1514 1343 111
1557 1302 1681 1344 autor
1716 1301 1779 1344 est

280 1355 513 1398 Eadmerus
544 1355 616 1398 lib.
637 1355 678 1397 4.
710 1355 942 1408 Novorum,
982 1369 1007 1399 a
1053 1369 1136 1411 quo
1178 1356 1397 1412 Mayister
1434 1357 1618 1401 militum
1666 1358 1777 1402 Boe-

278 1413 430 1455 mundi
461 1412 710 1467 appellatur.
769 1413 837 1455 Ab
867 1413 946 1455 hoc
977 1413 1130 1456 Brieno
1160 1414 1369 1457 familiam
1399 1415 1614 1458 Baronum
1638 1415 1778 1459 Castri

280 1469 438 1522 Brieni,
470 1482 541 1511 seu
570 1469 620 1512 de
653 1468 968 1513 Chateaubrien
1007 1470 1051 1512 in
1084 1471 1310 1514 Britannia
1340 1472 1576 1525 Armorica,
1615 1473 1779 1515 orditur

279 1526 547 1581 Augustinus
587 1527 644 1569 du
674 1526 764 1569 Pas
803 1527 845 1569 in
879 1526 1030 1569 Famil.
1076 1527 1287 1571 Armoric.
1335 1528 1443 1571 Vide
1474 1528 1603 1572 Gesta
1635 1529 1777 1584 Steph.

278 1583 382 1639 Reg.
419 1583 547 1638 Angl.
580 1583 651 1626 lib.
678 1585 713 1626 1.
749 1584 790 1626 et
820 1585 860 1626 2.
892 1585 934 1626 61
964 1584 1251 1639 Argentreum
1280 1585 1325 1627 in
1356 1586 1469 1629 Hist.
1501 1586 1614 1629 Brit.
1644 1587 1717 1630 lib.
1735 1587 1775 1629 4.

278 1652 368 1695 cap.
389 1641 458 1683 40.
493 1640 714 1683 Caeterum
745 1640 950 1695 praelium
980 1641 1095 1684 istud
1127 1642 1181 1684 ad
1197 1642 1409 1686 Larissam
1440 1643 1499 1686 sic
1529 1643 1778 1699 perstringit

277 1696 531 1741 Guillelmus
561 1697 833 1752 Apuliensis:

469 1776 698 1820 Obsidione
727 1791 830 1820 suae
858 1777 1054 1821 turbatus
1081 1778 1263 1822 Alexius
1292 1779 1412 1823 urbis

467 1833 702 1877 Innumera
732 1848 826 1878 cum
854 1839 976 1890 900το
1007 1836 1131 1888 venit,
1155 1850 1434 1891 pugnamque
1462 1837 1627 1881 virilem

471 1889 633 1934 Contra
661 1891 938 1935 Normannos
962 1894 1161 1936 exercuit.
1209 1893 1343 1936 Obvia
1370 1907 1551 1949 namque

467 1948 711 2004 Puynando
741 1949 880 1992 caedit
910 1950 992 1992 sibi
1020 1964 1125 2005 yens
1155 1951 1355 1994 comitata
1383 1950 1606 2004 Brienum,

465 2006 567 2049 Non
585 2007 797 2049 modicum
816 2011 1011 2060 spectans
1030 2007 1313 2051 Boamundus
1334 2008 1509 2051 collibus
1527 2024 1690 2065 090100,

465 2062 646 2117 Imperii
667 2064 841 2117 pariter
870 2063 1090 2107 Rectorem
1119 2065 1253 2108 eredit
1280 2065 1436 2108 adesse.

466 2120 609 2163 Irruit
638 2124 675 2163 et
705 2121 895 2175 trepidos
923 2121 1070 2175 hostes,
1104 2126 1151 2165 ut
1179 2122 1300 2165 nisus
1329 2122 1524 2176 alaudas,

467 2177 726 2232 Insequitur,
751 2178 913 2232 populo
946 2178 1207 2223 Graecorum
1240 2180 1446 2223 exereitus
1475 2180 1601 2224 huius

470 2235 609 2290 Terqa
638 2235 738 2278 dat.-
769 2239 814 2279 at
842 2239 986 2279 tantus
1015 2238 1199 2279 contenit
1219 2237 1369 2291 pulvis
1396 2241 1632 2294 utrumque,

473 2291 527 2335 Ut
559 2296 706 2335 neuter
735 2292 888 2346 videat,
920 2307 1120 2348 quorsum
1136 2307 1249 2348 pars
1277 2294 1414 2338 altera
1444 2295 1590 2338 tendit.

465 2349 629 2393 Abdita
657 2349 876 2405 sylvarum
904 2351 1005 2394 vieti
1024 2351 1189 2404 petiere
1216 2350 1405 2407 Pelasyi.

413 2422 502 2465 Καὶ
531 2420 611 2479 γὰρ
644 2419 818 2475 Κελτὸς
846 2417 986 2483 ἀνήρ]
1021 2424 1130 2467 Vide
1160 2438 1257 2480 pag.
1277 2426 1374 2468 398.

412 2496 617 2540 Πεὸίλων
649 2494 947 2554 προάλματα]
985 2498 1229 2543 Calcarium
1249 2499 1416 2543 aculeos
1435 2499 1564 2543 vertit
1584 2500 1772 2544 eruditus

277 2554 500 2609 Interpres.
565 2556 736 2608 Verum,
768 2556 843 2599 aut
872 2556 1010 2608 fallor,
1051 2556 1257 2612 intelligit
1286 2556 1412 2600 Anna
1443 2557 1522 2599 hoc
1553 2557 1645 2600 1000
1675 2571 1772 2612 pro-

278 2611 480 2654 minentes
512 2612 553 2655 et
582 2612 697 2655 ultra
722 2613 874 2667 pedum
916 2613 1228 2669 longitudinem
1267 2614 1528 2668 prosilientes
1566 2615 1772 2658 extremas

275 2667 653 2711 calceamentorum
674 2670 827 2723 partes,
852 2670 1085 2713 desinentes
1107 2671 1150 2712 in
1171 2683 1346 2713 acumen
1366 2671 1600 2725 quoddam:
1631 2673 1772 2714 cuius-

275 2724 388 2766 modi
419 2725 558 2768 vidcre
579 2726 640 2768 est
661 2726 706 2767 in
728 2726 936 2782 plerisque
957 2727 1177 2770 Nobilium
1199 2728 1468 2770 Nostratium
1489 2727 1769 2780 simulachris,

273 2793 323 2823 ac
343 2781 587 2835 praesertim
609 2783 653 2824 in
675 2782 910 2826 Comitibus
932 2784 1187 2827 Hollandiae
1212 2784 1398 2839 Philippi
1419 2783 1596 2838 Gallaei,
1619 2785 1770 2840 quibus

272 2837 373 2882 visis
418 2850 537 2881 nemo
570 2839 632 2882 est
663 2839 735 2895 qui
774 2853 857 2883 non
890 2841 1001 2884 ultro
1032 2841 1219 2885 fateatur
1248 2841 1316 2884 his
1341 2841 1581 2885 extantibus
1614 2841 1771 2886 aculeis
