1806 3132
509 239 564 273 m
592 237 880 272 Amxumm
909 239 1072 274 NOTAE
1452 234 1534 276 635

58 352 255 398 Ganiendi
296 353 415 408 md
457 351 644 396 Graecos
686 356 748 396 est
790 354 864 408 qui
904 367 1050 397 euram
1090 358 1130 397 et
1172 355 1402 399 mediam
1428 357 1537 411 yen‘t

60 409 266 462 Cuniculi,
300 409 349 453 id
382 413 444 453 aet
481 409 806 461 Atrammztarii,
851 423 903 453 ex
932 424 1012 465 quo
1054 410 1294 465 Imperator
1328 412 1538 465 foenieeas

57 467 206 511 literas
232 466 382 510 scribit
408 467 457 509 in
485 465 655 509 chartis,
713 466 782 510 Ita
812 479 908 509 vero
936 466 1094 510 dictum
1128 467 1395 521 Kan'daecov,
1427 469 1537 524 quod

58 522 250 567 Cuniculi
278 523 459 566 formam
489 522 754 578 effigiemque
786 536 885 577 prae
914 536 957 566 se
986 523 1123 575 ferret,
1152 524 1217 567 uti
1246 537 1371 579 snpra
1400 525 1539 568 obser-

58 582 204 624 vatum
234 579 415 635 acl-pag.
437 580 507 622 62.
563 579 703 622 Huius
732 579 955 634 dignitatis
981 580 1124 623 crebra
1153 581 1215 623 est
1244 581 1398 624 mentio
1428 581 1538 636 apud

59 636 291 691 Scriptores
319 635 591 692 Byzantinos,
622 636 733 690 apud
762 635 985 692 Scylitzem
1014 636 1059 679 in
1088 637 1292 680 Michaele
1311 637 1475 693 Rhang.
1496 638 1539 680 et

60 692 340 738 Constantino
369 692 517 736 Leonis
546 692 593 735 F.
626 692 832 735 Zonaram
860 692 903 734 in
926 693 1166 748 Theophilo‚
1197 693 1372 736 Leonem
1389 692 1539 736 Gram-

58 750 200 794 matic.
228 748 275 792 in
297 747 585 800 Constantino,
606 749 803 792 Nicetam
830 748 875 791 in
905 749 1019 792 Man.
1050 750 1123 792 lib.
1148 751 1184 791 1.
1213 749 1267 792 N.
1289 751 1327 792 3.
1358 750 1401 792 in
1422 750 1538 792 Alex.

57 807 175 850 Man.
205 805 253 849 1⁴¹.
281 805 338 849 N.
361 806 426 848 18.
456 806 501 848 in
530 805 649 848 Alex.
678 806 790 861 Ang.
825 805 899 848 lib.
921 807 961 848 2.
989 805 1043 848 N.
1064 807 1103 848 4.
1134 806 1329 860 Acropol.
1362 818 1450 861 cap.
1471 806 1538 848 79.

59 864 101 907 et
132 862 278 906 Codin.
313 862 365 905 de
388 861 505 917 Orig.
539 861 622 905 GP.
656 875 752 918 pag.
774 862 843 904 52.
887 862 999 904 Edit.
1030 862 1134 918 Reg.
1169 864 1211 905 et
1238 862 1311 905 lib.
1341 862 1391 905 de
1420 862 1538 905 Offic.

61 920 203 972 Extat,
239 919 382 974 inquit
412 918 614 962 Seldenus
652 919 725 962 lib.
762 919 813 961 de
843 918 974 961 Titul.
1012 919 1155 961 honor.
1192 920 1300 974 part.
1323 920 1359 961 1.
1391 932 1479 973 cap.
1500 919 1539 961 6.

61 976 117 1020 N.
139 977 179 1019 6.
218 975 264 1018 in
291 975 558 1019 Bibliotheca
588 975 717 1031 Regis
749 974 1011 1018 Christianis.
1049 969 1246 1018 Ἰωάννου
1277 976 1355 1017 τοῦ
1387 977 1542 1029 Καμα-

60 1049 310 1140 0
336 1030 719 1144 ..Καψό
748 1047 1324 1142 ..⁰⁹

59 1145 185 1190 σιλέα
226 1137 313 1188 ‘cciv⁴
346 1121 775 1202 πορφυρογέννητον.
851 1144 1001 1188 Codice
1044 1121 1191 1201 nempe
1222 1146 1315 1188 149.
1359 1145 1401 1187 et
1442 1145 1538 1187 559.

63 1201 339 1246 Κανικλείων
356 1202 514 1246 dicitur
535 1201 763 1257 Gregentio
783 1202 827 1244 in
849 1202 1063 1256 Disputat.
1084 1215 1179 1257 pag.
1200 1203 1295 1244 201.
1327 1199 1543 1256 Κανίκλης

60 1260 190 1304 Leoni
229 1259 518 1303 Grammatico
556 1272 653 1315 pag.
674 1260 771 1302 461.
802 1259 897 1302 491.
945 1258 1191 1302 Caniclinus
1225 1258 1351 1314 Tyrio
1379 1257 1453 1301 lib.
1475 1258 1541 1299 22.

63 1330 154 1372 cap.
175 1317 203 1360 6
228 1317 272 1360 et
299 1315 515 1360 Gunthero
549 1316 622 1359 lib.
645 1317 684 1359 8.
715 1315 857 1370 Ligur.
917 1315 1005 1358 Nec
1046 1315 1233 1358 diversus
1273 1314 1355 1356 fuit
1398 1310 1422 1354 ὃ
1467 1312 1542 1355 ἐπὶ

63 1371 326 1416 Κανικλείου
358 1386 384 1416 a
414 1373 662 1428 Logotheta,
692 1385 816 1427 penes
860 1384 982 1427 quem
1028 1372 1152 1414 autor
1191 1372 1254 1414 aet
1284 1370 1454 1413 Nicetas
1497 1370 1542 1412 in

61 1431 178 1474 Man.
206 1430 281 1474 lib.
301 1430 342 1472 4.
372 1429 428 1473 N.
447 1430 488 1473 4.
520 1429 647 1472 fuisse
666 1442 740 1472 vas
760 1428 868 1471 illud
888 1428 1347 1483 Purpuramentarium,
1368 1426 1544 1482 gemmis

65 1488 109 1530 et
137 1499 239 1530 auro
266 1486 529 1538 distinctum,
559 1486 604 1528 in
641 1498 723 1541 quo
754 1485 914 1528 scilicet
953 1485 1248 1528 asservabatur
1277 1483 1545 1532 Encaustum,

62 1557 145 1645 (Ῑοιέ)
162 1544 326 1642 Aurea58
341 1543 491 1643 liqullfg
506 1543 751 1642 obsignagias
768 1543 809 1640 ett
832 1541 1097 1641 sulfscripgas1
1103 1541 1297 1639 testsstuii)
1299 1538 1496 1638 Codinugzc
1495 1538 1546 1637 dg

133 1613 272 1643 .ca.
320 1633 330 1643 .
404 1634 414 1643 .
494 1633 504 1642 .
577 1612 628 1642 uo
714 1611 846 1642 iceae
905 1610 978 1641 oco
1047 1610 1148 1640 oex
1221 1608 1370 1639 araro
1425 1608 1449 1638 a
1497 1608 1524 1637 u

62 1657 206 1710 habet,
232 1612 583 1712 Ιἑίρυσόβουλλῃᾳν
610 1651 723 1710 μετὰ
752 1654 897 1697 λίθων
923 1654 1151 1709 λαμπρῶν,
1186 1654 1265 1696 hoc
1292 1609 1546 1702 whgfiulla-

63 1714 188 1766 rium,
219 1726 294 1757 seu
322 1713 488 1770 Typum
517 1713 796 1769 Sigillarium,
827 1724 908 1767 quo
939 1711 1088 1754 Bullae
1116 1711 1229 1765 ipsae
1247 1707 1544 1763 imprimeban-

62 1771 153 1813 tur:
197 1769 309 1814 unde
354 1770 584 1825 colligitur,
627 1770 669 1812 et
697 1769 1031 1811 Encaustarium
1068 1768 1109 1810 et
1137 1766 1384 1809 Bullarium
1422 1775 1543 1818 penos

63 1827 343 1882 Logothetam
373 1826 514 1869 fuisse.
570 1825 620 1869 Id
650 1827 863 1879 praeterea
893 1825 1064 1868 observo
1095 1836 1141 1866 ex
1170 1823 1301 1865 Leone
1322 1820 1544 1864 Gramma-

64 1884 150 1926 tico
178 1884 221 1926 et
249 1883 431 1940 Scylitze
455 1882 735 1926 scribentibus
767 1882 813 1924 in
843 1881 1058 1932 Michaele,
1087 1878 1284 1929 Bardam,
1305 1876 1543 1919 Tbeoctisto

64 1939 301 1996 Logotheta
343 1939 538 1992 extincto,
571 1939 756 1982 Caniclei
799 1938 1052 1993 dignitatem
1097 1937 1141 1978 in
1181 1947 1224 1977 se
1266 1932 1542 1982 transtulisse,

65 1997 143 2040 hoc
169 1997 244 2048 aet,
274 1997 534 2053 Logothetae
563 1996 724 2047 Dromi,
770 2007 852 2050 qua
891 1994 1060 2036 functus
1103 1991 1239 2035 fuerat
1268 1989 1542 2038 Theoctistus,

64 2053 118 2097 ad
163 2066 304 2109 quam,
346 2052 477 2097 officii
518 2053 620 2107 iure,
649 2053 813 2095 Aureae
843 2051 992 2093 Bullae
1036 2047 1285 2102 subscriptio
1315 2044 1543 2111 spectabat.

66 2109 187 2154 Unde
212 2111 326 2153 recte
354 2109 591 2153 Radevicus
620 2110 694 2152 lib.
716 2111 755 2152 3.
791 2109 841 2151 de
871 2106 984 2150 Gest.
1016 2105 1128 2148 Frid.
1162 2103 1438 2152 (hammum,
1464 2100 1544 2142 Νι-

66 2168 180 2210 oetas
221 2179 319 2210 vero
362 2167 408 2209 in
450 2166 566 2210 Man.
596 2166 669 2209 lib.
687 2167 725 2208 7.
758 2165 811 2208 Ν.
837 2166 871 2207 1.
917 2163 1194 2219 Logothetam
1233 2157 1545 2221 Cancellariwff

64 2223 410 2279 interpretantur.
449 2223 610 2278 Quippe
633 2235 755 2278 penes
779 2220 1082 2265 Cancellarium
1103 2214 1406 2260 Atramentarii
1421 2213 1544 2310 Rigu

67 2293 167 2324 cura
196 2280 360 2324 extitit:
406 2280 642 2324 Concilium
677 2279 931 2321 Duziacense
961 2277 990 2318 Ι.
1021 2276 1137 2330 palte
1157 2275 1195 2316 2.
1227 2285 1316 2326 cap.
1338 2272 1405 2313 33.
1437 2326 1445 2334 ⁸
1490 2282 1543 2323 9⁰

67 2341 207 2381 autem
234 2337 341 2380 iussi
372 2336 559 2380 Odonem
587 2337 650 2379 ire
678 2336 737 2379 ad
769 2333 1076 2378 Cancellarium
1112 2330 1243 2385 Reyis
1292 2331 1329 2370 et
1356 2339 1543 2389 accepere

67 2394 121 2437 ab
163 2393 240 2436 {llo
281 2392 590 2450 Pergamenum
635 2397 673 2436 et
701 2390 1077 2439 Atramentarium,
1117 2390 1155 2429 et
1199 2384 1394 2428 scriberet
1421 2381 1543 2424 allum

68 2451 162 2494 cito.
218 2450 360 2506 Atque
399 2463 447 2493 ex
475 2450 528 2493 iis
573 2448 852 2493 emendandus
898 2447 1085 2500 Rogerus
1129 2441 1287 2485 Hoved.
1329 2452 1425 2504 pag.
1446 2438 1541 2479 596.

70 2507 154 2561 Qui
192 2506 337 2560 fuerat
373 2506 664 2551 Gamellarizes
707 2503 994 2558 Imperatoris
1037 2513 1155 2555 quem
1199 2497 1353 2540 Graeev
1396 2497 1544 2559 vocant

69 2563 261 2607 Laueete.
319 2563 561 2618 Legendum
589 2563 698 2606 enim
729 2559 1010 2615 Loyothetam.
1062 2555 1141 2600 Sed
1172 2557 1212 2597 et
1241 2553 1406 2595 videtur
1434 2550 1544 2616 {deni

69 2620 197 2664 fuisse
241 2632 337 2662 cum
364 2619 696 2663 Protoaseeretis
738 2619 782 2660 in
804 2616 921 2658 VIII.
952 2612 1129 2668 Synodo,
1163 2611 1256 2653 Act.
1277 2610 1341 2652 10.
1392 2610 1453 2648 To
1496 2604 1544 2647 δε

69 2677 148 2744 τῆς]
176 2677 348 2745 γραφῆς
373 2673 628 2746 ἲὖπρλοιπον
661 2668 931 2742 stygiam-(5109
957 2663 1273 2732 Χριστοφόρου
1304 2666 1544 2763 Ιέριιίτασνέ-

69 2723 1335 2833 sr⁰a²3eef⁶bzzzzz²sszsf²..irrffirffsssursss
1357 2731 1542 2820 aa...

71 2846 114 2890 et
142 2845 328 2890 Goarum
358 2847 413 2890 ad
444 2846 663 2890 Codinum.
