1734 3120
520 203 574 237 m
601 202 890 237 ALEXIADEM
920 204 1083 238 NOTAE
1458 197 1543 239 423

61 319 181 364 Offic.
210 332 300 375 cap.
319 319 359 362 5.
387 318 442 362 N.
461 319 499 362 7.
536 317 678 361 Latini
706 329 802 359 vero
827 316 1095 368 Dant-arios,
1134 319 1244 373 quod
1281 319 1437 371 dextra,
1478 321 1543 364 vel

61 389 191 420 manu
235 375 498 419 ducerentur.
569 374 746 417 Ioannes
789 374 839 416 de
875 374 1032 417 Ianua:
1071 374 1333 419 Dextrarius
1374 377 1542 432 dicitur,

59 434 159 489 quia
196 447 280 487 per
325 433 521 476 dextram
563 430 745 474 ducitur.
816 430 994 474 Iacobus
1039 430 1275 474 Cardiualis
1317 433 1389 476 lib.
1410 435 1449 475 2.
1493 433 1543 476 de

61 490 257 533 Coronat.
278 488 489 532 Bonifacii
506 487 625 531 VIII.
659 499 749 541 cap.
770 487 809 529 9.

260 544 367 589 Post
393 546 536 600 ipsum
563 543 800 599 quadratus
828 556 956 597 equus
986 544 1175 587 detextus
1198 545 1256 587 ad
1285 549 1381 587 ante

264 601 459 658 quneus
485 601 545 645 ad
570 601 764 644 dactram
791 599 968 643 vehitur.

61 654 219 713 Δεξιόν
244 657 392 701 ἵππον
436 657 543 701 dixit
581 657 663 700 Leo
693 655 1007 700 Grammaticus
1035 658 1080 699 in
1108 657 1323 701 Michaele.
1383 657 1463 702 Sed
1493 658 1543 700 de

60 715 293 760 Dextrariis
317 715 438 771 plura
466 727 542 758 nos
569 714 615 756 in
644 712 859 757 Glossario
890 713 944 756 ad
974 714 1329 757 Villharduinum.

190 768 418 828 Ἁλουργῷ
449 769 701 829 ἒφεστρίὸι]
754 770 1012 825 Byzantinos
1056 772 1273 826 Augustos
1318 771 1459 825 palliis
1503 771 1589 814 etA

58 829 262 885 stragulis
315 828 536 884 purpureis
591 839 730 882 equoS‚
767 827 948 869 maxime
991 827 1245 877 Dextrarios,
1290 827 1544 879 instravisse,

60 886 127 930 sat
160 885 308 929 multis
347 884 606 929 ostendimus
649 883 704 927 ad
747 883 939 926 eumdem
967 883 1173 927 Villhard.
1211 884 1265 927 N.
1294 885 1361 926 83.
1420 883 1543 926 Addo

58 943 170 986 hunc
197 954 356 987 morem
386 941 574 985 hausisse
600 940 697 983 illos
723 954 748 983 a
769 940 920 991 Persis,
951 953 975 983 a
1007 941 1158 995 quibus
1182 941 1378 996 pleraque
1406 941 1544 995 regio-

60 1012 155 1042 rum
184 999 528 1042 ornamentorum
559 998 602 1040 et
631 997 864 1053 insignium
903 999 1160 1051 acceperant.
1222 997 1292 1040 Sic
1322 997 1432 1040 enim
1462 997 1543 1039 Xe-

59 1056 227 1111 nophon
253 1055 327 1099 lib.
347 1056 387 1099 8.
417 1053 525 1110 περὶ
554 1049 708 1109 Κύρου
738 1053 862 1096 nacci.
901 1053 998 1122 Cyri
1029 1054 1299 1109 magnificum
1337 1054 1542 1096 incessum

58 1112 307 1164 describens,
350 1107 394 1154 οὶ
424 1111 462 1155 δ’
492 1104 612 1168 αὐτῷ
643 1106 780 1167 Κύρῳ
806 1125 1075 1167 τρεφομενοι
1115 1110 1255 1153 ἵπποι
1292 1106 1543 1166 παρήγοντο

58 1164 374 1225 χρυσοχάλινοι,
407 1167 654 1225 ῥαβδωτοῖς
672 1162 864 1222 ἱματίοις
884 1165 1283 1222 καταπεπταμένοι,
1305 1165 1419 1223 ἀμφὶ
1439 1161 1544 1216 τούς

59 1224 326 1277 διακοσίους.
368 1225 420 1269 V.
450 1226 622 1269 Annam
649 1237 748 1280 pag.
772 1224 865 1268 140.

188 1278 450 1340 Ῥομφαίας]
486 1281 754 1337 Romphaeae
784 1280 943 1324 Codino
971 1281 1170 1324 dicuntur
1196 1275 1434 1335 Κοντάρια,
1471 1292 1544 1322 seu
1558 1291 1592 1325 A

58 1335 237 1394 Δόρατα
264 1336 596 1395 κεχρυσωμένον
625 1334 782 1391 ἔχοντα
812 1334 952 1391 ξύλον.
995 1339 1144 1381 Annae
1174 1337 1246 1380 lib.
1265 1339 1305 1380 5.
1334 1350 1430 1392 pag.
1450 1336 1544 1378 140.

58 1391 307 1463 οξργυριξηλα
345 1393 525 1462 δόρατα.
562 1395 636 1439 lib.
658 1396 698 1438 6.
731 1396 772 1438 et
796 1396 860 1438 11.
898 1408 993 1460 pag.
1020 1395 1113 1459 1755
1137 1395 1230 1459 176.
1246 1395 1302 1459 ⁸et
1328 1406 1424 1448 pag.
1448 1392 1544 1434 314.

57 1448 1544 1578 {fflzffloefflffi‘sfflffiffsffigaziz‘ffitfflssssssssffsgt33¹3}

60 1581 120 1611 πε
149 1583 166 1610 ι
194 1582 328 1610 αιτον
357 1581 631 1623 σκηπτουχοι
665 1565 735 1623 εφ’
775 1565 934 1607 ἳππων
975 1563 1292 1620 κεκοσμημένοι
1332 1579 1412 1606 συν
1448 1564 1545 1612 τοῖς

60 1617 398 1724 assas&
413 1619 534 1736 aa
561 1620 1545 1733 caussatussumm

58 1737 232 1793 yladius
259 1751 311 1781 ex
354 1741 534 1792 utraque
565 1741 691 1791 parte
732 1740 891 1790 amatus,
932 1749 1057 1790 quam
1098 1734 1222 1789 vulyo
1269 1738 1438 1788 spatam
1477 1731 1545 1774 di-

59 1798 171 1838 cunt.
228 1793 342 1849 Ipsa
370 1798 431 1838 est
464 1798 504 1837 et
536 1793 718 1847 fmmca.
787 1793 945 1847 Papiae
990 1791 1217 1834 assentitur
1247 1791 1367 1833 Abbo
1410 1789 1483 1832 lib.
1503 1790 1543 1830 2.

58 1851 108 1894 de
137 1851 248 1895 bello
277 1851 414 1895 Paris.

191 1907 356 1952 Nostra
383 1921 559 1951 manens
586 1907 732 1958 turris,
762 1906 947 1962 clypeus,
975 1919 1051 1948 nec
1079 1918 1165 1947 non
1195 1904 1386 1946 bisacuta

192 1964 456 2020 Emptam,
480 1966 609 2019 fortis
639 1967 679 2007 et
707 1977 835 2006 arcus
864 1967 967 2011 crat,
995 1962 1201 2016 sortisque
1228 1960 1398 2014 saqitta.

58 2021 196 2064 Gloss.
242 2021 479 2065 Graecolat.
522 2019 734 2077 ῥομφαία,
775 2021 956 2074 framea,
1001 2018 1206 2073 cladium.
1287 2014 1545 2069 Romphaeas

56 2078 257 2121 tenebant
281 2079 463 2134 quatuor
492 2091 539 2121 ex
569 2077 909 2121 honoratioribus
942 2075 1204 2125 Proceribus,
1234 2072 1322 2115 bini
1351 2070 1546 2113 videlicet

58 2147 106 2177 ex
126 2135 315 2190 qualibet
343 2135 476 2190 parte,
506 2135 643 2179 latera
662 2133 935 2189 Imperatoris
963 2133 1164 2187 tegentes,
1197 2129 1269 2185 qui
1299 2127 1395 2170 inde
1421 2122 1545 2179 Ῥομ-

58 2187 383 2292 φωοῇἷὰξορες
419 2191 522 2235 dicti
560 2191 718 2236 Codino
758 2189 809 2233 de
846 2189 966 2233 Offic.
1006 2201 1094 2242 cap.
1120 2187 1183 2230 17.
1217 2186 1270 2230 N.
1292 2186 1360 2227 54.
1398 2182 1545 2237 Corip-

86 2261 134 2291 us
228 2281 237 2290 .
289 2282 299 2292 .

57 2261 85 2303 p
261 2305 444 2362 Pilaque
466 2307 704 2361 suspici-unt
732 2304 818 2347 alto
847 2303 1112 2358 splendentia
1140 2301 1256 2353 ferro

260 2362 407 2407 Aurea
435 2367 475 2405 et
504 2366 680 2407 auratos
708 2374 833 2405 conos
861 2362 1093 2413 cristasque
1118 2357 1322 2399 rubentes.

195 2419 486 2477 Θωρακιόίῳ]
549 2418 798 2475 BryenniUS,
847 2412 1047 2469 καλύψας
1092 2418 1143 2455 τὸ
1186 2409 1436 2466 πρόσωπον
1478 2409 1588 2466 τῴΒ

55 2470 365 2535 ἆπῃωρημένῳ
395 2476 616 2531 θωρακίδι
655 2476 709 2517 τ’
739 2471 914 2528 κόρυθι.
984 2472 1124 2514 Editio
1156 2470 1304 2511 Annae
1333 2467 1544 2510 Hoesche-

57 2535 173 2578 liana
204 2532 472 2590 θωρακησίῳ
501 2534 641 2577 habet.
682 2492 895 2575 {uoculae
923 2528 1144 2572 loriculam
1164 2526 1208 2590 in
1239 2524 1375 2567 fronte
1398 2523 1543 2588 gaieae

58 2590 304 2646 pendentem
322 2591 387 2634 his
412 2591 517 2634 locis
535 2589 839 2644 interpretatur
859 2586 1047 2629 eruditus
1067 2584 1286 2630 Possmus;
1316 2593 1408 2624 eam
1429 2579 1543 2622 vlde-

55 2648 157 2691 licet
184 2648 343 2703 galeae,
372 2661 445 2691 seu
467 2647 606 2703 potius
625 2643 764 2700 ἐλμοῦ
791 2645 956 2698 partem
989 2639 1266 2684 foraminibus
1285 2637 1542 2684 distinctam,

57 2717 162 2760 quae
192 2705 335 2748 laxata
365 2705 442 2748 aut
469 2704 649 2747 demissa
684 2702 848 2744 vultum
882 2698 1064 2754 tegebat.
1116 2694 1278 2738 Nasale
1305 2693 1541 2748 appellatur

56 2762 110 2805 ab
139 2761 319 2816 Aegidio
362 2761 413 2804 de
451 2762 571 2816 Roya
600 2759 681 2802 Au.
710 2766 971 2801 MGCCLxxl.
1015 2752 1126 2809 quod
1170 2764 1318 2816 nasum
1361 2749 1541 2814 demissa

58 2820 232 2874 tegeret.
286 2818 445 2862 Visiere
487 2816 656 2869 nostris,
689 2814 797 2857 unde
837 2811 1015 2868 βιζηέρα
1046 2809 1216 2854 Graecis
1246 2806 1546 2851 recentloribus
