1734 3120
179 216 260 259 312
690 223 854 258 ANNAE
883 220 1149 258 GOMNENAE

180 339 295 386 οὕτω
321 339 601 397 καλουμένων
623 335 874 395 ,Μαλάγνων
896 331 1029 381 αὐτὸν
1060 333 1137 379 τὸν
1163 329 1296 392 Ἀέρα
1321 336 1544 392 κατέλαβε.
1588 339 1664 397 τῆς

179 410 226 455 δὲ
255 410 482 467 βασιλίδος
511 405 620 451 κατὰ
648 405 726 466 τὴν
747 407 997 463 Πρίγκιπον
1028 401 1320 462 αι’·λιζομένης,
1343 405 1397 448 ἵν’
1432 403 1526 460 ἔχοι
1558 409 1665 467 ῥᾷον

179 479 356 523 ἐκεῖθεν
385 475 439 520 τὰ
471 477 576 532 περὶ
606 478 684 518 τοῦ
716 469 1040 529 αὕτοκρὰτορος
1074 470 1319 528 μανθάνειν
1350 475 1457 528 περὶ
1483 471 1534 518 τὸ
1566 478 1665 518 slo-

178 545 342 591 πάδιον
374 545 712 596 ἐπανελθόντος,
747 541 770 587 ὁ
801 540 1006 598 βασιλεὺς
1035 539 1125 598 ἅμα
1149 544 1212 600 τῷ
1235 539 1313 586 τὸν
1327 537 1460 598 Ἀέρα
1481 544 1666 586 καταλα-

177 620 274 671 βεῖν
304 613 376 659 διὰ
404 615 482 658 τοῦ
516 614 745 669 βασιλικοῦ
789 609 1008 669 μονήροις
1053 611 1391 667 μεταπέμπεται
1436 607 1570 670 αὗιὴν
1613 610 1699 654 τδὸ

177 685 256 741 μέν
288 702 331 728 τι
361 684 432 727 καὶ
465 681 515 726 τὸ
547 677 678 739 ἄλγος
708 677 998 764 ὑφορώμενος
1028 676 1095 724 ἆεὶ
1134 683 1224 724 τῶν
1258 682 1424 734 ποδῶν,
1464 681 1517 725 τὸ
1547 682 1595 725 δέ
1623 699 1666 726 τι

178 754 250 797 καὶ
280 751 386 805 τοὺς
416 753 904 808 συμπαρομαρτοῦνιας
938 750 1056 806 αὐτῶ
1095 752 1183 792 τῶν
1215 749 1461 806 ἐγκολπίων
1492 751 1668 809 ἐχθρῶν

134 821 334 873 Βδεδιως
378 818 451 864 δια
480 814 606 879 τῆν’
587 836 724 876 ακραν
757 814 894 875 αὐτῆς
924 819 1029 874 περὶ
1065 834 1198 861 αιτον
1229 817 1482 891 ἐπιμέλειαν
1512 835 1583 862 και
1615 836 1666 862 το

178 885 566 947 αγρυπνικώτατον
596 881 730 944 ὄμμα.

285 961 323 1002 2.
359 951 422 1002 Oi?
417 974 497 1000 πω
515 956 639 1014 τρίτη
654 957 890 1013 παρῆλθεν
914 953 1052 1014 ἡμέρα
1073 956 1146 999 καὶ
1172 953 1195 998 ὃ
1213 956 1318 1012 περὶ
1340 955 1419 1000 τόν
1440 956 1668 1012 βασιλικὸν
1685 963 1727 997 10

179 1026 466 1070 κοιτωνίσκον
494 1019 821 1080 οἷσχολούμενος
849 1021 959 1067 κατὰ
985 1021 1036 1068 τὸ
1065 1024 1339 1082 περίορθρον
1365 1024 1513 1069 ἐλθών
1535 1021 1667 1082 ἀγχοῦ

178 1097 258 1138 τοῦ
285 1094 514 1149 βασιλικοῦ
539 1093 788 1147 σκίμποδος
817 1089 1020 1152 εἱστήκει.
1073 1090 1098 1151 ἡ
1129 1093 1176 1136 δὲ
1205 1093 1440 1148 βασίλισσα
1468 1095 1669 1138 διυπνισ-

28 1166 68 1202 P·
95 1167 166 1202 463
181 1165 317 1207 θεῖσα
346 1162 417 1205 καὶ
445 1164 602 1205 τοῦτον
633 1161 887 1218 θεασαμένη
909 1157 1117 1216 Τούρκων
1139 1158 1243 1219 ἡμῖν
1266 1159 1433 1220 ἔφοδον
1453 1159 1668 1220 ἀπαγγέλ-

180 1232 270 1275 λειν
303 1229 403 1289 ἔφη.
463 1233 542 1274 τοῦ
571 1229 619 1273 δὲ
647 1230 751 1285 περὶ
782 1227 833 1273 τὸ
871 1227 986 1274 οὕτω
1027 1227 1295 1286 καλούμενον
1332 1233 1412 1275 τοῦ
1445 1237 1485 1275 Γ
1481 1232 1666 1288 εωργιόι.1

180 1295 396 1358 φρούριον
425 1299 668 1356 ἐφθακέναι
712 1298 914 1355 λέγοντος
956 1300 1215 1356 κατεσίγασε,
1252 1302 1410 1343 τοῦτον
1440 1296 1465 1357 ἦ
1496 1300 1668 1355 βασιλὶς
1684 1306 1727 1341 15

178 1368 230 1427 τῇ
261 1366 385 1422 χειρί,
417 1367 488 1410 ἵνα
517 1363 576 1424 μή
607 1364 684 1409 τὸν
705 1363 1010 1423 αὐτοκράτορα
1035 1366 1255 1426 διυπνίσῃ.
1307 1365 1331 1410 ὁ
1364 1367 1412 1412 δὲ
1443 1368 1487 1412 ἐν
1505 1365 1668 1427 αἰσθή-

179 1451 246 1480 σει
277 1438 366 1479 τῶν
395 1436 639 1492 λεγομένων
668 1432 856 1492 γεγονώς
887 1435 963 1479 ἐπι
991 1430 1138 1494 wem&
1168 1433 1355 1494 σχήματι
1393 1437 1465 1481 καὶ
1498 1435 1669 1494 γνώμης

179 1504 291 1555 τέως
320 1495 391 1562 ἦν·
417 1520 673 1558 ανισχοντος
702 1504 750 1548 δὲ
774 1506 853 1548 τοῦ
900 1501 1023 1565 ηλίου
1056 1522 1171 1562 προς
1199 1502 1278 1557 τὰς
1307 1501 1517 1563 συνήθεις
1547 1505 1670 1584 ἔργα·

180 1572 277 1623 σίας
308 1568 523 1628 ἐτράπετο
557 1570 662 1625 ὅλος
690 1575 771 1630 τῆς
795 1574 956 1617 τούτου
979 1573 1264 1630 προμηθείας
1295 1570 1494 1630 γεγονώς.
1539 1590 1667 1617 omno

179 1656 303 1698 τριτη
332 1641 566 1698 παρῆλθεν
592 1639 685 1697 ὥρα
714 1659 786 1686 και
813 1659 964 1698 ετερος
995 1642 1172 1686 ἐκεῖθεν
1202 1642 1459 1698 καταλαβων
1493 1643 1670 1700 ἐγγίζειν
1683 1657 1730 1690 20

180 1702 261 1767 ἤδη
291 1707 395 1762 τούς
422 1706 674 1767 βαρβάρους
705 1709 862 1768 ἔλεγεν.
924 1708 950 1769 ἦ
978 1710 1026 1756 δὲ
1056 1706 1434 1767 αὖτοκρατόρισσα
1466 1709 1532 1755 ἔτι
1562 1728 1671 1767 συμ-

316 1792 347 1826 1.
374 1792 634 1836 ΜαλαγίνωνῬ
731 1788 868 1831 abrec?
1032 1794 1061 1828 1.
1089 1794 1122 1828 4.
1149 1790 1239 1838 ἃέρα
1265 1792 1304 1837 Ρ,
1331 1794 1489 1829 correxi.
1637 1794 1669 1828 5.

316 1840 515 1883 βασιληκοῦ
541 1839 584 1883 Ος
612 1852 706 1876 corr.
733 1853 780 1876 m.
808 1842 841 1876 2.
955 1844 1238 1899 μεταπέμπεται.
1265 1838 1378 1886 αὐτὴν
1403 1841 1430 1877 C
1463 1841 1532 1887 (ται
1558 1838 1671 1885 αὖτὴι

314 1887 392 1922 fere
418 1888 598 1943 evanida),
625 1892 908 1948 μεταπέμπεται
937 1891 1002 1934 τῆν
1027 1888 1250 1936 Αὐγοῦσταν
1275 1890 1314 1926 Ρ.
1431 1891 1465 1925 6.
1491 1890 1565 1926 τῶν
1590 1902 1670 1926 eva·

315 1936 398 1971 nuit
424 1937 464 1971 in
489 1936 526 1972 G.
740 1939 774 1974 8.
801 1935 913 1974 αὐτὸν
939 1938 1169 1985 ἐπιαέλειαν]
1196 1937 1241 1974 ὸν
1266 1940 1328 1974 ἔπι
1353 1938 1392 1974 in
1417 1950 1487 1974 ras.
1515 1951 1562 1974 m.
1589 1940 1610 1973 2
1630 1939 1667 1974 G

320 1986 373 2019 10.
398 1997 497 2030 παρα
524 1985 592 2031 CP,
618 1987 775 2022 correxi.
963 1990 1016 2023 13.
1043 1985 1291 2045 απαγγέλλειν
1314 1987 1355 2032 P,
1356 1984 1608 2045 ἀπαγγέλειν
1632 1987 1668 2023 C.

317 2033 370 2068 19.
399 2017 562 2070 τούτωνῬ
673 2037 730 2070 21.
759 2031 1074 2082 αὖτοκρατόρισσα
1099 2036 1139 2081 Ρ,
1166 2031 1462 2083 αὐτοκρατόρησα
1487 2035 1543 2081 0¹,
1568 2033 1669 2071 αὖτο-

313 2077 511 2128 κρατόρισα
537 2082 597 2118 02.
630 2083 682 2119 sic
706 2084 819 2119 etiam
844 2083 954 2123 infra.

179 2156 268 2202 iuga
295 2156 539 2202 disposuisset
565 2161 602 2193 et
627 2159 900 2205 Malagnorum,
941 2172 1035 2205 quae
1073 2161 1213 2205 dicunt,
1249 2161 1328 2207 ipse
1361 2160 1498 2196 Aerem
1536 2161 1670 2205 tenuit,

180 2205 418 2250 imperatrice
454 2207 607 2242 interim
644 2208 692 2243 ad
714 2208 933 2253 Principum
971 2212 1157 2255 morante,
1183 2210 1282 2245 unde
1309 2209 1456 2245 facilius
1483 2209 1530 2244 de
1555 2210 1670 2255 impe·

180 2256 306 2289 ratore
330 2254 540 2311 Lopadium
578 2268 728 2292 reverso
752 2257 890 2292 certior
915 2256 1033 2293 fieret
1106 2259 1137 2293 is
1181 2258 1247 2293 ubi
1274 2259 1408 2294 Aerem
1434 2258 1569 2300 tenuit,
1594 2270 1671 2294 mo-

180 2313 268 2337 nere
293 2303 397 2349 regia
422 2304 533 2339 missa
558 2304 603 2339 ad
630 2317 667 2340 se
693 2305 904 2350 Augustam
934 2306 1089 2351 invitat,
1129 2307 1218 2353 quia
1255 2309 1293 2342 et
1328 2306 1472 2363 pedum
1504 2306 1670 2342 dolorem

181 2361 326 2396 semper
350 2352 575 2397 respiciebat
603 2355 640 2388 et
668 2365 690 2388 a
714 2354 916 2389 comitibus
937 2355 1138 2400 metuebat,
1157 2367 1249 2401 quos
1277 2355 1377 2390 sibi
1367 2355 1539 2391 mimicos
1565 2356 1671 2411 quasi

181 2398 331 2434 fovebat
357 2401 451 2444 sinu,
476 2404 631 2447 propter
665 2403 794 2438 uxoris
820 2414 1002 2438 summam
1035 2404 1092 2439 sui
1125 2415 1252 2439 curam
1280 2404 1554 2450 maximamque
1576 2404 1670 2450 vigi-

179 2446 345 2482 lantiam.

277 2497 308 2530 2.
336 2495 499 2532 Necdum
515 2498 630 2533 biduo
649 2499 1022 2545 praeteritorepente
1034 2500 1269 2546 imperatorii
1285 2500 1448 2536 cubiculi
1462 2500 1671 2546 praefectus

182 2554 288 2578 mane
303 2544 490 2590 ingressus
504 2558 622 2592 prope
635 2547 919 2592 imperatorium
933 2549 1069 2584 lectum
1085 2548 1242 2584 adstitit.
1269 2552 1350 2585 tum
1365 2560 1493 2584 somno
1509 2551 1672 2586 excitata

181 2591 412 2647 imperatrix,
438 2594 504 2629 ubi
526 2597 722 2650 conspexit
745 2607 840 2641 eum,
864 2596 1071 2632 Tui-carum
1099 2597 1197 2632 dixit
1223 2597 1424 2634 adventum
1451 2598 1559 2633 nobis
1585 2610 1670 2633 eum

182 2640 366 2676 nuntiare.
418 2654 576 2688 cumque
600 2643 675 2678 iam
701 2644 748 2679 ad
774 2644 946 2690 Gregorii
972 2657 1095 2681 arcem
1134 2657 1196 2681 eos
1221 2646 1432 2691 pervenisse
1471 2650 1669 2691 narrasset,

181 2699 227 2722 ne
264 2689 528 2734 imperatorem
568 2703 587 2726 e
624 2703 753 2728 somno
791 2695 983 2736 excitaret,
1018 2705 1130 2729 manu
1169 2705 1251 2729 eum
1289 2698 1411 2731 tacere
1449 2694 1571 2730 iussit.
1638 2696 1671 2730 is

182 2747 280 2776 vero,
319 2749 542 2784 quamquam
583 2740 753 2776 audierat
788 2741 862 2776 illa
891 2743 1014 2785 verba,
1053 2754 1090 2778 se
1129 2743 1263 2778 nuntio
1289 2743 1433 2779 moveri
1463 2742 1671 2779 dissimula·

181 2784 247 2818 bat
287 2787 399 2830 atque
425 2788 568 2823 oriente
594 2789 668 2824 sole
695 2789 742 2824 ad
776 2793 972 2826 consuetas
1011 2792 1272 2836 occupationes
1308 2803 1506 2828 conversus
1546 2792 1671 2828 animo

184 2835 311 2868 tamen
338 2834 432 2876 nihil
456 2836 528 2871 nisi
553 2836 618 2871 illa
643 2837 825 2874 volvebat.
887 2839 1049 2876 necdum
1073 2840 1189 2875 tertia
1218 2840 1312 2876 hora
1344 2839 1554 2884 effluxerat,
1585 2852 1671 2876 cum

183 2880 280 2918 alius
309 2893 504 2919 accurrens
531 2886 834 2932 appropinquare
856 2886 929 2922 iam
957 2888 1139 2924 barbaros
1165 2888 1307 2925 retulit.
1370 2890 1454 2924 erat
1488 2900 1572 2924 cum
1604 2889 1670 2925 im-
