1794 3132
536 248 591 282 nv
622 248 911 284 ALEXIADEM
942 253 1106 286 NOTAE
1480 251 1563 293 453

75 359 202 403 Anna
249 358 454 412 meminit,
501 360 807 405 Monasterium
871 364 1011 407 extitit
1055 365 1288 421 Templum,
1334 371 1443 424 quod
1487 368 1564 415 τὸν

74 412 138 458 “A
162 431 232 459 ιον
272 411 428 459 Ἡλιάν
468 413 520 460 τὸ
550 416 745 472 Πέτριον
772 422 896 464 vocat
927 420 1108 465 Codinus
1140 423 1190 466 de
1223 423 1339 481 Orig.
1372 426 1452 470 CP.
1485 425 1563 472 τὸν

70 430 226 516 ‘filiun
255 474 337 515 τοῦ
366 469 615 533 Προφήτου
644 472 754 517 κατὰ
791 475 843 518 τὸ
874 477 1067 533 Πέτριον
1104 476 1218 531 ναὸν,
1261 481 1561 530 Constantinus

71 530 117 573 in
145 529 305 574 Basilio
336 542 426 586 cap.
446 531 513 574 54.
564 531 787 575 Praeterea
820 532 1040 589 Templum
1071 535 1112 579 S.
1145 536 1409 592 Euphemiae,
1450 543 1559 596 quod

71 581 1560 700 zssautiffflisspe0¹uoessffls’1302‘22‘1‘10&sessa..iuge

74 697 320 811 ιὲρζοιῑῳν
346 700 603 801 Ἐηέξρᾳῃ
619 701 861 803 Τιόθῗίὶοῖῗ,
883 683 1207 805 ὃιεοῄὸγ.6Εὲοι.
1236 684 1443 808 atsto?
1481 712 1559 753 τοῦ

70 770 625 878 ίιθξῇεανᾶἕὲἕίήίἰιξέθιῖἷᾶῗ
666 772 738 858 sgu
751 793 761 802 ⁰
777 773 921 884 pttius
953 774 1042 861 ogig.
1065 775 1560 875 spsogwcnelslfognvffiervg

71 883 144 925 qul
171 863 264 912 ἅπό
283 871 365 912 τοῦ
384 870 627 925 καλομένοι·
649 874 844 926 Πετριου
876 871 961 924 ἕως
990 881 1070 930 τῆς
1104 871 1274 930 πόρτας
1303 879 1380 919 τοῦ
1408 874 1560 934 Ἁγίου

71 923 353 981 Αἶμυλιανοῦ
372 928 740 982 protendebantur,
756 930 805 971 ut
825 930 952 973 habet
970 931 1201 975 Chronicon
1218 933 1560 979 Alexandrinum.

68 984 163 1027 Iam
205 996 303 1027 vero
334 984 639 1028 Monasterium
670 985 864 1040 Πετρίου
910 987 1004 1030 κατ’
1043 986 1195 1047 ἐξοχὴν
1225 1003 1249 1032 a
1279 989 1561 1045 Scriptoribus

69 1041 230 1084 dietum
276 1040 327 1084 D.
358 1041 508 1084 Ioanni
538 1042 759 1097 Baptistae
801 1043 989 1087 dicatum
1019 1045 1113 1096 fuit,
1158 1047 1205 1088 ut
1252 1047 1417 1090 autores
1461 1050 1561 1091 sunt

62 1098 208 1141 'Dueas
256 1110 344 1153 cap.
366 1099 435 1141 39.
480 1099 521 1141 et
559 1097 742 1142 Codinus
788 1099 838 1143 de
878 1100 998 1144 offic.
1035 1102 1170 1145 Aulae
1214 1102 1338 1146 CPol.
1382 1117 1470 1159 cap.
1494 1106 1558 1148 15.

67 1154 121 1198 N.
146 1155 210 1197 11.
240 1154 282 1197 et
314 1155 378 1197 15.
411 1155 483 1210 qui
510 1155 617 1198 illud
651 1156 789 1225 ⁴uova
816 1157 893 1215 τῆς
920 1157 1095 1213 Πέτρας
1139 1160 1311 1202 vocant:
1350 1159 1560 1204 Cantaeu-

64 1211 467 1312 izfflezssffi'ffl'ssss·
482 1213 865 1314 ffiffiss'ssffgg'
883 1215 1073 1315 5332&
1101 1216 1559 1318 fflfflssafflrffflste

66 1325 108 1367 et
138 1323 442 1368 Constantinus
469 1325 514 1368 in
535 1303 696 1370 Basilio
727 1340 817 1382 cap.
839 1285 905 1371 336.
967 1298 1350 1384 Huius⁴praeterea
1380 1287 1558 1374 1116ξῖἷοῖ

66 1381 1557 1496 ffiffussfflssfflssffissntstfflnrss”¹332ssuiatbiffisfissusssussssstteffi&

65 1494 180 1538 Aede
209 1495 250 1538 et
279 1495 462 1548 Palatio,
494 1473 612 1551 quod,
642 1495 911 1541 Constantini
941 1499 1155 1554 appellant
1173 1498 1322 1542 Graeci
1349 1499 1551 1543 hodierni.

66 1551 172 1595 Vide
203 1551 456 1595 Cinnamum
484 1552 558 1596 lib.
580 1554 618 1596 6.
649 1566 745 1609 pag.
768 1556 863 1598 160.

200 1606 617 1667 Πρωτοβεστιαριά]
672 1610 994 1655 Protovestiarii
1042 1625 1208 1655 uxorem
1252 1611 1553 1667 interpretatur
1566 1627 1595 1661 A

64 1665 285 1708 Meursius.
353 1665 461 1710 Sane
493 1665 745 1711 Consulares
785 1668 994 1722 foeminas
1034 1669 1212 1712 dicimus
1255 1667 1552 1712 Consularium

66 1735 230 1775 uxores,
271 1722 412 1778 inquit
442 1723 648 1778 Ulpianus
678 1724 723 1766 L.
748 1725 784 1767 1.
816 1742 865 1768 π.
899 1725 949 1768 de
978 1725 1211 1769 Senatorib.
1242 1725 1397 1768 Verum
1426 1725 1552 1769 fuisse

65 1777 319 1834 dignitatem
347 1779 393 1822 in
425 1779 589 1823 familia
619 1781 906 1835 Imperatricis
936 1782 1103 1825 omnino
1125 1783 1250 1824 Anna
1280 1781 1450 1833 indicat,
1483 1795 1553 1825 ea-

64 1847 145 1890 que
174 1835 375 1879 donatam
396 1836 579 1880 Mariam
608 1837 779 1881 Ioannis
798 1838 942 1882 Ducae
972 1852 1152 1881 uxorem.
1200 1838 1551 1881 Protovestiariae

63 1892 245 1944 suberat,
277 1893 326 1936 ut
362 1892 521 1948 opinor,
571 1891 745 1953 Ζωστὴ,
792 1895 910 1943 cuius
954 1895 1140 1938 officium
1182 1895 1271 1938 erat
1313 1894 1551 1949 Augustam

63 1948 317 2004 succingere,
348 1951 397 1992 ut
427 1951 551 1993 autor
581 1951 644 1993 aet
675 1950 859 1994 Codinus
890 1952 932 1994 in
950 1951 1067 2006 Orig.
1098 1951 1177 1994 CP.
1209 1947 1377 2004 ὁμοίως
1405 1949 1478 1992 καὶ
1506 1946 1551 1992 αὶ

64 2004 244 2048 Ζωσταὶ
273 2002 487 2060 ἐζώννυον
515 2003 594 2063 τὴν
614 2006 876 2051 Δέσποιναν.
922 2007 1117 2051 Meminit
1137 2008 1307 2050 huiusce
1327 2006 1551 2062 dignitatis

63 2062 245 2105 Zonaras
274 2075 371 2119 pag.
394 2064 487 2107 116.
521 2064 563 2107 et
590 2063 759 2120 Soylitz.
787 2078 882 2120 pag.
901 2066 995 2107 703.
1017 2066 1058 2107 et
1083 2065 1178 2107 716.
1227 2063 1441 2106 Eiusmodi
1462 2063 1552 2106 fue-

62 2120 165 2162 runt
201 2118 457 2173 Ornatriees,
502 2122 545 2164 et
587 2121 695 2164 aliae
741 2135 847 2176 quae
878 2121 1084 2175 Augustis
1128 2123 1168 2163 et
1214 2119 1386 2175 Reginis
1424 2119 1551 2162 fuisse

62 2175 261 2218 dicuntur
299 2191 328 2220 a
359 2176 572 2228 Oubieulo,
609 2193 636 2221 a
672 2178 800 2230 Veste,
847 2193 875 2221 a
910 2178 1078 2220 Mundo
1118 2176 1322 2227 muliebri,
1371 2188 1549 2230 quarum

62 2233 217 2287 passim
247 2234 407 2277 mentio
434 2235 480 2277 in
510 2235 719 2278 veteribus
748 2235 942 2289 Inscript.
971 2235 1022 2276 V.
1054 2246 1146 2288 pag.
1173 2234 1265 2275 116.

201 2291 291 2332 Τοῦ
322 2289 371 2333 ἐν.
396 2291 663 2346 Βλαχέρναις
689 2289 919 2349 τεμένους]
953 2289 1304 2355 Blachernianum
1328 2288 1592 2353 TemplumA

63 2346 269 2402 Deiparae
289 2347 478 2400 Sacrum,
512 2362 537 2392 a
557 2349 781 2392 Pulcheria
802 2349 913 2403 Aug.
935 2347 1141 2390 Marciani
1172 2358 1296 2388 uxore
1316 2344 1545 2397 conditum,

61 2403 218 2446 habent
242 2405 399 2459 passim
429 2405 673 2460 Scriptores.
732 2405 820 2448 Nos
850 2405 960 2447 infra
990 2403 1207 2458 quaedam.
1471 2459 1479 2467 .

196 2460 312 2515 Περὶ
330 2458 382 2505 τὸ
403 2459 678 2519 βραχιόνων]
711 2457 963 2516 βραχιόνων
983 2462 1025 2503 et
1060 2456 1313 2524 ssoaxcolfov
1333 2458 1586 2503 brachwlec

60 2517 136 2569 est,
165 2518 207 2560 et
236 2518 398 2562 brachii
426 2520 733 2571 ornamentum,
764 2519 838 2561 aut
866 2518 1169 2572 tegumentum,
1197 2519 1260 2558 uti
1292 2528 1387 2559 mox
1407 2515 1547 2558 osten—

60 2573 206 2617 demus
236 2574 291 2618 ad
323 2588 419 2631 pag.
440 2576 508 2618 68.
567 2575 647 2618 Sed
676 2575 792 2619 aliud
822 2575 948 2617 habet
977 2574 1145 2628 etymon
1180 2568 1433 2626 βραχιόνων
1467 2571 1546 2615 hoe

59 2630 151 2673 loeo
179 2631 291 2686 apud
323 2632 505 2683 Annam,
547 2645 630 2688 quo
663 2632 830 2687 quidem
865 2630 1066 2673 vocabulo
1100 2628 1461 2696 propugnaculum
1492 2627 1547 2694 ad

59 2687 236 2730 Portam
277 2688 626 2732 Blachernianam
674 2687 925 2742 designavit,
969 2686 1079 2741 quod
1124 2699 1417 2739 προτειχισμα
1459 2699 1548 2727 των

68 2742 324 2810 Βᾷαχερνῷν
350 2745 536 2800 appellat
566 2746 607 2789 S.
635 2745 894 2810 Nicephorus
932 2744 987 2808 in·
1006 2742 1203 2785 Heraclio
1235 2741 1316 2806 An:
1346 2751 1546 2784 Dcxxvl.

58 2801 300 2911 uum,
322 2814 451 2914 ⁰33?
475 2799 1151 2912 stubs..)
1174 2799 1350 2910 2223:
1381 2797 1546 2898 {aa
