1734 3120
199 206 280 256 224
709 210 873 253 ANNAE
903 207 1171 252 &OMNENAE

194 333 382 382 τότατόν
421 353 468 380 τε
499 335 570 378 καὶ
598 331 887 378 εὐνούστατον
915 333 1006 374 τῶν
1032 325 1168 374 αὐτοῦ
1199 323 1498 385 θεραπόντων
1536 321 1683 386 ὑπάρ-

195 423 326 461 χοντα
356 403 709 461 προαποστέλλει
741 400 855 456 πρὸς
875 397 956 443 τὸν
981 398 1165 454 βασιλέα
1194 395 1273 458 τὴν
1303 396 1420 455 πρὸς
1442 392 1579 442 αὐτὸν
1597 400 1684 440 τοῦ

197 470 473 530 Βαϊμούντου
505 467 834 528 ἀπαγγέλλοντα
865 466 1049 513 ἕλευσιν.
1111 466 1211 510 ἐπεὶ
1241 466 1290 511 δὲ
1329 464 1462 525 ἀγχοῦ
1501 469 1579 525 τῆς
1603 469 1684 522 βα-

197 543 363 601 σιλικῆς
393 537 578 598 ἐγεγόνει
608 541 777 596 σκηνῆς,
825 532 1165 592 παρεσκεύαστο
1210 535 1282 579 καὶ
1326 533 1381 578 τὰ
1423 538 1502 595 τῆς
1542 530 1684 579 αὐτοῦ

154 608 403 669 Βῦπαντῆς,
436 605 590 660 καθώς
617 604 656 651 οἳ
689 606 900 662 πρέσβεις
919 601 1067 662 τούτῳ
1100 603 1356 649 συνέθεντο.
1403 600 1719 655 εἰσελθόντοςῦ

199 679 247 722 δὲ
276 676 448 731 τούτου,
482 676 672 728 ἐκτείνας
700 672 782 732 τήν
811 678 938 730 χεῖρα
970 670 994 717 ὁ
1023 670 1237 729 βασιλεῦς
1277 673 1350 716 καὶ
1393 675 1474 730 τῆς
1517 672 1683 716 ἐκείνου

199 744 429 803 ἁψάμενος
457 741 604 800 χειρὸς
634 743 705 786 καὶ
733 739 812 800 τὴν
849 739 1021 801 συνήθη
1063 744 1159 793 τοῖς
1188 740 1414 796 βασιλεῦσι
1460 736 1685 798 προσαγό-

200 831 346 869 ρευσιν
376 810 674 871 ποιησάμενος
706 809 827 868 ἐγγὺς
855 811 934 854 τοῦ
966 810 1199 864 βασιλικοῦ
1231 805 1542 868 παρεστήσατο
1571 805 1686 864 θρό-

198 900 287 927 νου.
346 874 395 942 ἦν
425 882 472 925 δὲ·
502 883 704 932 τοιοῦτος
734 877 758 923 ὁ
789 875 895 937 ἀνὴρ
929 872 1039 931 οἷος,
1073 874 1134 930 ὦς
1163 878 1208 921 ἐν
1238 881 1395 934 βραχεῖ
1427 877 1507 934 μὲν
1525 875 1682 929 εἰπεῖν,

198 945 341 1003 οὐδεὶς
364 950 454 993 κατ’
490 949 656 992 ἐκεῖνον
691 941 830 1007 ὤφθη
861 947 906 991 ἑν
936 949 991 1006 τῇ
1021 949 1111 989 τῶν
1128 943 1356 1002 Ῥωμαίων
1382 948 1434 1006 γῇ
1455 939 1558 990 οἷῖτε
1577 942 1685 1002 βάρ-
1701 951 1734 985 1(

195 1021 331 1075 βαρος
360 1012 460 1062 οἶῖτε
482 1017 638 1076 (Έλλην
669 1015 867 1074 (θάμβος
886 1015 970 1074 γάρ
1001 1009 1053 1076 ἦν
1083 1017 1338 1076 ὀφθαλμῶν
1358 1013 1584 1074 ὁρώμενος
1614 1017 1686 1060 καὶ

197 1084 493 1146 φημιζόμενος
539 1084 775 1141 ἔκπληξις),
824 1084 933 1129 κατὰ
962 1086 1098 1142 μέρος
1128 1085 1176 1129 δὲ
1205 1082 1465 1143 ὑπογράψαι
1511 1083 1563 1128 τὸ
1605 1088 1685 1128 τοῦ

195 1152 419 1211 βαρβάρου
450 1149 581 1207 εἶδος,
613 1155 801 1198 τοιῶσδε
831 1152 999 1212 μακρὸς
1030 1146 1081 1213 ἦν
1107 1152 1187 1215 τὴν
1213 1149 1465 1215 ἀναδρομὴν
1485 1156 1566 1198 τοῦ
1596 1150 1686 1198 σώ-

46 1232 86 1268 Ρ.
111 1232 181 1267 404
195 1241 344 1280 ματος,
379 1220 492 1267 ὥστε
521 1222 585 1275 εἷς
615 1224 758 1281 πῆχυν
788 1222 862 1266 ἕνα
890 1226 1049 1280 μικροῦ
1079 1221 1190 1276 τούς
1209 1221 1520 1280 μακροτάτους
1548 1220 1686 1278 ὑπερ-

197 1290 401 1345 ελαὺνειν,
431 1290 509 1352 τὴν
547 1293 734 1349 γαστέρα
776 1293 1122 1348 συνεσταλμένος
1156 1293 1228 1336 καὶ
1275 1290 1353 1345 τὰς
1391 1289 1578 1350 λαγόνας
1614 1291 1686 1335 καὶ
1702 1299 1734 1333 ΙΞ

196 1358 299 1412 τοὺς
328 1354 477 1416 ιῗίμους
498 1357 626 1418 εὗρύς
655 1361 726 1404 καὶ
751 1359 804 1403 τὰ
825 1361 983 1416 στέρνα
1013 1358 1184 1413 πλατύς
1212 1362 1285 1405 καὶ
1314 1358 1424 1414 τούς
1451 1361 1686 1417 βραχίονας

196 1426 405 1484 καρτερὸς
435 1428 506 1471 καὶ
534 1426 612 1486 τὴν
645 1425 748 1486 ὅλην
779 1428 868 1483 ἕξιν
898 1431 978 1471 τοῦ
1006 1426 1215 1485 σώματος
1245 1423 1348 1473 οὕτε
1367 1428 1686 1485 περιεπτισμέ-

197 1513 270 1547 νος
301 1489 401 1540 οὔτε
430 1494 807 1553 περιβριθόμενος
827 1500 926 1549 ταῖς
956 1497 1122 1553 σαρξίν,
1146 1492 1239 1540 ἄλλ’
1263 1494 1324 1549 ῶς
1353 1491 1512 1554 ἄριστα
1531 1514 1686 1554 κεκρα-

196 1564 326 1619 μένος
354 1565 425 1608 καὶ
455 1559 554 1608 οἷον
581 1563 726 1608 εἰπεῖν
755 1563 867 1609 κα·τά
900 1564 978 1609 τὸν
1010 1566 1354 1610 Πολυκλείτειον
1383 1564 1544 1610 κανόνα
1564 1565 1686 1624 ἐνηρ-

197 1632 434 1688 μοσμένος·
482 1630 561 1685 τὰς
602 1637 751 1689 χεῖρας
795 1630 930 1689 ἁδρὸς
963 1635 1035 1677 καὶ
1079 1637 1170 1678 τῶν
1216 1636 1371 1678 ποδῶν
1415 1634 1492 1687 τὰς
1532 1630 1685 1689 βάσεις
1697 1641 1734 1675 2(

198 1698 380 1757 στερρὸς
406 1701 476 1744 καὶ
507 1699 585 1745 τὸν
622 1695 777 1756 αὐχένα
817 1702 889 1745 καὶ
925 1702 980 1746 τά
1019 1700 1275 1762 μετάφρενα
1304 1698 1510 1761 εὔπαγής.
1568 1698 1683 1745 ὑπο-

198 1765 400 1827 κεκινφιὸς
449 1768 496 1812 δὲ
541 1770 733 1826 μετρίως
781 1773 845 1829 τῷ
889 1766 1083 1828 ἀκριβῶς
1126 1767 1260 1815 αὐτὸν
1305 1771 1685 1829 περιεργαζομένῳ

331 1856 352 1890 5
383 1867 436 1901 sq.
470 1852 645 1895 ἐλθόντος
680 1858 720 1891 δὲ
753 1855 846 1905 μετὰ
882 1854 948 1894 δύο
979 1856 1198 1906 χλαμύδων,
1233 1857 1358 1898 καθὼς
1383 1860 1574 1894 καὶτοῦτο
1600 1856 1686 1908 ᾐτή-

330 1915 431 1946 σατο,
458 1905 618 1943 ἐκτείνας
643 1906 686 1940 Α.
810 1909 846 1942 8.
874 1904 1032 1951 ποιήσας
1059 1909 1103 1944 A.
1224 1909 1256 1944 9.
1287 1907 1336 1947 ὠς
1357 1908 1399 1943 ἐν
1414 1908 1456 1951 F,
1481 1909 1522 1943 ἐν
1546 1920 1618 1943 om.
1646 1907 1683 1941 P.

334 1954 385 1987 13.
409 1954 564 1987 τοιῶσδε
592 1954 742 1999 scripsi:
768 1952 916 1991 τοιόσδε
932 1956 970 1992 P.
1097 1958 1151 1991 15.
1177 1954 1242 1995 τὰς
1267 1956 1305 2002 C,
1329 1954 1411 1996 τοὺς
1435 1957 1474 1992 Ρ.
1630 1956 1683 1991 17.

330 2000 500 2047 καρτερὸς
525 2002 568 2047 F,
595 2000 767 2049 κρατερός
792 2004 830 2040 P.
944 2008 1249 2052 περιεσφγμένος
1274 2006 1327 2041 sic
1354 2005 1391 2040 C.
1564 2006 1619 2040 18.
1647 2004 1687 2052 τῇ

331 2053 443 2095 σαρκί
465 2049 502 2085 C.
648 2052 706 2086 21.
732 2048 881 2100 στερρός
905 2053 947 2096 F,
975 2052 1101 2100 στερός
1125 2054 1166 2090 Ρ.

196 2140 273 2175 lum
299 2140 370 2176 sibi
395 2143 560 2177 omnium
586 2143 859 2180 deditissimum
884 2145 1189 2192 fidissimumque,
1215 2146 1554 2193 ad.imperatorem
1577 2156 1685 2190 prae-

197 2189 310 2225 misit.
336 2190 399 2234 qui
419 2190 627 2227 Boemundi
653 2192 854 2229 adventum
873 2195 1076 2231 nuntiaret.
1128 2197 1158 2231 is
1172 2207 1256 2231 cum
1271 2206 1388 2241 prope
1402 2194 1546 2240 regium
1562 2194 1683 2229 taber-

196 2237 368 2272 naculum
393 2241 574 2282 venisset,
608 2244 740 2286 parata
763 2242 907 2278 invenit
932 2244 1058 2279 omnia
1084 2244 1166 2288 illa,
1192 2245 1328 2290 quibus
1370 2246 1412 2278 ut
1451 2243 1686 2288 exciperetur

197 2285 267 2330 ipsi
293 2298 376 2322 cum
403 2287 536 2333 legatis
562 2294 794 2325 convenerat.
836 2291 900 2326 ubi
918 2304 1006 2327 vero
1024 2293 1211 2338 ingressus
1236 2296 1303 2334 est,
1323 2293 1514 2337 Augustus
1531 2293 1684 2325 extensa

197 2345 306 2368 manu
332 2335 410 2370 eius
435 2348 585 2371 manum
623 2338 822 2383 prehendit
861 2352 978 2385 eaque
1015 2342 1161 2377 ratione
1195 2353 1278 2376 eum
1313 2340 1502 2384 salutavit,
1529 2351 1604 2385 qua
1628 2350 1684 2373 sa-

196 2381 318 2417 lutare
342 2383 586 2429 imperatores
611 2386 741 2431 solent,
779 2391 817 2422 et
843 2392 886 2422 ut
913 2388 959 2423 ad
986 2390 1133 2435 regium
1159 2390 1292 2425 solium
1330 2389 1561 2433 consisteret,
1599 2398 1683 2423 eum

197 2430 380 2467 invitavit.
449 2433 534 2468 talis
574 2434 648 2469 fuit
672 2436 742 2476 vir,
789 2436 957 2482 qualem,
1006 2442 1047 2473 ut
1088 2440 1163 2473 iam
1210 2450 1310 2474 nunc
1345 2437 1511 2473 breviter
1550 2436 1684 2479 dicam,

198 2478 338 2514 nullum
379 2480 442 2515 illo
474 2485 641 2527 tempore
681 2495 800 2529 neque
837 2485 1039 2521 barbarum
1078 2498 1196 2532 neque
1223 2487 1406 2522 Graecum
1430 2485 1685 2521 Romanorum

198 2530 299 2561 terra
321 2540 460 2582 ‘parem
487 2530 592 2566 vidit.
655 2543 741 2566 nam
779 2534 914 2568 mirum
955 2538 1036 2570 erat
1061 2535 1255 2570 oculorum
1293 2533 1546 2581 spectaculum
1573 2532 1686 2567 fama·

200 2586 271 2619 que
297 2587 375 2611 eius
401 2589 525 2613 omnes
552 2579 785 2624 percellebat.
846 2582 920 2622 sed,
962 2587 1003 2618 ut
1029 2585 1241 2619 accuratius
1267 2595 1334 2629 per
1360 2582 1508 2629 singula
1534 2582 1686 2617 barbari

199 2621 355 2677 figuram
383 2625 605 2672 describam,
629 2632 705 2662 tam
733 2629 809 2664 alta.
835 2630 908 2665 fuit
934 2635 1080 2667 statura
1104 2636 1147 2667 ut
1172 2633 1453 2677 procerissimus
1478 2641 1552 2666 uno
1571 2641 1687 2675 paene

202 2671 328 2706 cubito
354 2678 557 2718 superaret,
586 2680 753 2711 ventrem
779 2681 816 2712 et
840 2678 904 2714 ilia
930 2682 1171 2723 contractior,
1201 2681 1298 2716 latus
1316 2680 1502 2723 humeros,
1524 2679 1688 2724 spatioso

198 2722 359 2764 pectore,
383 2721 582 2758 lacertosus
608 2728 762 2770 totoque
787 2728 956 2772 corporis
980 2728 1111 2764 habitu
1140 2741 1207 2766 nec
1233 2730 1395 2775 strigoso
1418 2739 1486 2763 nec
1511 2727 1686 2762 carnibus

198 2771 377 2813 tumente,
403 2770 464 2804 sed
489 2773 628 2816 optime
650 2773 842 2809 moderato
868 2779 906 2810 et
932 2779 974 2810 ut
1010 2777 1065 2811 ita
1089 2777 1209 2813 dicam
1242 2778 1290 2813 ad
1316 2776 1493 2824 Polycleti
1519 2775 1685 2821 regulam

198 2814 374 2859 formato,
401 2819 611 2863 vigentibus
641 2822 823 2862 manibus,
850 2835 976 2868 gressu
1001 2825 1144 2871 valid03
1164 2827 1319 2863 cervicis
1341 2825 1502 2871 denique
1518 2835 1561 2859 ac
1584 2823 1687 2859 dorsi

199 2866 287 2909 apta
330 2875 547 2913 compages3
608 2869 671 2904 sed
713 2870 743 2904 si
798 2873 880 2916 quis
929 2873 1111 2909 curiosius
1153 2875 1383 2920 attendebat,
1434 2872 1610 2909 inclinari
1648 2872 1686 2907 in
1715 2872 1734 2879 ’“
