1806 3132
479 217 534 254 m
562 217 852 254 ALEXIADEM
877 219 1040 255 NOTAE
1411 214 1495 259 563

162 325 228 373 Τὰ
261 328 418 386 Τέμπη
445 331 527 373 τοῦ
552 330 740 386 Αἵμου]
776 331 930 387 Tempe
958 332 1116 376 Montis
1145 333 1309 387 Haemi,
1349 334 1499 379 Clusu-
1508 341 1596 389 Pag.
1611 342 1691 379 190.
1704 342 1736 378 Β

22 399 105 439 ras-3,
130 399 202 430 seu
230 385 499 438 στενωπούς,
529 388 580 430 ut
607 388 732 431 vocat
751 388 1085 444 Theophylactus
1107 389 1340 435 Simocatta
1369 391 1442 435 lib.
1457 393 1497 436 2.

23 456 113 498 cap.
136 444 203 486 11.
244 441 442 486 describit
486 443 763 487 Leunclavius
806 444 852 487 in
894 443 1029 488 Pand.
1067 445 1190 489 Turc.
1220 447 1274 489 N.
1297 449 1389 491 107.
1442 448 1499 491 In

25 500 254 543 Thraciam
280 513 334 542 ex
349 498 568 555 Bulyaria
586 501 847 554 profecturis
865 501 1023 555 duplex
1042 503 1122 545 iter
1141 506 1200 545 est
1218 503 1277 546 ad
1293 518 1498 558 superan-

22 557 125 600 dum
163 555 397 599 Haemum.-
440 570 552 600 umas
593 557 737 600 aditus
778 571 807 600 a
850 557 1038 601 Traiano
1066 558 1284 614 plerisque
1316 564 1500 614 putatur

17 613 171 667 factu-3,
206 611 281 656 ubi
308 612 447 656 adhuc
481 613 690 667 quadrato
722 613 865 667 lapide
889 618 1024 668 porta
1052 616 1241 658 macm’ma
1267 620 1499 670 spectatur.-

22 669 130 713 alter
157 669 216 712 ad
242 682 424 722 parvum
442 673 503 712 est
532 683 710 721 munem,
730 683 850 724 quem
870 670 1107 714 Sloditzam
1124 671 1312 727 Bulyari
1338 676 1498 716 vocant.

23 725 130 769 Vide
149 725 339 769 eumdem
362 725 417 768 N.
435 727 503 768 20.
548 726 672 769 Viam
695 726 868 769 Traiani
896 727 941 769 in
961 727 1122 770 Haemo
1150 730 1293 772 monte
1312 729 1501 784 agnoscit

22 782 151 826 etiam
180 781 414 826 Simocatta
443 782 516 825 lib.
536 783 575 825 8.
608 795 696 837 cap.
714 783 755 825 4.
796 783 959 835 Portas,
998 796 1070 826 seu
1106 783 1300 828 Claustra
1334 785 1376 829 S.
1415 786 1501 828 Ba-

21 839 108 882 silii
150 837 305 881 ibidem
346 839 581 881 memorant
610 839 851 882 willelmus
896 839 1046 895 Tyrius
1087 840 1160 884 lib.
1187 842 1226 883 2.
1263 854 1353 896 cap.
1372 842 1413 884 4.
1458 842 1500 884 et

22 897 144 938 Anon
173 906 268 993 Pus
296 895 368 948 de2
377 894 566 995 thpedit.
596 895 734 938 Asiat.
765 895 885 939 Fred.
902 896 936 939 I.
993 896 1114 940 Adde
1139 898 1318 953 Busbeq.
1348 898 1392 940 in
1419 898 1501 940 Iti-

21 965 108 995 ner.
211 984 223 994 .
337 985 347 994 .
367 953 393 994 2
425 985 436 994 .

154 963 424 1064 Ἆπέἲένος]
462 1007 688 1062 Nicephori
717 1008 930 1064 Bryennii,
961 1009 1035 1064 qui
1064 1009 1346 1065 Tyrannidem
1374 1010 1729 1067 affec-Pag.191.l3

20 1065 133 1108 tavit
148 1064 379 1109 Botaniata
393 1065 637 1120 imperante,
657 1064 771 1107 filius
798 1065 881 1107 fuit
896 1065 938 1108 N
939 1066 1156 1120 icephorus
1171 1065 1334 1119 Caesar,
1349 1067 1499 1110 Annae

20 1121 212 1173 marim,
240 1122 277 1165 si
307 1121 511 1165 Zonaram
541 1120 750 1164 audimus
806 1121 867 1164 At
904 1134 1021 1165 secus
1049 1122 1175 1166 Anna
1203 1123 1313 1178 ipsa:
1353 1123 1499 1166 scribit

21 1178 132 1221 enim
167 1178 240 1220 lib.
263 1179 329 1221 10.
358 1190 454 1233 pag.
475 1178 572 1220 274.
630 1177 912 1232 Nicephorum
957 1179 1226 1234 Bryennium,
1273 1179 1499 1235 Nicephori

21 1235 209 1290 Tyranni
236 1234 386 1286 filium,
415 1247 501 1278 una
530 1246 625 1276 cum
655 1235 774 1288 patre
803 1236 985 1289 captum,
1012 1235 1143 1278 oculis
1170 1235 1339 1290 perinde
1358 1236 1499 1290 priva—

21 1292 115 1333 tum
155 1290 295 1334 fuisse.
364 1290 601 1345 Nicephori,
647 1290 835 1345 Tyranni
877 1291 968 1343 filii,
1013 1304 1096 1334 11011
1140 1292 1266 1335 semel
1307 1292 1519 1335 meminitv

21 1347 257 1403 Bryennius
276 1346 440 1400 Caesar,
474 1346 547 1402 qui
561 1347 741 1389 Patricii
762 1347 1015 1403 dignitatem
1035 1348 1073 1390 ei
1091 1348 1257 1391 videtur
1284 1348 1498 1404 assignare

20 1403 95 1447 lib.
115 1404 156 1446 3.
186 1416 277 1459 cap.
296 1405 336 1447 9.
368 1404 443 1447 lib.
462 1405 502 1446 4.
534 1416 622 1458 cap.
646 1404 712 1445 12.
736 1404 799 1446 13.
830 1405 873 1447 et
904 1404 969 1447 14.
1013 1404 1115 1447 Fuit
1144 1404 1276 1460 igitur
1290 1405 1499 1459 Nicepho-

20 1473 92 1503 rus
121 1458 275 1504 Caesar
289 1460 477 1516 Tyranni
505 1473 553 1504 ex
583 1459 671 1502 filio
690 1472 828 1514 nepos,
850 1460 960 1515 quod
981 1461 1137 1503 evincit
1156 1473 1235 1504 vox
1262 1455 1497 1516 ἀπόγονος.

153 1520 272 1570 'Ami
302 1527 490 1570 δυτικῶν
521 1524 694 1584 μερῶν]
757 1528 821 1571 Β6
863 1529 1035 1584 origine,
1081 1529 1196 1571 fonte
1239 1530 1282 1572 et
1322 1528 1497 1572 decursu
1507 1535 1731 1582 Pag.192.A

21 1583 207 1627 Danubii
251 1584 388 1627 multa
419 1584 667 1637 AlderisiuS,
695 1584 860 1641 Strabo,
888 1585 1127 1640 ProcopiuS‚
1158 1585 1326 1628 Delrius
1353 1585 1407 1628 ad
1423 1584 1498 1628 86-

20 1653 147 1684 116036
174 1641 378 1694 Medeam,
409 1640 540 1684 Ortel.
569 1642 612 1684 et
641 1641 696 1684 al.

153 1703 240 1751 Διά
283 1706 415 1751 πέντε
457 1704 711 1766 στομάτων]
786 1708 953 1763 Septem
999 1708 1184 1752 Danubii
1224 1709 1332 1752 ostia
1374 1707 1537 1763 ponitA

20 1764 171 1808 Vibius
200 1764 432 1820 Sequoeter,
459 1778 528 1808 sex
548 1765 713 1808 Plinius
740 1765 814 1808 lib.
834 1766 875 1808 4.
905 1779 993 1821 cap.
1014 1767 1054 1809 6.
1084 1766 1266 1820 quinque
1289 1764 1494 1807 Arrianus

19 1821 66 1865 in
92 1821 260 1876 Periplo
289 1821 417 1864 Ponti
446 1821 611 1866 Euxini.

155 1876 490 1934 Προσηγορίαν]
523 1878 753 1922 Nominum
773 1879 918 1934 magni
937 1879 1060 1921 huius
1079 1878 1197 1921 fluvii
1217 1876 1495 1920 mutationem
1507 1883 1538 1918 Β

2 1935 140 1990 ‚ponit
185 1934 351 1978 Plinius
393 1935 466 1978 lib.
493 1935 534 1978 4.
571 1948 661 1990 cap.
693 1936 757 1978 12.
796 1935 865 1978 ubi
902 1935 1082 1990 primum
1112 1934 1328 1990 Hlyricum
1358 1932 1495 1984 alluit,

21 1991 173 2035 Strabo
198 1991 308 2034 libro
329 1992 368 2034 7.
396 1991 451 2034 ad
479 1991 567 2034 eius
605 1992 853 2043 cataractas,
883 1991 1147 2034 Ptolemaeus
1176 1990 1230 2033 ad
1259 1988 1496 2043 Axiopolim

21 2048 179 2100 urbem,
208 2047 249 2090 A
278 2047 427 2103 pianus
460 2047 502 2090 in
539 2048 649 2092 libro
687 2049 760 2104 qui
795 2048 988 2104 Illyricus
1024 2047 1276 2098 inscribitur,
1315 2045 1369 2088 ad
1397 2044 1498 2088 83111

20 2103 139 2147 fluvii
168 2061 457 2148 confluentem.

154 2159 375 2215 Πρέσβεις
400 2156 585 2216 ἑκατόν]
616 2161 685 2204 Ita
712 2160 912 2216 Aegyptii
939 2160 1106 2203 centum
1125 2159 1304 2213 Legatos
1318 2157 1538 2200 RomamB

21 2217 122 2260 olim
139 2217 341 2261 miserant
355 2217 411 2261 ad
430 2218 587 2274 Regem
609 2217 895 2260 Ptolemaeum
912 2215 1204 2267 accusandum,
1224 2215 1332 2257 teste
1349 2213 1495 2256 Dione.

160 2286 261 2327 Τῶν
288 2281 803 2341 ὖπογραμματευόντων]
849 2284 1116 2335 secretarius,
1151 2295 1223 2325 Seu
1253 2295 1278 2325 a
1304 2279 1535 2326 Secretis.c

21 2341 323 2388 Constantinus
350 2342 586 2386 Manassoe:

187 2403 413 2453 Ἀνάκτων
439 2405 819 2466 ὗπογραμματεύς,
851 2404 902 2450 ὅν
931 2421 1065 2464 φασιν
1092 2400 1373 2463 Ἀσηκρὴτην.

155 2475 342 2534 Μικρᾰν
369 2477 583 2534 Νικαίαν]
659 2477 775 2531 Quae
817 2476 860 2518 in
901 2475 1012 2518 Edit.
1057 2473 1272 2516 Hoeschel.
1317 2469 1497 2536 Νικίτζα
1506 2476 1729 2523 Pag.193.B

20 2530 375 2590 ὑποκοριστικῶς
410 2535 567 2579 dicitur
611 2534 664 2578 ad
707 2532 929 2575 discrimen
972 2531 1152 2573 Nicaeae
1194 2529 1239 2571 in
1281 2528 1497 2583 B1thyma,

21 2605 149 2647 quam
179 2591 394 2647 Maynam
439 2592 563 2635 vocat
607 2589 925 2634 Villharduinus
967 2587 1021 2629 N.
1052 2586 1147 2628 237.
1190 2586 1232 2628 et
1271 2584 1366 2626 247.
1410 2582 1499 2626 Nw

21 2648 238 2692 willelmo
265 2649 394 2704 Tyrio
429 2648 503 2692 lib.
523 2649 561 2690 2.
594 2660 683 2701 cap.
704 2647 744 2688 4.
775 2644 854 2687 Nit
883 2644 924 2686 et
952 2643 1056 2685 Nitz
1085 2641 1220 2685 Odoni
1249 2640 1299 2683 de
1327 2639 1497 2704 Diogilo

0 2703 95 2747 lib.
114 2706 155 2747 2.
182 2705 318 2748 Nissa
347 2704 393 2747 in
421 2704 573 2759 Exped.
605 2702 762 2746 Frider.
790 2700 945 2744 Nissen
987 2697 1203 2753 Tagenoni
1240 2697 1496 2746 Patavlensn,

0 2796 8 2810 2
22 2759 136 2817 Νίκη
173 2762 252 2826 τῆς
292 2757 467 2820 Θρᾴκης
507 2759 671 2804 Socrati
709 2757 782 2801 lib.
804 2758 844 2800 2.
874 2768 963 2810 cap.
983 2755 1051 2797 36.
1090 2754 1132 2797 et
1159 2754 1231 2818 lib.
1248 2753 1289 2795 4.
1319 2764 1409 2806 cap.
1432 2751 1498 2794 11.

22 2815 278 2862 Theodonto
315 2817 389 2862 lib.
419 2819 459 2861 2.
496 2829 587 2872 cap.
617 2817 685 2858 21.
726 2812 961 2867 Nicephoro
1009 2810 1113 2855 Call.
1156 2809 1230 2853 hb.
1251 2809 1290 2852 9.
1319 2820 1409 2863 cap.
1429 2807 1498 2849 41.
