1794 3132
559 219 615 252 m
642 218 930 254 ALEXIADEM
961 221 1124 256 NOTAE
1499 218 1584 261 489

98 326 385 388 Ὀξυβλὰτταν
440 334 664 386 vocabant,
710 332 928 377 Βλαττίον
973 329 1049 389 ὀξὺ
1091 336 1298 381 Cedrenus
1338 339 1381 381 in
1417 340 1582 384 Tiberio

99 403 196 446 pag.
225 391 321 435 393.
361 391 535 434 tertiam
575 390 754 446 denique
782 391 1024 444 violaceam,
1058 393 1145 436 sive
1172 394 1419 438 ianthinam.
1483 397 1583 439 Fuit

100 447 202 490 olim
231 447 277 490 in
306 447 442 503 pretio
470 446 623 490 Blatta
656 447 801 502 Tyria,
832 448 898 491 vel
929 449 1143 504 Purpura:
1172 450 1367 494 Sidonius
1399 465 1525 496 carm.
1543 455 1582 497 5.

231 502 397 548 Pontus
429 503 641 559 Castorea,
671 504 867 548 Blattam
888 505 1041 561 Tyrus,
1070 521 1172 550 aera
1197 506 1434 551 Corinthus.

99 560 426 615 Neapolitanam
457 560 723 604 commendat
742 562 994 605 Anastasius
1014 563 1262 607 Bibliothec.
1291 565 1334 606 in
1356 565 1489 610 Leone
1503 566 1581 609 III.

99 616 167 660 De
182 616 359 661 Blattin
378 617 690 672 Neapolitano.-
715 618 788 661 sed
806 619 1049 673 praesertim
1072 620 1349 675 Byzantinam
1377 635 1471 678 pag.
1491 624 1582 665 150.

101 675 194 717 151.
216 675 310 718 152.
332 675 426 718 153.
468 674 587 717 Idem
616 674 806 729 Scriptor
835 675 880 717 in
910 675 1128 719 Paschali:
1176 676 1335 720 Obtulit
1375 679 1423 720 in
1461 693 1583 722 sacro

98 730 232 774 altari
257 735 409 775 voetem
438 731 490 774 de
516 730 691 774 Blattin
718 731 955 786 Byzantea.
999 732 1054 774 Et
1084 746 1191 784 mox,
1221 733 1277 776 In
1300 734 1415 777 dicta
1441 734 1583 778 Eccle-

95 788 164 831 sia
187 787 289 841 fecit
316 787 409 832 vela
439 787 576 843 Tyria
624 787 690 843 (ex
719 788 868 832 Blatta
898 802 1045 844 nempe
1077 790 1225 847 Tyria)
1265 805 1358 834 cum
1380 792 1585 848 periclysi

97 844 149 887 de
165 843 340 888 Blattin
357 845 593 901 Byzantea.
625 843 841 887 Βλαττίον
857 842 1102 900 Βυζάντιον
1131 847 1278 890 laudat
1307 848 1434 891 etiam
1450 849 1585 891 Actu·

98 901 224 944 ariuS.
284 901 360 944 Nil
409 901 565 944 mirum
592 901 739 957 igitur,
781 902 816 946 si
845 903 1080 958 Imperator
1106 903 1312 946 Henricus
1355 905 1409 948 ab
1438 905 1584 949 Alexio

98 955 255 1000 ἕκατον
282 954 467 1012 βλάπια
495 958 550 1002 ad
584 972 627 1002 se
667 959 783 1002 mitti
820 960 1011 1014 petierat,
1052 960 1151 1015 quia
1190 961 1426 1016 Byzantina
1466 975 1585 1016 prae-

96 1015 242 1058 sertim
271 1016 317 1058 in
346 1016 482 1071 pretio
512 1016 644 1059 erant.
703 1016 796 1059 Iam
833 1029 929 1059 vero
961 1029 1116 1069 vocem,
1145 1016 1339 1070 βλαττία,
1378 1018 1457 1061 hoc
1492 1018 1584 1062 loco

95 1075 228 1115 vestes
257 1071 497 1128 significare
531 1073 625 1116 vult
655 1071 879 1116 Gretzerus
911 1073 964 1116 ad
996 1073 1223 1117 Codinum:
1264 1073 1441 1118 Pannos
1470 1075 1586 1130 ipsos

94 1128 347 1173 holoserico-s·
374 1130 535 1173 ostrina
577 1129 714 1173 colore
753 1131 917 1186 tinctos,
962 1130 1179 1174 Glossator
1212 1132 1430 1175 Annaeus:
1475 1132 1584 1187 quod

96 1186 233 1241 magis
259 1186 442 1241 probem.
492 1186 604 1230 Nam
632 1187 818 1230 extrema
846 1189 888 1230 et
917 1189 1153 1230 senescente
1173 1187 1349 1231 Graecia
1378 1187 1585 1242 βλαττίον

95 1255 170 1297 pro
200 1243 332 1286 serico
377 1245 628 1298 usurpatum
664 1245 842 1287 constat.
901 1244 1008 1287 Vide
1039 1244 1216 1287 Salmas.
1245 1244 1298 1287 ad
1330 1245 1441 1288 Hist.
1471 1246 1582 1301 Aug.

232 1295 509 1371 Κατεπάνω]
556 1300 724 1344 Dicitur
754 1300 1056 1344 Constantinus
1087 1302 1167 1344 iste
1202 1302 1368 1356 propter
1396 1301 1582 1357 dignita·
1597 1305 1793 1354 Pag.94.A

95 1356 182 1398 tem
225 1356 617 1413 Πρωτοπροεδρου
648 1353 901 1400 Κατεπάνω
951 1359 1040 1399 τῶν
1065 1351 1339 1412 ἀξιωμάτων,
1387 1358 1464 1401 hoc
1508 1360 1582 1410 est,

94 1413 430 1468 Magistratuum
460 1415 700 1469 Supremus,
731 1428 803 1458 seu
846 1415 918 1470 qui
944 1415 1279 1469 Magistratibus,
1309 1415 1585 1458 Axiomaticis

96 1469 139 1512 et
169 1469 379 1524 Proedris,
410 1473 479 1515 vel
508 1471 769 1516 Consiliariis
798 1473 973 1526 praeest.
1019 1472 1131 1515 Nam
1162 1470 1332 1514 Graecis
1359 1465 1585 1526 ἀξιώματα

95 1527 196 1569 sunt
226 1527 481 1584 Dignitatoe.
543 1528 657 1571 Hinc
686 1522 993 1582 ἀξιωματικός,
1024 1528 1310 1578 Honorarius‚
1349 1529 1422 1583 qui
1458 1529 1583 1573 hono-

94 1597 184 1626 rem
213 1585 338 1640 gerit,
366 1585 412 1627 in
429 1584 564 1630 Gloss.
587 1584 823 1628 Graecolat.
855 1585 985 1628 Aliud
1005 1585 1140 1628 Gloss
1162 1584 1425 1640 Diynitosus‚
1452 1580 1584 1638 ἀξιω-

94 1637 292 1695 ματικός.
347 1641 542 1686 Occurrit
570 1654 649 1685 vox
688 1642 771 1685 ista
808 1655 890 1686 non
921 1642 1049 1685 semel
1088 1643 1133 1684 in
1162 1642 1356 1685 Basilicis
1386 1641 1457 1684 lib.
1476 1644 1515 1684 6.
1542 1642 1583 1685 et

95 1697 207 1752 apud
236 1697 524 1743 Modoefinum
552 1699 626 1742 lib.
646 1700 684 1743 6.
716 1699 910 1742 Excusat.
944 1698 1156 1742 Guillelm.
1189 1698 1391 1741 Biblioth.
1422 1698 1466 1741 in
1492 1698 1583 1741 Ha-

94 1753 243 1798 driano
272 1755 329 1798 II.
374 1754 489 1799 Eum
515 1756 763 1810 Pontificali
790 1756 931 1810 pallio
960 1756 1213 1810 impositum,
1234 1755 1583 1809 praecedentibus

94 1810 380 1855 Axiomaticis
408 1817 448 1856 et
473 1813 820 1868 subsequentibus
848 1813 1024 1867 reliquis
1056 1812 1192 1855 turbis
1217 1812 1263 1854 in
1281 1811 1425 1854 urbem
1443 1812 1583 1855 redire

95 1873 414 1922 conspexerant.
472 1870 727 1914 Anastasius
755 1869 799 1912 in
830 1870 942 1912 Hist.
973 1869 1084 1912 Eccl.
1122 1866 1228 1911 Gum
1257 1868 1359 1911 aliis
1388 1869 1579 1923 quinque,

94 1925 232 1968 tribus
274 1925 443 1980 quidem
491 1927 733 1979 Gomitibus‚
777 1926 937 1970 duobus
978 1940 1072 1969 vero
1118 1925 1412 1968 Axiomaticis.
1471 1925 1583 1967 Hinc

94 1974 1583 2094 emmdhfflpsspszzzz

223 2072 233 2090 ς
723 2059 744 2083 J.
889 2076 897 2083 .
991 2075 999 2083 .
1054 2073 1063 2082 .
1108 2057 1117 2064 '
1175 2074 1184 2082 .
1230 2073 1239 2082 .

95 2095 267 2139 Basilic.
298 2096 431 2141 Porro
460 2111 539 2141 vox
584 2092 822 2140 κατεπάνω
882 2097 1141 2151 sequioribus
1173 2095 1356 2145 GraeciS,
1397 2095 1484 2138 sive
1528 2094 1581 2137 ab

95 2148 245 2195 ἐπάνω
291 2154 334 2197 et
361 2150 484 2206 κατὰ,
513 2168 585 2198 seu
616 2168 640 2198 a
671 2154 878 2198 vocabulo
915 2154 1065 2196 Latino
1105 2151 1374 2206 Capitaneus,
1413 2150 1580 2202 deflexa,

95 2210 285 2264 quemvis
315 2211 571 2266 praefectum
602 2211 773 2265 ordinis,
804 2212 879 2254 aut
908 2210 1146 2264 provinciae
1172 2207 1397 2264 significat.
1457 2206 1581 2262 Apud

95 2265 321 2322 Scylitzem
350 2281 446 2324 pag.
470 2269 566 2312 727.
601 2267 834 2311 κατεπάνω
877 2269 954 2323 τῆς
992 2262 1110 2308 κάτω
1143 2264 1332 2331 ΖΡΙηρίας.
1372 2277 1467 2331 pag.
1487 2264 1579 2330 74].

94 2319 330 2366 κατεπάνω
379 2318 575 2382 Ἰβηρίας.
629 2338 724 2381 pag.
756 2326 852 2369 843.
909 2323 1088 2374 Παῦλος
1135 2321 1376 2375 Προεδρος,
1429 2336 1453 2362 o
1501 2335 1582 2375 της

94 2374 298 2437 Ἐδέσσης
325 2379 575 2426 κατεπάνω.
613 2396 709 2438 pag.
731 2382 829 2425 858.
864 2376 1096 2421 κατεπόνει)
1126 2379 1204 2436 τῆς
1232 2374 1420 2426 πόλεως.
1455 2377 1578 2432 Apud

96 2437 420 2482 Constantinum
451 2439 502 2483 de
532 2440 702 2482 Admin.
734 2440 840 2492 Imp.
872 2450 960 2491 cap.
982 2438 1050 2480 50.
1081 2432 1312 2477 κατεπάνω
1345 2433 1435 2475 τῶν
1450 2435 1581 2487 Μαρ-

94 2493 261 2536 δαϊτῶν
288 2487 533 2548 amazias.
565 2496 691 2550 Apud
712 2494 1069 2549 Theophylactum
1090 2492 1215 2547 Bulg.
1238 2491 1430 2545 Archiep.
1447 2490 1581 2554 Epist.

97 2552 163 2594 19.
193 2548 444 2595 κατεπάνου
475 2567 553 2596 vox
584 2553 777 2596 occurrit.
838 2551 898 2593 At
930 2563 980 2592 ue
1019 2549 1116 2591 inde
1154 2548 1278 2591 facile
1307 2548 1369 2590 est
1398 2547 1578 2598 haurire,

94 2607 204 2651 unde
233 2609 557 2664 appellationem
596 2609 736 2652 sortiti
774 2608 859 2651 sint
926 2607 1110 2660 atcpani,
1147 2618 1217 2647 seu
1250 2603 1463 2657 Catapani
1491 2603 1581 2645 Ita-

94 2665 189 2716 liae,
225 2666 303 2708 sub
342 2666 672 2722 Imperatoribus
705 2663 951 2721 Byzantinis
1001 2664 1099 2705 ante
1126 2661 1465 2704 Normannorum
1504 2658 1580 2702 ad-

93 2722 281 2774 ventum,
302 2735 482 2778 quorum
503 2724 647 2766 crebra
668 2723 730 2765 est
745 2720 856 2776 apud
869 2719 1099 2774 Scriptores
1120 2717 1289 2769 mentio,
1306 2715 1577 2765 Falcandum,

93 2777 316 2822 Falconem
349 2780 706 2833 Beneventanum,
743 2778 1012 2831 Anonymum
1043 2775 1282 2823 Barensem,
1324 2772 1578 2838 Scriptorem

93 2834 207 2880 vitae
233 2834 276 2881 S.
299 2836 454 2881 Vitalis
485 2836 618 2882 Sic-uli
647 2836 688 2878 et
716 2835 832 2878 alios
901 2832 982 2877 Sed
1012 2833 1053 2875 et
1085 2831 1138 2874 ab
1170 2843 1252 2873 uno
1290 2843 1337 2873 ex
1371 2841 1424 2872 us
1454 2827 1578 2883 Cap1-
