1734 3120
201 213 281 254 278
707 218 872 252 ANNAE
903 219 1170 253 COMNENAE

197 333 312 392 πρὸς
342 331 476 380 αὐτὸν
508 330 649 378 αὐτοῦ
678 350 768 377 που
799 334 1120 390 προσμένοντα,
1162 332 1214 379 τδ
1252 336 1332 392 μὲν
1369 333 1452 393 τήν
1480 333 1688 379 ἁπάντων

201 402 371 447 ἔλευσιν
414 399 780 458 ἀπεκδεχόμενοι),
831 400 883 445 τδ
934 403 982 446 δὲ
1026 404 1096 451 καὶ
1141 401 1223 461 τήν
1267 402 1472 462 σφοδράν
1523 405 1688 460 ἐκείνην

157 469 352 529 Βόδύνην
382 471 526 530 ῥαΐσαι
566 470 812 526 ἐλπίζοντα.
886 471 1118 530 πλησιφαῆ
1162 472 1210 515 δὲ
1254 470 1333 530 τὴν
1377 470 1559 531 σελήνην
1604 467 1687 530 ἤδη

197 537 486 595 θεασάμενος,
532 539 631 584 ἐπεὶ
670 542 908 596 συμπαρῆν
948 540 1021 584 καὶ
1050 538 1075 599 ἡ
1106 535 1346 598 Αὔγουστα
1379 545 1457 602 τῆς
1485 545 1574 585 τῶν
1604 559 1689 585 πο-

197 610 287 652 δῶν
317 602 473 666 ὅδὺνης
504 608 824 666 ἕπιμελουμένη
856 609 929 652 καὶ
958 610 1230 667 κουφίζουσα
1263 608 1423 654 τούτου
1453 608 1531 662 τὰς
1560 606 1724 668 ἄλγη-5

195 675 326 729 δόνας
368 674 440 720 διὰ
486 677 699 729 παντοίας
742 676 1009 733 ἐπιμελείας,
1058 675 1119 730 ὥς
1177 675 1259 722 “sis
1295 678 1440 723 ποτε”
1495 674 1622 723 εἶπεν
1663 676 1686 722 ὃ

194 741 399 800 βασιλεύς
447 743 524 795 ιᾸὲς
569 741 799 804 προνομὴν
844 741 886 787 οἳ
924 747 1113 800 Τοῦρκοι
1159 744 1350 805 ὁρμῆσαι
1378 743 1626 801 ἐβούλοντο,
1663 744 1687 789 ὃ

195 809 347 867 καιρὸς
375 805 455 870 ἤδη
487 809 738 870 ἐπιτήδειος
766 809 967 868 πάρεστι,
1000 813 1071 856 καὶ
1091 808 1290 870 ἄχθομαι
1309 812 1387 858 τὸν
1406 812 1689 873 προσήκοντα

198 877 349 936 καιρὸν
378 875 716 932 ἅπολωλε·κώς”.
776 879 968 936 ἑσπέρας
1005 882 1085 938 μὲν
1118 880 1205 941 ἔφη
1235 885 1386 937 τοῦτο,
1419 881 1529 926 κατὰ
1557 883 1606 927 δὲ
1634 881 1687 927 τὸ

197 949 476 1006 περίορθρον
504 946 724 993 εἰσελθών
746 946 769 993 ὁ
792 951 899 1007 περὶ
924 948 1002 994 τὸν
1021 953 1212 995 κοιτῶνα
1239 953 1329 995 τῶν
1354 952 1573 1007 βασιλέων
1593 952 1689 995 ἕνα·
1704 963 1734 995 1(

197 1015 491 1074 σχολούμενος
521 1017 727 1074 ἐκτομίας
756 1018 839 1076 τήν
865 1020 956 1062 τῶν
994 1017 1203 1075 Τούρκων
1236 1021 1280 1073 ἐς
1309 1020 1495 1064 Νίκαιαν
1533 1017 1689 1079 κατήγ-

158 1087 336 1143 Ογειλεν
369 1083 535 1144 ἔφοδον
571 1086 643 1129 καὶ
673 1089 752 1130 τοῦ
782 1090 1020 1144 τηνικαῦτα
1059 1085 1224 1146 ταύτην
1262 1090 1570 1148 φρουροῦντος
1598 1084 1688 1132 Ev'-

45 1165 89 1202 V.
114 1166 183 1201 347
197 1153 387 1198 σταθίου
433 1157 513 1197 τοῦ
545 1151 755 1213 Καμύτζη
801 1153 975 1214 γραφὴν
1018 1154 1252 1200 ὑπεδείκνυ
1300 1155 1354 1201 τὰ
1397 1160 1489 1201 κατ’
1529 1152 1689 1210 αὐτοὺς

197 1218 588 1278 διαλαμβάνουσαν.
636 1219 659 1266 ὃ
691 1225 800 1280 γοῦν
832 1219 1117 1281 αὐτοκράτωρ
1141 1225 1251 1283 μηδὲ·
1279 1223 1436 1282 μικρὸν
1457 1222 1689 1282 ἀναμείνας

196 1290 305 1347 μηδὲ
334 1291 556 1348 μελλήσας
578 1287 704 1344 ὅλως,
737 1286 828 1335 ἄλλ’
863 1287 962 1336 οἷον
982 1296 1060 1351 τῆς
1088 1291 1352 1352 συνεχούσης
1378 1290 1511 1338 αὐτὸν
1532 1289 1689 1352 ὀδύνης
1705 1301 1734 1335 1ἔ

197 1355 527 1415 ἐπιλαθόμενος
572 1359 626 1402 δι’
673 1356 932 1418 ἁρμαμάξης
957 1356 1055 1421 ’τῆς
1099 1360 1215 1418 πρὸς
1248 1363 1434 1406 Νίκαιαν
1467 1360 1690 1420 φερούσης

198 1423 350 1483 ἥψατο
394 1428 447 1487 τῇ
493 1428 615 1487 δεξιᾷ
659 1429 771 1485 χειρὶ
815 1427 944 1486 λύγον
983 1430 1188 1485 κατέχων.
1268 1429 1309 1475 οἱ
1345 1431 1394 1476 δὲ·
1424 1435 1690 1488 στρατιῶται

198 1497 429 1551 τηνικαῦτα
471 1493 527 1538 τὰ
571 1492 735 1551 δόρατα
786 1499 815 1553 †
859 1494 1036 1541 τούτων
1078 1493 1404 1556 α’ναλαβόμενοι
1456 1500 1548 1544 κατ’
1593 1497 1690 1553 ἴλας

198 1560 428 1620 στοιχηδὸν
466 1563 535 1622 ἐφ’
573 1561 755 1621 ἑκάτερα
789 1562 922 1611 ἵεντο.
987 1567 1060 1610 καὶ
1091 1564 1132 1611 οἳ
1162 1568 1242 1623 μὲν
1271 1569 1501 1624 παρέθεον
1528 1570 1686 1627 τούτῳ,

199 1628 241 1673 οὶ
271 1630 319 1675 δὲ
349 1631 660 1687 προέπεμπον,
695 1630 737 1677 οἳ
760 1635 808 1678 δὲ
844 1635 1108 1679 συνείποντο
1130 1637 1436 1693 συγχαίροντες
1462 1637 1542 1693 μὲν
1570 1632 1689 1695 αὐτῷ
1702 1649 1734 1683 2(

198 1696 305 1741 κατὰ
352 1700 442 1742 τῶν
487 1698 724 1756 βαρβάρων
769 1702 1069 1762 ἑξορμήσαντι,
1122 1700 1357 1762 ἀνιώμενοι
1407 1705 1455 1750 δὲ
1497 1704 1571 1750 dm}
1612 1703 1690 1766 τὴν

329 1858 360 1890 7.
388 1856 425 1894 ἐς
449 1856 490 1901 F,
517 1859 567 1896 εἰς
590 1857 666 1893 ΡΑ.
811 1860 844 1895 8.
872 1857 1043 1908 ἄχθομαι
1069 1858 1138 1906 ἤδη
1168 1862 1208 1904 P,
1233 1857 1302 1906 ἤδη
1328 1875 1400 1898 om.
1428 1862 1505 1898 FA.
1631 1864 1686 1899 14.

331 1904 484 1952 διαλαμ]
511 1906 551 1940 in
576 1906 651 1942 ima
676 1908 816 1954 pagina
834 1920 882 1944 m.
901 1909 947 1944 al.
974 1907 1052 1945 ἀπὸ
1078 1911 1151 1946 τῶν
1178 1907 1250 1946 ὦδε
1269 1913 1438 1946 λείπουσι
1463 1907 1583 1958 φύλλα
1609 1907 1686 1948 δύο.

328 1958 534 1998 sequuntur
556 1954 630 1990 duo
657 1954 747 1991 folia
767 1957 932 1994 insiticia
949 1970 997 1994 m.
1019 1971 1091 1995 ree.
1110 1959 1261 2006 scripta.
1385 1962 1438 1996 15.
1463 1955 1627 2007 μελήσας
1644 1960 1687 1995 F.

334 2003 387 2035 17.
414 1997 526 2047 λύγον
549 2002 619 2049 FC,
646 2000 761 2050 λόγον
784 2005 824 2041 P.
987 2008 1042 2042 19.
1073 2007 1253 2055 στιχηδὸν
1279 2009 1321 2044 F.
1412 2012 1525 2044 ἵενται
1550 2008 1581 2043 F
1609 2008 1687 2055 (sed

334 2049 461 2085 eadem
486 2063 534 2086 m.
564 2063 663 2087 corr.
691 2054 814 2100 ἵεντο).

197 2192 334 2236 partim
361 2192 461 2237 quod
497 2196 682 2231 exercitus
719 2196 917 2233 adventum
958 2200 1190 2245 expectabat,
1224 2200 1365 2246 partim
1389 2200 1490 2245 quod
1513 2211 1688 2246 magnum

196 2240 299 2274 illum
329 2240 463 2285 pedum
505 2242 670 2279 dolorem
709 2245 909 2282 delinitum
935 2247 984 2282 iri
1012 2249 1196 2294 sperabat.
1262 2249 1415 2284 interim
1441 2248 1687 2293 plenilunium

196 2289 452 2334 conspicatus,
498 2302 579 2326 cum
610 2294 779 2339 Augusta
803 2295 949 2331 adesset
974 2296 1186 2343 pedumque
1213 2297 1360 2332 dolores
1386 2297 1487 2332 omni
1513 2309 1604 2332 cura
1641 2298 1688 2332 le-

197 2348 284 2371 vare
309 2337 488 2384 studeret,
514 2339 715 2385 “Turcae‚⁷'
741 2343 867 2388 inquit
891 2344 945 2379 “si
973 2345 1123 2389 quidem
1150 2345 1197 2380 ad
1223 2345 1380 2391 praedas
1404 2357 1600 2390 erumpere
1626 2358 1687 2381 vo-

196 2384 343 2424 lebant,
370 2398 468 2422 nunc
492 2387 598 2423 adest
622 2392 769 2435 tempus
795 2394 1177 2439 opportunissimum3
1213 2394 1313 2439 quod
1340 2405 1397 2429 me
1421 2393 1572 2439 quidem
1598 2395 1687 2429 omi-

197 2433 295 2477 sisse,
322 2437 377 2468 est
402 2446 499 2480 sane,
526 2437 626 2481 quod
643 2438 824 2475 doleam.”
868 2441 920 2476 sic
935 2453 1087 2488 vespere
1105 2443 1251 2478 locutus
1277 2446 1354 2484 est:
1381 2454 1489 2477 mane
1506 2443 1689 2488 postridie

197 2484 465 2526 imperatorum
490 2486 704 2521 cubiculum
730 2489 876 2524 intrans
902 2490 1117 2536 eunuchus,
1142 2492 1202 2526 cui
1229 2503 1320 2526 cura
1345 2491 1424 2526 eius
1465 2491 1688 2527 demandata

197 2532 287 2572 erat,
311 2533 349 2583 et
373 2530 511 2566 'rm-eas
537 2537 667 2569 contra
682 2535 856 2571 Nicaeam
883 2537 1069 2583 proficisci
1097 2540 1247 2574 nuntiat
1273 2543 1311 2574 et
1336 2539 1528 2575 Eustathii
1542 2539 1686 2585 Camyt-

195 2589 269 2620 zae,
295 2589 373 2612 elus
399 2583 488 2615 tunc
512 2582 705 2626 praefecti,
731 2585 928 2630 epistulam
969 2588 1146 2633 ostendit,
1179 2600 1263 2634 qua,
1302 2588 1393 2633 quid
1429 2587 1483 2623 illi
1523 2592 1686 2634 agerent,

194 2627 376 2679 exposuit.
429 2640 543 2672 quare
571 2630 757 2674 dolorum,
790 2634 926 2678 quibus
952 2637 1203 2680 cruciabatur,
1230 2637 1335 2682 quasi
1363 2636 1502 2671 oblitus
1528 2637 1686 2682 impera-

194 2676 254 2708 tor
280 2685 357 2708 sme
385 2675 457 2710 ulla
485 2678 540 2712 vel
567 2679 721 2715 minima
746 2694 851 2716 mora
876 2695 989 2718 curru
1013 2684 1190 2720 Nicaeam
1215 2684 1386 2730 pervolat
1411 2684 1545 2719 dextra
1573 2697 1684 2720 manu

193 2720 379 2767 flagellum
407 2724 485 2768 ipse
511 2729 650 2771 tenens,
675 2731 1001 2777 properabantque
1028 2733 1157 2768 eodem
1186 2733 1302 2767 hastis
1327 2734 1488 2778 arreptis
1519 2733 1684 2768 militum

192 2769 363 2804 cohortes
389 2775 475 2815 apte
501 2775 690 2820 utrimque
710 2777 924 2824 dispositae,
952 2781 1091 2825 partim
1118 2784 1381 2826 procurrentes
1409 2781 1547 2826 partim
1573 2782 1685 2817 comi-

192 2821 315 2852 tantes
341 2819 479 2862 partim
505 2823 788 2870 subsequentes3
815 2828 911 2862 mira
936 2828 1130 2865 alacritate
1146 2841 1284 2870 omnes.
1301 2829 1401 2875 quod
1416 2830 1681 2875 imperatorem

191 2869 320 2904 contra
350 2866 526 2905 barbaros
552 2871 848 2917 proficiscentem
877 2876 1068 2920 videbant,
1094 2879 1221 2915 tristes
1247 2890 1350 2924 vero,
1376 2877 1464 2924 quia
1491 2878 1685 2915 doloribus
1713 2901 1734 2927 ς
