1780 3138
251 237 303 277 92
757 239 921 274 ANNAE
953 238 1220 272 GOMNENAE

251 354 412 411 κούσας
441 357 514 401 καὶ
543 353 703 400 στόλον
737 351 885 398 ἱκανόν
922 353 1194 405 καταλιπεῖν,
1241 345 1338 396 εἶτα
1378 352 1433 396 δι’
1479 346 1625 396 αὐτῶν
1663 351 1746 405 τοὶς

101 437 139 472 P.
167 436 236 471 322
250 430 338 471 τῶν
366 423 602 483 βαρβάρων
633 420 919 479 ἇναχαιτίζειν
949 420 1089 479 ὁρμὰς
1123 422 1197 466 καὶ
1230 415 1638 467 ἀντικαθίστασθαι
1667 417 1745 466 αὗ-

97 485 141 522 V·
167 485 237 520 255
251 500 347 549 τοῖς
390 487 494 558 κᾷθ’
528 492 669 547 οὕτως
696 490 807 550 μετὰ
837 499 918 536 τοῦ
947 493 1110 536 λοιποῦ
1140 488 1476 548 στρατεύματος
1512 497 1590 550 τῆς
1629 488 1746 548 πρὸς

252 560 522 620 Ἀντιόχειαν
566 560 789 622 φερούσης
827 559 1038 619 ἅψασθαι
1079 557 1191 617 μετὰ
1228 562 1318 604 τῶν
1360 554 1606 616 ἅναμεταξύ
1636 563 1741 616 βαρ-

249 631 400 691 βάρων
430 629 490 686 ίῦς
511 631 607 677 ἕνὸν
626 629 887 688 μαχόμενος.
936 627 1352 687 μεταπεμψάμενος
1380 629 1529 673 τοίνυν
1547 626 1780 687 Ἰωάννηνδ

251 699 329 746 τὸν
357 699 532 746 Δούκαν
573 701 645 745 καὶ
684 697 1031 758 γυναικάδελφον
1061 693 1197 742 αὐτοῦ
1229 697 1510 753 παραδίδωσι
1540 695 1746 753 δυνάμεις

251 771 297 815 ἐκ
328 767 557 829 διαφόρων
591 769 918 826 συνειλεγμένας
953 770 1110 824 χωρῶν
1154 767 1225 811 καὶ
1274 765 1436 811 στόλον
1480 760 1747 823 α’ποχρῶντα

251 837 367 895 πρὸς
389 836 468 896 τὴν
497 841 586 882 τῶν
626 837 855 893 παραλίων
894 834 1073 880 πόλεων
1113 836 1376 892 πολιορκίαν
1416 836 1489 880 καὶ
1524 831 1663 894 αὐτήν
1699 835 1746 880 δὲ

251 907 329 968 τὴν
371 910 452 952 τοῦ
487 909 631 963 Τζαχᾶ
677 907 899 964 θυγατέρα
944 908 1297 961 κατασχεθεῖσαν
1323 903 1436 962 μετὰ
1470 907 1561 949 τῶν
1587 898 1744 958 ἄλλων,

254 974 418 1022 ὁπόσοι
447 974 569 1029 ἐντός
596 978 674 1036 τῆς
704 976 890 1028 Νικαίας
919 972 1021 1018 τότε
1055 973 1221 1030 ἔτυχον,
1259 971 1516 1034 ἐπισκήψας
1547 975 1779 1032 διακηρυ-1

253 1042 395 1090 κεύειν
422 1045 503 1101 μὲν
532 1046 757 1099 πανταχοῦ
786 1041 868 1102 τήν
896 1046 978 1100 τῆς
1009 1043 1195 1096 Νικαίας
1223 1040 1401 1097 ἅλωσιν,
1431 1042 1471 1088 εἰ
1503 1040 1627 1103 δὲμὴ
1645 1058 1747 1087 πισ-

210 1113 439 1167 Βτεὺοιτο,
482 1108 619 1171 αι’τὴν
660 1110 738 1170 τὴν
767 1119 847 1157 τοῦ
884 1114 1027 1169 Τζαχᾶ
1059 1113 1283 1170 θυγατέρα
1314 1109 1626 1157 ὑποδεικνύναι
1652 1115 1749 1165 τοῖς

253 1180 501 1239 σατράπαις
527 1185 616 1226 τῶν
654 1178 864 1238 Τούρκων
898 1183 969 1226 καὶ
1001 1186 1098 1234 τοῖς
1126 1179 1180 1225 τὰ
1217 1181 1322 1238 περὶ
1353 1178 1582 1226 θάλατταν
1619 1198 1749 1239 νεμο-

253 1253 402 1309 μένοις
430 1248 682 1308 βαρβάροις,
723 1249 781 1303 ιῦς
815 1247 868 1294 ἂν
899 1248 939 1295 οἱ
970 1249 1050 1304 τὰς
1082 1245 1163 1311 ἤδη
1195 1250 1410 1309 ῥηθείσας
1440 1247 1597 1303 πόλεις
1626 1250 1748 1294 κατέ-

253 1338 404 1376 χοντες
455 1317 645 1376 ὁρῶντες
681 1317 842 1378 ταύτην
882 1320 952 1363 καὶ
993 1316 1305 1376 βεβαιούμενοι
1343 1315 1422 1376 τὴν
1452 1321 1531 1377 τῆς
1564 1318 1780 1371 ΝικαιάςῙ

253 1387 419 1434 ἅλωσιν
461 1385 731 1447 ἀπογνόντες
759 1384 946 1447 ἀμαχητὶ
978 1389 1224 1445 παραδοῖεν
1253 1385 1332 1441 τὰς
1359 1386 1527 1441 πόλεις.
1570 1385 1748 1447 ἐφοδιά·

254 1475 334 1511 σας
394 1450 475 1502 οὖν
532 1454 690 1511 ἱκανῶς
739 1456 812 1502 διὰ
856 1458 1083 1502 παντοίων
1140 1454 1219 1500 τόν
1262 1452 1463 1515 Ἰωάννην
1509 1454 1746 1510 ἐκπέμπει.

254 1525 401 1571 ὁπόσα
430 1527 478 1571 δὲ
507 1525 616 1570 κατὰ
641 1530 719 1571 τοῦ
739 1528 882 1582 Τζαχᾶ
909 1524 1104 1584 τρόπαια
1133 1517 1264 1579 οὗτος
1286 1523 1504 1584 ἐστήσατο
1527 1526 1600 1570 καὶ
1623 1521 1750 1578 ὅπως

253 1599 412 1639 τοῦτον
442 1596 617 1640 ἐκεῖθεν
647 1594 863 1655 ἀπήλασε,
884 1595 1074 1653 ,προϊών
1105 1593 1128 1640 ὃ
1160 1593 1290 1653 λόγος
1319 1592 1570 1653 δηλώσειεν.
1616 1591 1639 1638 ό
1669 1592 1749 1650 μὲν

255 1655 332 1707 οὖν
376 1661 490 1720 δούξ
514 1665 586 1709 καὶ
616 1669 748 1718 θεῖος
778 1663 916 1722 οὑμός
945 1662 1062 1721 πρὸς
1098 1663 1266 1723 μητρὸς
1295 1670 1358 1724 τῷ
1391 1664 1566 1720 βασιλεῖ
1597 1671 1780 1707 ‹tvvm-2

255 1730 438 1791 ξάμενος
458 1737 535 1794 τῆς
558 1732 901 1791 μεγαλοπόλεως
929 1733 1061 1789 ἔξεισι
1084 1734 1155 1777 καὶ
1173 1730 1446 1791 διαπεράσας
1460 1726 1750 1793 τῆν’Ἀβυδον

216 1801 662 1861 Ομεταπεμψάμενος
691 1802 768 1847 τὸν
798 1800 1069 1860 καλούμενον
1101 1800 1325 1847 Ιίάσπακα
1354 1799 1433 1862 τήν
1461 1818 1509 1845 τε
1539 1803 1620 1845 τοῦ
1648 1798 1748 1845 στό-

253 1875 331 1919 λου
363 1873 562 1930 ἐξουσίαν
590 1873 662 1917 καὶ
699 1871 780 1930 τήν
820 1878 901 1916 τοῦ
948 1869 1091 1924 πλοὸς
1122 1869 1301 1915 ἅπασαν
1338 1869 1594 1926 οἰκονομίαν
1629 1864 1749 1928 αὐτῷ

390 2009 422 2046 8.
450 2006 520 2052 δὴῖ)
636 2008 691 2042 11.
718 2002 926 2042 πιστεύοιτο
944 2005 1015 2049 FC,
1044 2001 1277 2041 πιστεύοιντο
1290 2004 1329 2040 Ρ.
1453 2005 1509 2039 20.
1542 2000 1660 2051 οὑμὸς
1673 2001 1746 2046 FC,

388 2056 407 2093 ὁ
435 2055 526 2104 ἐμὸς
543 2056 582 2092 Ρ.
729 2057 786 2091 21.
815 2050 1125 2102 μεγαλουπόλεως
1154 2054 1194 2101 Ρ,
1217 2053 1374 2090 correxi.

255 2176 423 2221 marique
448 2174 635 2220 praesidia
650 2175 847 2221 disponere
865 2175 1074 2221 constituit,
1101 2175 1239 2221 quibus
1253 2173 1502 2209 barbarorum
1519 2170 1751 2207 incursiones

255 2223 453 2269 repelleret
488 2235 622 2269 eosque
653 2224 862 2259 lacesseret.
914 2227 997 2260 tum
1024 2236 1109 2260 cum
1142 2224 1288 2270 reliquo
1315 2222 1483 2258 exercitu
1508 2219 1751 2255 Antiochiam

255 2283 382 2308 versus
411 2272 598 2318 proficisci
623 2276 662 2307 et
704 2276 833 2308 contra
868 2274 1048 2308 barbaros
1082 2274 1122 2307 in
1154 2273 1215 2308 via
1246 2271 1370 2318 quoad
1402 2271 1475 2306 iam
1509 2269 1592 2304 fieri
1627 2271 1752 2314 posset

256 2321 435 2356 dimicare
452 2321 582 2356 voluit.
610 2322 851 2366 quamobrem
871 2322 1049 2358 arcessito
1063 2321 1195 2357 Ioanni
1212 2321 1349 2363 Ducae,
1376 2319 1506 2355 uxoris
1523 2329 1610 2353 suae
1629 2317 1752 2360 fratri,

256 2369 375 2405 tradit
403 2372 440 2404 et
467 2369 640 2405 collectas
674 2381 692 2404 e
727 2370 883 2406 diversis
915 2371 1134 2417 regionibus
1169 2371 1294 2416 copias
1320 2372 1358 2404 et
1382 2368 1534 2404 classem
1568 2366 1616 2401 ad
1649 2366 1756 2401 litto--

258 2418 353 2453 rales
381 2418 491 2452 urbes
522 2418 793 2464 oppugnandas
824 2419 1003 2464 validam3
1043 2422 1238 2465 praeterea
1276 2419 1391 2454 etiam
1418 2415 1586 2452 Tzachae
1623 2413 1753 2459 filiam,

258 2478 341 2502 cum
372 2466 454 2501 aliis
478 2478 598 2512 nuper
624 2467 781 2503 Nicaeae
806 2472 967 2513 captam,
998 2468 1053 2503 uti
1081 2467 1241 2503 Nicaeae
1268 2465 1588 2513 expugnationem
1614 2464 1753 2509 ubique

259 2515 481 2562 divulgaret,
509 2527 560 2558 ac,
586 2516 662 2550 nisi.
676 2516 882 2561 crederent,
899 2516 1106 2553 Tui-carum
1127 2518 1287 2562 satrapis
1304 2515 1550 2560 barbarisque
1575 2513 1615 2548 in
1639 2512 1753 2547 maris

258 2564 389 2599 littore
410 2563 632 2610 degentibus
655 2576 733 2599 eam
761 2569 1003 2602 monstraret.
1040 2577 1082 2601 ea
1101 2566 1199 2600 enim
1218 2567 1418 2610 conspecta
1435 2562 1601 2608 speravit
1614 2561 1753 2597 Turcas

259 2613 306 2647 de
324 2611 481 2648 Nicaeae
509 2612 700 2648 deditione
721 2614 792 2648 sibi
816 2625 1056 2659 persuasuros
1083 2617 1120 2649 et
1145 2614 1395 2659 desperantes,
1416 2623 1508 2658 quas
1533 2610 1755 2646 obtinebant

261 2661 382 2706 urbes,
397 2661 474 2696 sine
490 2673 615 2707 pugna
631 2662 838 2697 tradituros
858 2674 947 2698 esse.
981 2664 1035 2698 ita
1053 2663 1146 2698 bene
1164 2663 1317 2698 omnino
1336 2662 1563 2696 instructum
1577 2658 1754 2694 Ioannem

260 2709 441 2745 dimittit:
469 2710 533 2755 qui
560 2722 649 2755 quas
674 2711 719 2745 de
735 2710 877 2746 Tzacha
895 2712 1072 2747 victorias
1096 2712 1303 2757 reportarit
1319 2713 1438 2755 utque
1463 2720 1546 2744 eum
1573 2707 1679 2742 illinc
1694 2718 1754 2741 ex·

261 2757 413 2804 pulerit,
429 2758 502 2792 iam
516 2758 681 2794 hocloco
701 2760 914 2795 memorabo
954 2763 1065 2806 atque
1083 2761 1113 2795 is
1132 2759 1284 2806 quidem
1302 2759 1390 2803 dux,
1416 2756 1620 2793 avunculus
1639 2766 1754 2799 meus,

261 2809 493 2851 imperatore
518 2806 678 2842 saIutato
703 2820 721 2842 e
743 2820 879 2854 magna
896 2809 987 2843 urbe
1012 2808 1203 2854 profectus
1229 2820 1315 2844 cum
1342 2806 1516 2853 Abydum
1534 2805 1755 2848 traiecisset,

263 2855 427 2901 Caspaci,
458 2855 523 2901 qui
543 2856 758 2900 vocabatur,
798 2857 925 2891 classis
965 2856 1239 2902 praefecturam
1275 2868 1317 2892 ac
1351 2859 1473 2891 totam
1499 2852 1752 2900 expeditionis
1777 2899 1780 2901 Β

261 2904 475 2940 maritimae
499 2915 627 2940 curam
664 2905 858 2941 mandavit
895 2906 1013 2952 eique,
1050 2907 1080 2941 si
1112 2909 1263 2941 strenue
1297 2906 1512 2952 pugnasset,
1545 2902 1613 2940 ubi
1645 2903 1756 2949 capta
