1780 3138
250 241 326 287 142
747 242 911 279 ANNAE
942 237 1209 277 coMNnNAn

244 364 495 424 θαυμάσιον
522 362 586 416 εἷς
615 362 738 408 αἰδῶ.
799 360 898 404 ἐπεὶ
935 358 983 403 δὲ
1011 353 1173 417 ἀνάγκῃ
1204 357 1306 401 οὐδὲ
1336 356 1457 409 θεοί,
1491 372 1615 416 φησι,
1648 353 1730 412 μά-

243 453 403 492 χονται,
434 429 711 491 ἀναγκάζεται
744 427 861 486 πρός
889 425 968 480 τὰς
996 425 1155 482 συχνὰς
1183 427 1262 470 τοῦ
1294 420 1627 482 αὐτοκράτορος
1661 424 1731 468 ἐκ·

245 500 523 561 στρατεύσεις
552 495 670 557 αὐτῷ
705 496 1082 553 παρακολουθεῖν.
1142 496 1316 548 κατεῖχε
1357 493 1439 549 μὲν
1475 490 1556 550 γάρ
1597 486 1732 551 αὐτὴν

245 570 272 631 ἦ
305 569 534 631 σύμφυτος
575 565 711 619 αἰδώς
756 564 882 609 ἔνδον
925 566 1015 606 τῶν
1056 562 1305 618 βασιλείων,
1347 558 1400 605 τὸ
1430 560 1480 604 δὲ
1509 557 1627 617 πρὸς
1654 557 1733 604 τὸν

245 635 545 696 αὐτοκράτορα
585 636 770 694 φίλτρον
809 634 880 676 καὶ
919 629 943 689 ἡ
986 628 1208 687 διάπυρος
1241 627 1358 686 πρὸς
1387 629 1556 673 ἐκεῖνον
1585 623 1769 686 ἀγάπηῦ

249 708 400 767 ἐξῆγεν
430 701 562 766 αὐτὴν
588 704 659 756 καὶ
687 700 746 763 μὴ
772 700 1043 757 βουλομένην
1063 702 1152 742 τῶν
1173 692 1429 754 ἀνακτόρων
1457 694 1530 742 διὰ
1549 697 1733 741 ταυτασὶ

249 776 330 829 τάς
359 774 509 827 αἰτίας,
529 774 710 828 πρῶτον
736 771 816 827 μὲν
845 767 914 813 δ’τι
945 766 996 811 τὸ
1029 765 1263 824 συμπεσὸν
1297 762 1418 826 αὐτῷ
1448 763 1619 825 νόσημα
1645 768 1735 809 τῶν

206 847 403 890 Βποδῶν
433 842 683 899 ἐπιμελείας
713 840 855 883 ἐδεῖτο
886 837 1109 894 πλείστης.
1160 836 1232 880 καὶ
1261 837 1340 894 γὰρ
1371 833 1615 894 ἀλγηδόνας
1644 830 1734 890 εἶχε

98 900 141 937 V·
167 900 237 935 279
250 912 447 969 δριμείας
476 908 499 953 ὁ
530 905 812 964 αι’·τοκράτιιιρ
856 906 903 950 ἐκ
947 907 1025 965 τῆς
1065 905 1335 963 ποδαλγικῆς
1372 904 1624 956 διαθέσεως
1662 904 1735 947 καὶ

251 976 457 1036 οὐδεμίαν
495 974 672 1036 ἐπαφὴν
714 972 836 1019 οὕτω
875 975 1089 1030 προσίετο
1130 970 1191 1025 ὥς
1227 975 1306 1031 τῆς
1342 971 1451 1032 ἐμῆς
1496 971 1737 1030 δεσποίνης
1751 976 1780 1010 1⁴

248 1049 320 1093 καὶ
348 1047 524 1106 μητρός.
582 1045 780 1102 ἐμμελῶς
809 1061 857 1087 τε
887 1041 966 1101 γὰρ
997 1038 1116 1100 αὐτῷ
1147 1040 1457 1100 προσεφέρετο
1489 1040 1562 1084 καὶ
1594 1055 1737 1096 προσ-

248 1113 454 1174 ψαὺουσα
473 1115 629 1169 δεξιῶς
657 1111 739 1164 τὰς
769 1107 925 1163 ὀδύνας
942 1111 1031 1154 τῶν
1058 1110 1215 1153 ποδῶν
1244 1105 1519 1168 ὑπεκούφιζέ
1540 1124 1654 1160 πως.
1711 1104 1735 1151 ὁ

248 1182 328 1243 γάρ
361 1201 429 1227 τοι
459 1179 668 1238 βασιλεῦς
697 1181 862 1233 ἐκεῖνος
901 1181 990 1237 (καὶ
1020 1179 1098 1235 μοὶ
1138 1178 1293 1237 μηδεὶς
1329 1178 1408 1238 τῆς
1445 1177 1737 1235 περιαυτολο-

248 1253 342 1310 γιάς
371 1252 719 1310 ἕπιμεμφέσθω·
749 1248 804 1294 τὰ
833 1249 911 1308 γὰρ
944 1246 1087 1294 οἰκεῖα
1109 1247 1345 1306 θαυμάζω·
1379 1249 1480 1308 μηδ’
1515 1245 1578 1301 ὦς
1607 1263 1738 1291 κατα-

98 1329 138 1365 Ρ.
167 1329 236 1363 352
250 1320 525 1378 ψευδομένην
549 1321 632 1363 τοῦ
676 1315 1001 1376 αὗτοκράτορος
1047 1315 1323 1378 ὑφοράσθω·
1369 1315 1425 1361 τὰ
1466 1313 1546 1375 γάρ
1588 1311 1735 1374 ἀληθῆ
1755 1321 1780 1354 Ιέ

249 1389 378 1446 λέγω)
407 1386 551 1432 πάντα
582 1386 636 1431 τὰ
666 1386 821 1431 ἑαυτοῦ
851 1388 924 1431 καὶ
943 1385 997 1430 τά
1018 1388 1110 1430 κατ’
1143 1382 1279 1431 αὐτὸν
1314 1383 1508 1430 κατόπιν
1537 1385 1738 1429 ἐποιεῖτο

249 1459 326 1515 τῆς
355 1457 573 1514 σωτηρίας
599 1457 690 1499 τῶν
719 1453 909 1501 πόλεων.
971 1451 1098 1500 ου’-δέν
1126 1453 1206 1513 γὰρ
1247 1452 1452 1512 ἐχώριζεν
1493 1449 1628 1498 αὐτὸν
1662 1455 1740 1513 τῆς

249 1527 338 1568 τῶν
383 1527 662 1581 Χριστιανῶν
699 1519 881 1582 ἀγάπης,
930 1520 1008 1568 οὐκ
1053 1519 1302 1582 ἀλγηδόνες,
1351 1518 1431 1578 οὐχ
1475 1519 1641 1583 ἡδοναί,
1686 1515 1740 1563 οὗ

250 1593 458 1648 πολέμων
486 1590 709 1645 κακώσεις,
743 1587 826 1636 οὔκ
869 1586 977 1636 ἄλλο
1023 1587 1161 1645 οὐδέν,
1214 1588 1267 1635 οὐ
1310 1589 1470 1648 μικρὸν
1514 1587 1573 1634 ου’
1615 1590 1737 1647 μέγα,

251 1655 329 1715 οὐχ
360 1658 485 1719 ἡλίου
514 1658 771 1720 φλογώσεις,
807 1660 864 1705 ου’
892 1657 1120 1717 χειμώνων
1148 1659 1421 1718 δριμύτητες,
1454 1653 1508 1704 οὗ
1537 1661 1739 1714 προσβο-
1754 1665 1780 1698 2⁴

250 1729 321 1772 λαὶ
350 1726 584 1786 βαρβάρων
614 1730 917 1774 παντοδαπαί·
948 1726 1040 1773 ἀλλ’
1074 1724 1261 1782 ἀκλινῶς
1291 1723 1382 1784 εἶχε
1418 1725 1535 1785 πρὸς
1563 1724 1739 1770 ἅπαντα

250 1799 385 1839 ταῦτα
413 1797 485 1839 καὶ
513 1790 677 1852 ὤκλαζε
698 1798 777 1853 μὲν
807 1795 922 1855 πρὸς
945 1796 1023 1856 τὴν
1045 1799 1207 1857 φύρσιν
1226 1800 1316 1841 τῶν
1341 1797 1616 1855 νοσημάτων,
1637 1790 1742 1839 ἀντ’

252 1863 442 1922 ανέθορε
472 1865 519 1908 δὲ
550 1863 665 1921 πρὸς
703 1864 781 1926 τὴν
809 1863 1031 1924 βοήθειαν
1069 1870 1158 1911 τῶν
1187 1863 1473 1925 πραγμάτων.
1535 1862 1743 1921 δεύτερον

389 1953 420 1988 1.
451 1954 546 2006 φησὶ
559 1952 603 1998 F,
629 1955 725 2001 φασὶ
750 1953 789 1989 Ρ.
946 1954 1002 1990 11.
1029 1950 1205 2000 ψαύουσα
1230 1953 1305 1990 Ac.
1479 1954 1535 1989 17.
1562 1950 1742 1987 πολλῶνῗ

385 2001 442 2035 22.
468 2012 607 2048 φυρσιν
630 2002 780 2048 scripsi:
808 1998 924 2050 φύσιν
947 2003 988 2038 Ρ.

251 2076 335 2132 diae
359 2079 441 2112 erat
466 2077 664 2124 exemplar.
714 2090 843 2114 verum
868 2080 1045 2126 quoniam
1080 2080 1295 2117 necessitati
1333 2090 1380 2115 ne
1406 2077 1462 2115 dii
1498 2075 1664 2124 quidem,
1700 2077 1744 2110 ut

251 2124 402 2170 dicitur,
426 2126 599 2162 resistere
626 2130 780 2173 queunt,
810 2132 959 2164 euntem
986 2129 1202 2176 saepissime
1235 2129 1274 2164 in
1301 2126 1558 2175 expeditiones
1583 2126 1743 2171 impera-

254 2176 375 2208 torem
401 2174 572 2209 comitari
596 2176 755 2221 cogitur.
808 2178 976 2222 quamvis
1002 2179 1101 2213 enim
1127 2178 1280 2213 innatus
1318 2188 1399 2213 eam
1426 2175 1549 2223 pudor
1573 2175 1614 2209 in
1638 2173 1745 2219 regia

253 2222 443 2277 retineret,
470 2223 606 2258 caritas
632 2227 756 2259 tamen
795 2224 1014 2271 fervensque
1055 2227 1094 2261 in
1131 2228 1397 2273 imperatorem
1435 2235 1542 2260 amor
1577 2235 1622 2259 ex
1659 2221 1745 2257 aula

254 2270 355 2305 illam
380 2270 467 2305 licet
492 2271 650 2307 invitam
675 2272 785 2309 hasce
803 2274 851 2309 ob
867 2286 996 2310 causas
1013 2274 1154 2311 eduxit.
1201 2276 1366 2322 primum
1383 2275 1426 2318 is,
1444 2284 1518 2320 quo
1536 2273 1745 2318 imperator

254 2317 503 2364 affligebatur,
530 2320 665 2365 pedum
691 2322 853 2368 morbus,
877 2334 962 2359 cum
987 2324 1235 2359 acerbissimis
1253 2335 1338 2359 eum
1352 2322 1520 2359 afficeret
1536 2319 1743 2364 doloribus,

256 2378 346 2401 cura
370 2367 564 2414 indigebat
587 2369 645 2404 vel
669 2369 966 2416 diligentissima.
1008 2384 1128 2418 neque
1153 2384 1379 2419 quemquam
1403 2374 1483 2407 tam
1504 2368 1743 2405 desiderabat

254 2415 364 2470 pedes
390 2427 474 2451 suos
511 2420 743 2454 contrectare
768 2431 879 2465 quam
903 2420 1092 2456 dominam
1125 2424 1359 2468 matremque
1397 2430 1529 2463 meam,
1558 2429 1653 2464 quae
1683 2428 1746 2452 cu—

254 2474 352 2498 riose
377 2475 419 2499 ac
444 2465 563 2520 perite
588 2465 757 2502 fricando
780 2468 1052 2515 tractandoque
1078 2470 1215 2516 pedum
1240 2470 1389 2506 dolores
1408 2469 1642 2514 aliquantum
1662 2476 1744 2511 per-

254 2511 450 2567 mulcebat.
491 2517 694 2559 imperator
715 2527 803 2551 vero
827 2516 886 2552 ille
907 2517 1015 2562 (mihi
1037 2530 1123 2554 sane
1145 2530 1255 2554 nemo
1277 2515 1637 2565 magniloquentiam
1664 2513 1745 2549 obi-

254 2562 347 2594 ciat:
373 2560 575 2598 domestica
591 2563 689 2598 enim
705 2563 893 2610 admiror;
921 2578 1013 2601 neve
1038 2578 1097 2602 me
1117 2568 1270 2602 mentiri
1301 2567 1348 2603 de
1376 2566 1606 2613 imperatore
1630 2562 1746 2608 suspi—

255 2611 378 2643 cetur:
429 2621 526 2665 vera·
542 2612 639 2646 enim
664 2611 811 2658 loquor)
838 2625 903 2649 sua
928 2615 1045 2660 ipsius
1082 2615 1278 2651 commoda
1316 2615 1468 2651 urbium
1503 2612 1617 2649 saluti
1642 2613 1744 2657 post·

257 2656 440 2701 ponebat:
492 2658 585 2694 mhil
632 2661 729 2695 enim
766 2672 849 2696 eum
890 2674 910 2697 a
947 2663 1245 2699 Christianorum
1288 2675 1415 2700 amore
1453 2661 1629 2702 seiunxit,
1671 2671 1745 2695 non

256 2703 402 2740 dolores
426 2717 544 2751 neque
569 2708 777 2754 voluptates
803 2722 921 2756 neque
938 2711 1121 2747 bellorum
1146 2724 1346 2748 aerumnae
1369 2723 1490 2758 neque
1516 2709 1619 2746 aliud
1638 2707 1745 2755 quid-

257 2764 369 2798 quam
396 2757 462 2809 aut
487 2766 641 2811 parvum
668 2761 733 2792 aut
757 2769 931 2804 magnum
949 2772 1069 2806 neque
1091 2761 1177 2796 solis
1203 2761 1355 2797 ardores
1369 2763 1436 2796 aut
1454 2759 1598 2806 frigora
1613 2756 1747 2793 hiemis

258 2812 378 2856 neque
403 2813 563 2859 cuiusvis
591 2806 739 2849 generis
766 2807 939 2842 adversus
965 2809 1145 2844 barbaros
1170 2810 1323 2855 proelia.
1375 2809 1438 2844 sed
1464 2809 1681 2844 constanter
1704 2815 1747 2840 ea.

259 2859 385 2884 omma
422 2851 588 2896 pertulit,
627 2857 665 2887 et
694 2866 917 2900 quamquam
954 2857 1095 2892 morbis
1124 2857 1405 2905 defatigabatur
1433 2868 1581 2903 corpus,
1620 2857 1747 2890 tamen

258 2899 509 2943 succurrebat,
526 2912 756 2946 quocumque
782 2907 976 2940 vocaverat
994 2905 1091 2940 salus
1117 2907 1278 2951 publiea.
1329 2907 1448 2942 altera
1471 2903 1607 2941 deinde
1632 2913 1748 2948 eaque
