1794 3132
232 221 316 265 460
752 231 930 266 CAROLI
962 231 1202 266 DUOANGII

232 347 274 390 et
302 346 485 390 diductis
517 347 662 390 literis.
713 347 869 390 Verum
896 346 940 389 id
969 346 1222 390 nominatim
1261 348 1419 404 excepit
1450 349 1642 402 Michael,
1672 362 1722 393 ne

229 403 489 460 μηνολογεῖν
518 417 561 447 se
591 405 687 447 vivo
707 404 857 459 posset,
879 403 922 445 id
944 404 1005 446 est
1027 403 1260 447 adscribere
1284 406 1398 464 μῆνα
1418 405 1491 448 καὶ
1514 402 1718 458 ἴνδικτον,

232 462 277 504 nt
306 461 433 504 habet
453 460 674 516 Gregoras,
709 460 1073 516 quemadmodum,
1105 460 1245 514 inquit
1266 462 1556 518 Pachymeres,
1588 463 1721 506 solent

228 518 518 573 Imperatores,
551 514 612 568 ὥς
643 515 757 568 ἔθος
785 519 882 568 τοῖς
914 516 1188 560 Βασιλεῦσιν.
1262 519 1382 562 Unde
1423 519 1534 562 idem
1583 520 1721 563 Autor

228 574 299 617 lib.
322 575 359 617 7.
391 587 479 629 cap.
502 576 538 618 1.
570 575 716 618 narrat
737 574 1040 626 Andronicum,
1072 575 1166 629 post
1196 575 1329 629 patris
1359 575 1575 619 Michaelis
1608 589 1720 619 mor-

227 632 325 681 tem,
357 631 539 686 primum
562 631 870 686 Diplomatibus
904 643 1085 673 mensem
1122 632 1164 674 et
1190 631 1301 674 diem
1326 634 1589 687 apposuisse:
1620 633 1720 686 ἄρτι

227 684 421 742 πρώτως
466 683 876 744 μηνολογησάμενος
927 683 1202 743 πρόσταγμα.
1250 689 1291 731 et
1335 689 1406 732 lib.
1437 691 1476 732 6.
1525 702 1613 744 cap.
1650 691 1718 732 36.

226 745 373 788 scribit
404 745 665 796 Michaelem,
699 757 794 787 cum
825 744 866 786 in
905 745 1099 787 extremis
1130 745 1286 800 ageret,
1318 746 1508 789 libellum
1537 747 1719 790 subscri-

226 802 404 854 bentem,
436 802 617 856 primam
650 802 901 844 Novembris
936 801 1090 844 mensis
1132 801 1298 845 literam
1347 803 1599 859 designasse,
1645 817 1719 846 nec

226 858 411 912 potuisse
457 858 667 901 distinctis
708 858 895 912 apicibus
937 858 1146 913 reliquum
1192 859 1386 902 vocabuli
1427 859 1597 915 explere.
1658 861 1718 903 Ex

227 914 378 970 quibus
411 915 576 958 constat
606 915 749 958 eodem
779 916 989 966 encausto,
1028 928 1100 958 seu
1132 915 1274 958 eadem
1306 916 1485 969 rubrica,
1525 930 1607 972 qua
1645 931 1719 960 no-

225 984 320 1014 men
348 972 574 1027 proprium,
608 984 790 1015 mensem
816 973 856 1015 et
886 971 1163 1015 Indictionem
1208 985 1397 1017 exarasse
1428 973 1716 1028 Imperatores.

225 1028 345 1082 Quod
388 1029 600 1083 praeterea
644 1028 839 1071 firmatur
881 1042 928 1072 ex
957 1029 1136 1072 Novella
1165 1029 1373 1099 lidanuelis
1404 1030 1454 1073 de
1483 1030 1629 1084 Feriis,
1673 1032 1718 1074 in

225 1085 1527 1199 fflzffafflfflffiivssfflPstffnlgzasffyzssffiiffl
1534 1090 1718 1204 έὲἷῖξῖ

222 1198 391 1255 σιλικῆς
433 1195 591 1253 χειρὸς,
641 1199 684 1241 id
731 1199 805 1251 est,
852 1199 1115 1253 adscriptum
1153 1200 1240 1254 fuit
1277 1214 1408 1244 manu
1436 1201 1718 1256 Imperatoris

221 1256 364 1299 rubris
409 1256 555 1310 literis,
587 1256 738 1299 Mense
768 1255 936 1300 Martio
966 1256 1223 1300 Indviotionis
1251 1267 1351 1302 XIV.
1403 1258 1444 1302 et
1489 1272 1536 1302 ex
1581 1259 1716 1304 altera

221 1312 405 1355 eiusdem
437 1313 636 1368 Augusti,
668 1312 773 1366 περὶ
804 1309 1047 1370 διαφόρων,
1088 1314 1164 1357 etc.
1197 1327 1304 1369 quae
1344 1315 1397 1358 iis
1430 1316 1567 1359 verbis
1598 1316 1715 1360 clau-

221 1369 346 1422 ditur,
379 1363 468 1422 εἶχε
498 1367 550 1412 τὸ
583 1371 757 1412 ΜΗΝΙ
796 1371 1068 1413 ΜΑΡΤΙΩι
1109 1372 1527 1415 ΙΝΑΙΚΊἸΩΝΟΣ
1555 1369 1625 1416 ιδ’.
1657 1374 1712 1417 δι’

221 1424 426 1480 ἕρυθρῶν
467 1422 737 1481 γραμμάτων
775 1427 853 1485 τῆς
891 1427 1132 1486 Βασιλικῆς
1165 1426 1238 1470 καὶ
1279 1427 1411 1480 θείας
1450 1426 1608 1484 χειρός.
1641 1432 1714 1475 ubi

219 1483 536 1535 observandum,
565 1484 617 1526 iis
646 1484 690 1526 in
708 1483 898 1527 Novellis
919 1485 1190 1540 Imperatoris
1221 1499 1370 1529 nomen
1403 1487 1713 1537 characteribus

219 1538 507 1583 Cinnabaricis
527 1541 743 1584 exaratum
765 1541 893 1584 fuisse
924 1555 1192 1597 nequaquam
1212 1542 1420 1596 adnotari,
1452 1544 1523 1587 sed
1544 1546 1713 1588 tantum

218 1609 399 1640 mensem
430 1598 470 1640 et
500 1597 803 1641 Indictionem:
848 1598 910 1641 ita
959 1602 1005 1641 ut
1051 1612 1098 1642 ea
1142 1600 1390 1654 tempestate
1434 1601 1712 1656 Imperatores

218 1666 300 1696 non
330 1666 480 1697 nomen
511 1667 647 1706 suum,
687 1655 757 1698 sed
787 1668 970 1699 mensem
1011 1655 1218 1699 duntaxat
1255 1657 1296 1699 et
1326 1657 1605 1701 Indictionem
1637 1659 1713 1702 Di-

217 1710 472 1764 plomatibus
503 1712 544 1754 et
575 1711 712 1754 Bullis
741 1712 826 1755 suis
857 1715 1138 1767 apponerent3
1183 1726 1278 1756 cum
1321 1713 1427 1757 alias
1467 1727 1550 1757 non
1588 1716 1711 1759 modo

215 1766 370 1820 liberis,
402 1768 472 1810 scd
505 1768 633 1811 etiam
665 1769 898 1824 praecipuis
939 1769 1061 1814 aulae
1100 1783 1199 1813 suae
1230 1770 1493 1814 Officialibus
1529 1773 1711 1815 subscri-

215 1823 339 1866 bendi
370 1837 445 1867 sua
483 1825 655 1868 nomina
691 1839 775 1879 per
808 1825 1089 1870 Ginnabarz'm
1133 1827 1381 1870 facultatem
1426 1829 1710 1883 concederent,

215 1880 262 1922 ut
306 1893 352 1923 ex
399 1881 548 1924 Niceta
592 1882 637 1924 in
678 1883 811 1926 Isaac.
853 1883 925 1926 lib.
948 1886 987 1927 3.
1020 1883 1072 1926 N.
1096 1885 1135 1926 5.
1182 1885 1360 1927 constat.
1419 1885 1565 1928 Habeo
1611 1899 1711 1941 prae

215 1937 406 1980 manibus
435 1938 669 1992 Epistolam
702 1940 907 1983 Demetrii
949 1940 1195 1996 Palaeologi
1238 1941 1458 1996 Despotae,
1501 1942 1709 1986 Mannelis

214 1993 457 2050 Palaeologi
491 1996 777 2050 ¹Imperatoris
821 1997 899 2040 filii
942 1998 1271 2054 secundogeniti,
1313 1998 1365 2041 ad
1406 1999 1603 2044 Carolum
1633 2001 1708 2042 VI.

213 2050 472 2094 Francorum
494 2052 665 2107 Regem,
690 2053 835 2096 datam
857 2068 909 2098 ex
927 2055 1217 2109 Peloponneso
1241 2058 1304 2100 12.
1321 2058 1566 2102 Decembris
1584 2058 1705 2100 1455.

212 2118 338 2161 quam
369 2121 531 2151 mecum
573 2111 902 2154 communicavit
931 2112 981 2154 V.
1018 2113 1061 2154 O.
1093 2112 1299 2156 Dominus
1338 2116 1388 2159 de
1426 2115 1546 2171 Vyon
1577 2113 1705 2158 d'He-

210 2164 359 2207 rouval
390 2164 439 2207 de
461 2165 658 2208 Literatis
689 2168 881 2211 omnibus
911 2170 1014 2212 bene
1045 2170 1232 2223 meritus,
1265 2173 1547 2228 subscriptam
1569 2171 1706 2216 rubeis

212 2221 252 2262 et
281 2221 576 2276 grandioribus
601 2223 714 2266 bisce
736 2224 1060 2278 characteribus
1084 2224 1335 2286 Δημήτριος
1366 2228 1410 2272 ἑν
1439 2231 1504 2283 χώ
1534 2245 1597 2271 τω
1630 2230 1704 2272 θιῦ

211 2274 371 2328 πιστὸς
401 2275 638 2336 Δεσπότης
664 2276 839 2335 Ῥωμαί.
874 2279 896 2323 ὁ
924 2281 1241 2338 Παλαιολόγος.
1306 2286 1505 2342 Sigillum
1534 2300 1581 2329 ex
1612 2301 1706 2332 cera

210 2334 336 2377 rubra
367 2348 522 2390 papyro
554 2337 736 2380 obducta
773 2339 907 2382 literis
950 2341 1188 2395 appositum
1222 2343 1438 2397 Aquilam,
1487 2358 1579 2388 cum
1627 2346 1705 2389 alis

211 2392 412 2444 expansis,
447 2393 673 2447 bicipitem,
705 2396 746 2437 et
776 2408 871 2438 cum
902 2397 1000 2440 bina
1031 2399 1230 2442 coronula
1261 2401 1430 2456 utrique
1463 2403 1592 2456 capiti
1622 2403 1703 2446 im-

210 2447 405 2510 minente,
437 2452 735 2503 repraesentat.
779 2452 921 2507 sigilli
951 2467 1048 2497 vero
1080 2454 1298 2511 inscriptio
1319 2457 1466 2500 iisdem
1490 2459 1704 2503 characte-

208 2503 322 2546 rlbus
354 2506 600 2560 concipitur,
631 2508 781 2562 quibus
817 2509 1030 2564 Epistolae
1064 2512 1326 2567 subscriptio.
1390 2515 1481 2558 Iam
1513 2528 1609 2559 vero
1631 2530 1704 2559 cur

208 2559 485 2623 lmperatores
507 2576 690 2607 mensem
722 2567 892 2609 tantum
925 2569 966 2610 et
987 2568 1279 2622 Indictionem,
1308 2570 1441 2614 literis
1462 2573 1700 2627 rubricatis,

207 2628 250 2656 m
283 2617 594 2671 Diplomatibus
625 2623 666 2663 et
698 2622 847 2675 Bullis,
880 2637 962 2666 non
986 2638 1080 2667 vero
1103 2639 1177 2668 sua
1200 2628 1383 2679 nomina,
1406 2628 1699 2684 describerent,

206 2672 248 2713 id
278 2686 427 2717 causae
462 2677 728 2729 potissimum
761 2692 846 2721 esse
879 2681 1084 2734 existimo,
1127 2684 1237 2737 quod
1269 2697 1316 2727 ex
1349 2698 1431 2739 quo
1465 2686 1700 2740 Bullarum,

205 2741 277 2770 seu
299 2729 557 2793 Sigillorum,
591 2735 652 2775 uti
684 2748 730 2777 ea
762 2737 982 2793 vocabant,
1015 2739 1297 2794 pendentium,
1317 2753 1416 2784 usus
1438 2742 1548 2797 apud
1569 2742 1700 2787 Grae-

205 2797 273 2827 cos
303 2787 495 2839 invaluit,
527 2790 731 2834 subscribi
759 2791 803 2834 in
835 2793 886 2835 iis
928 2795 1097 2839 nomina
1136 2795 1360 2840 desierunt.
1434 2799 1554 2842 Certe
1586 2801 1696 2855 apud

205 2839 349 2884 Gallos
377 2846 554 2898 nostros,
590 2847 660 2901 qui
694 2847 847 2904 sigillis
878 2852 1151 2905 pendentibus
1190 2855 1253 2897 uti
1292 2867 1459 2909 coepere
1491 2868 1538 2900 ea
1568 2857 1696 2901 ferme
