1734 3120
208 224 289 264 342
712 230 877 264 ANNAE
907 228 1173 263 COMNENAE

214 344 443 402 Τοὺρκοις,
479 345 518 390 εἰ
545 343 605 402 μή
643 342 874 400 βούλοιντο
903 345 1174 398 βαρβαρικῆς
1207 340 1354 397 χειρὸς
1390 342 1692 399 παρανάλωμα

206 414 415 471 γενέσθαι
465 414 644 457 πολλῶν
680 409 912 468 δυνάμεων
952 406 1031 472 ἤδη
1073 412 1501 467 καταλαμβανουσῶν
1539 413 1611 455 καὶ
1646 412 1694 467 ἐξ

205 475 342 526 αὖτοῦ
388 479 610 537 Χοροσάν.
683 477 725 523 οἱ
764 481 812 524 δὲ
847 478 898 523 τι)
936 480 1016 536 μέν
1044 497 1087 523 τι
1115 477 1187 524 διὰ
1231 481 1283 523 τι)
1326 483 1415 523 τῶν
1456 477 1692 536 βαρβάρων

206 549 386 607 πλῆθος
422 545 820 604 ἐκδειματοὺμενοι,
866 545 917 591 τὸ
963 547 1011 591 δέ
1049 564 1091 591 τι
1136 548 1209 591 καὶ
1250 551 1348 600 ταῖς
1389 550 1468 592 τοῦ
1513 548 1692 602 ΙΙουχέα

206 618 471 672 ξυμβουλαῖς
500 617 765 668 πεισθέντες
792 618 1108 672 παραχωροῦσι
1129 618 1206 676 τῆς
1235 613 1412 661 εἰσόδου
1431 619 1529 669 τοῖς
1553 613 1727 673 Tabe-5

204 701 311 737 κοις.
369 685 441 728 καὶ
470 682 761 740 συλλαβόντες
798 682 878 728 τὸν
907 682 1076 729 Σαϊσάν
1114 682 1354 730 σουλτάνον
1390 680 1691 741 ἀποστεροῦσι

203 755 294 796 τῶν
321 748 559 809 ὀμμάτων
592 747 776 810 ὀργάνου
809 754 857 796 δὲ
884 750 1000 808 πρὸς
1034 754 1168 797 τοῦτο
1200 750 1542 811 χρησιμεύοντος
1576 748 1691 797 ἄπο-

204 817 400 876 ρούντων
443 818 495 865 τὸ
532 820 671 865 δοθὲν
700 823 763 879 τῷ
794 818 958 865 Σαϊσάν
985 818 1108 878 παρὰ
1146 823 1225 866 τοῦ
1255 817 1580 878 αὐτοκράτορος
1608 839 1691 877 μα·-

203 885 405 933 νουάλιον
446 885 717 947 ἐχρημάτισε.
796 889 868 932 καὶ
905 880 958 946 ἧν
998 887 1110 933 ἰδεῖν
1155 892 1390 947 τηνικαῦτα
1425 887 1477 934 τὸ
1517 891 1691 944 δοχεῖον

55 969 93 1004 Ρ.
120 970 188 1005 481
204 956 357 1019 φωτὸς
387 956 574 1011 σκότους
612 960 683 1003 καὶ
713 954 1019 1015 α’μαυρώσεως
1051 958 1230 1017 γεγονὸς
1257 957 1411 1005 αἴτιον.
1481 955 1613 1020 α’ὗγὴν
1643 961 1692 1004 δέ
1707 968 1734 1000 11

203 1044 299 1071 τινα
327 1026 486 1084 μικρὰν
523 1026 590 1072 ἔτι
631 1025 912 1083 ὑποβλέπων,
954 1026 1065 1072 ἐπὰν
1103 1026 1155 1072 τὸ
1186 1025 1365 1074 Ἰκόνιον
1401 1026 1692 1086 χειραγωγού-

201 1113 333 1152 μενος
351 1097 574 1152 κατέλαβε,
595 1093 845 1155 τεθάρρηκε
879 1099 1012 1141 τοῦτο
1041 1099 1094 1157 τῇ
1121 1100 1230 1157 τιθῇ
1260 1091 1434 1155 κᾶκείνη
1456 1098 1503 1141 δὲ
1533 1100 1586 1157 τῇ
1615 1092 1691 1141 αὖ·

201 1166 281 1208 τοῦ
302 1161 559 1220 ὁμευνέτιδι.
615 1165 687 1208 καὶ
714 1161 830 1209 οὕτω
851 1164 1002 1221 μέχρις
1021 1161 1166 1209 αὕτῶν
1192 1161 1338 1210 ἆκοῶν
1356 1167 1436 1210 τοῦ
1457 1164 1647 1210 Μασουτ
1666 1164 1689 1209 ὅ

202 1230 331 1290 λόγος
361 1230 575 1291 ἑφθακῶς
603 1230 832 1289 ἐξετάραξε
869 1231 952 1292 τήν
992 1232 1142 1292 ψυχήν
1171 1237 1251 1278 τοῦ
1282 1231 1522 1292 βαρβάρου.
1587 1232 1610 1278 ὃ
1642 1234 1690 1279 δὲ

202 1304 353 1357 θυμοῦ
384 1303 606 1360 πλησθεὶς
635 1305 698 1360 τῷ
729 1297 919 1360 Ἐλεγμῷ
951 1300 1199 1361 (σατράπης
1229 1302 1277 1348 δὲ
1308 1294 1444 1356 οὗτος
1473 1305 1562 1347 τῶν
1592 1304 1690 1348 ἑπι-
1705 1306 1734 1341 1ἔ

202 1372 374 1428 φανῶν)
406 1370 633 1428 ἐπέσκηψε
685 1369 758 1415 διὰ
802 1374 957 1427 νευρᾶς
1001 1373 1160 1416 τοῦτον
1204 1368 1412 1430 α’πάγξαι.
1485 1376 1689 1417 τοιοῦτον

200 1437 325 1490 τέλος
353 1436 408 1481 τὰ
437 1441 516 1483 τοῢ
529 1437 693 1483 Σαῖσὰν
723 1437 969 1485 σουλτάνου
1002 1439 1128 1496 ἔσχεν
1158 1441 1207 1496 ἐξ
1233 1436 1443 1498 ἄβουλίας
1470 1441 1530 1501 μὴ
1562 1458 1690 1487 πεισ-

200 1506 361 1559 θέντος
389 1512 487 1560 ταῖς
532 1510 612 1552 τοῦ
657 1503 984 1566 αὖτοκράτορος
1021 1510 1343 1565 παραινέσεσιν.
1414 1510 1438 1555 ὁ
1478 1511 1526 1556 δὲ·
1559 1506 1690 1555 αὖτο-

199 1575 375 1632 κράτωρ
404 1578 481 1634 τῆς
519 1574 635 1633 πρὸς
667 1575 745 1635 τὴν
789 1575 1116 1634 βασιλεύουσαν
1158 1575 1382 1638 φερούσης
1425 1577 1568 1634 εἴχετο
1612 1577 1691 1639 τὴν

158 1640 448 1699 Βπαράταξιν
478 1642 628 1689 διόλου
660 1646 736 1691 ἐπὶ
765 1650 843 1707 τῆς
871 1642 1007 1706 αὐτῆς
1036 1644 1308 1706 συντηρήσας
1337 1642 1550 1703 εὗταξίας.
1702 1655 1734 1688 2(

334 1717 371 1757 7.
430 1707 566 1757 ,Ἀλλὰ
601 1712 845 1771 παράταξιν
882 1717 955 1760 καὶ
994 1714 1220 1776 φάλαγγάς
1255 1733 1323 1769 τις
1360 1711 1546 1770 ἆκούων,
1581 1711 1690 1760 ἀλλὰ

198 1778 506 1837 δορυαλώτους
534 1784 607 1827 καὶ
638 1781 826 1843 λάφυρα,
859 1779 967 1829 ἄλλα
995 1782 1238 1843 στρατηγὸν
1265 1785 1338 1829 καὶ
1368 1782 1688 1842 ξυνταγματάρ-

332 1897 365 1932 3.
392 1893 502 1931 αὐτοῦ
525 1897 563 1943 C,
589 1895 686 1944 αὐτῷ
711 1899 751 1934 Ρ.
853 1896 1034 1946 Χορασάν
1051 1899 1119 1935 CP.
1243 1901 1276 1936 3.
1305 1901 1337 1935 4.
1362 1913 1418 1934 τοι.
1435 1898 1506 1943 ΟΡ,
1529 1901 1686 1936 correxi.

332 1942 674 1994 ἔκδειματοὺμενοι]
702 1959 733 1982 ει
759 1960 806 1984 m.
833 1949 855 1983 2
882 1961 926 1984 ex
952 1960 1048 1985 corr.
1075 1948 1113 1985 C.
1220 1949 1253 1984 8.
1279 1944 1505 1995 μανουὴλιον
1531 1948 1586 1992 (3¹,
1610 1962 1689 1996 μα-

331 1989 501 2030 νουάλιον
518 1994 575 2040 C2,
600 1996 806 2043 μανουῖῑὶην
829 1996 871 2032 P.
1008 1999 1062 2032 12.
1089 1996 1190 2046 τιθῇ]
1217 2011 1229 2031 ι.
1256 2008 1301 2032 ex
1327 2010 1348 2041 η
1373 2009 1421 2032 m.
1445 1999 1466 2031 2
1493 1996 1531 2032 C.
1632 1999 1686 2033 18.

333 2045 599 2089 παραινέσεων
624 2044 662 2090 C,
689 2049 929 2092 παραινέσεσι
956 2046 998 2081 Ρ.
1098 2047 1156 2081 20.
1183 2043 1294 2081 αὐτοῦ
1322 2045 1390 2091 ΟΡ,
1413 2046 1571 2082 correxi.

196 2153 329 2188 derent
371 2156 574 2200 portasque
611 2155 743 2192 Turcis
784 2159 993 2203 aperirent,
1032 2157 1104 2193 nisi
1142 2157 1282 2203 praeda
1319 2157 1568 2192 barbarorum
1606 2156 1687 2192 fieri

196 2201 354 2247 vellent3
386 2202 523 2238 multas
555 2205 653 2240 enim
685 2206 811 2252 copias
846 2206 905 2242 vel
930 2217 975 2242 ex
1000 2207 1081 2252 ipso
1109 2205 1318 2242 Chorosane
1344 2204 1557 2241 adventare.
1606 2208 1687 2240 tum

197 2250 252 2285 illi
287 2250 427 2295 partim
465 2252 712 2288 barbarorum
751 2254 1032 2290 multitudinem
1072 2257 1298 2299 metuentes,
1343 2254 1484 2300 partim
1517 2253 1687 2290 Pucheae

197 2297 325 2334 confisi
379 2297 510 2335 Turcis
572 2301 716 2337 aditum
781 2304 973 2349 praebent.
1041 2305 1194 2349 captum
1248 2302 1437 2339 Saisanem
1497 2302 1686 2338 sultanum

197 2346 313 2382 oculis
349 2348 519 2393 privant3
553 2361 662 2394 quam
698 2351 746 2386 ad
776 2363 855 2386 rem
885 2364 970 2388 cum
1003 2351 1178 2387 idoneum
1213 2352 1507 2387 instrumentum
1533 2351 1686 2395 deesset,

197 2395 383 2430 manualio
428 2397 655 2438 abutuntur,
718 2399 818 2446 quod
860 2400 1014 2436 dederat
1052 2400 1196 2436 Saisani
1238 2401 1463 2446 imperator3
1505 2399 1686 2446 licuitque

196 2443 323 2479 videre
347 2447 438 2480 tunc
463 2445 556 2481 lucis
578 2459 641 2482 vas
664 2449 829 2484 tenebris
853 2451 891 2484 et
908 2449 1080 2485 caecitati
1104 2449 1295 2484 inservire.
1321 2448 1469 2483 radium
1489 2449 1683 2484 etiamtum

134 2506 138 2509 ·
196 2491 381 2546 quendam
406 2493 499 2529 lucis
525 2495 769 2541 conspiciens,
796 2509 880 2532 cum
906 2497 954 2533 ad
983 2509 1133 2532 manum
1158 2497 1294 2533 ductus
1319 2496 1486 2532 Iconium
1513 2498 1685 2540 venisset,

195 2539 234 2574 1d
272 2540 412 2576 nutrici
445 2554 532 2578 suae
566 2543 708 2579 fatetur
739 2548 851 2591 atque
887 2545 979 2581 haec
1004 2547 1113 2581 uxori
1137 2546 1271 2591 ipsius3
1305 2545 1358 2581 sic
1382 2557 1442 2581 res
1471 2544 1518 2580 ad
1545 2545 1685 2582 Masuti

196 2599 302 2642 aures
333 2591 506 2634 pervenit
529 2591 755 2639 barbarique
781 2595 947 2630 animum
974 2594 1213 2630 vehementer
1238 2594 1452 2630 commovit.
1501 2594 1559 2629 ira
1584 2594 1684 2630 enim

196 2648 366 2672 incensus
390 2637 546 2685 Elegmo
571 2643 754 2687 satrapae,
781 2643 846 2678 uni
872 2655 892 2679 e
917 2643 1157 2689 primoribus,
1194 2646 1237 2678 ut
1264 2653 1378 2678 nervo
1406 2653 1489 2678 eum
1513 2645 1684 2689 strangu·

195 2684 307 2739 iaret,
345 2687 548 2723 mandavit.
599 2689 712 2724 talem
747 2689 874 2726 Saisan
909 2691 1098 2738 sultanus,
1135 2692 1223 2737 quia
1254 2691 1492 2737 imperatoris
1527 2691 1683 2727 consilia

195 2733 467 2788 imprudenter¹
503 2737 736 2783 neglexerat,
784 2738 895 2775 finem
936 2740 1080 2776 habuit.
1142 2740 1350 2786 imperator
1387 2742 1512 2774 autem
1554 2739 1681 2775 eadem

195 2781 304 2827 plane
331 2784 421 2818 aciei
447 2783 569 2820 forma
594 2789 742 2822 servata
767 2787 814 2822 ad
840 2789 983 2835 regiam
1004 2789 1136 2825 urbem
1162 2787 1479 2834 proficiscebatur.

330 2832 363 2886 ⁷.-
413 2831 486 2867 Sed
517 2833 548 2868 si
582 2835 665 2879 quis
691 2836 807 2871 aciem
831 2839 870 2872 et
894 2837 1099 2883 phalangas
1124 2837 1306 2879 audierit,
1338 2837 1508 2882 captivos
1534 2847 1682 2883 quoque

196 2878 235 2912 et
261 2878 389 2924 spoha,
415 2880 679 2926 imperatorem
705 2883 890 2930 ducesque
915 2887 1119 2932 agminum,
1144 2897 1190 2922 ne
1215 2885 1308 2921 talia
1333 2896 1371 2921 se
1394 2884 1524 2920 audire
1542 2884 1683 2926 credat,
1712 2922 1730 2929 ss
