1734 3120
203 201 284 250 244
707 207 873 250 ANNAE
903 206 1169 250 COMNENAE

52 337 91 373 P·
116 337 187 372 415
200 330 272 377 διά
297 349 414 384 τινος
441 327 729 381 άποστολέως
760 327 974 388 ἡμετέρου
1005 333 1065 372 >21
1070 326 1229 385 ριάθεν
1259 327 1552 386 πεμπομένου
1572 322 1684 385 μετὰ

198 403 271 446 καὶ
297 397 560 458 γραμμάτων
589 399 706 455 ἐμῶν
750 395 866 453 πρὸς
908 394 1021 452 ὑμᾶς
1061 395 1125 449 εἷς
1167 414 1246 456 την
1289 397 1495 453 βασιλίδα
1538 395 1681 451 πόλιν,

198 472 267 530 ἐφ’
301 461 337 528 ᾦ
366 471 502 513 ταῦτα
530 469 680 524 λαβεῖν
708 463 772 519 εἷς
801 463 1016 525 ἡμέτερον
1035 463 1299 522 πρόσωπον.
1344 466 1418 510 καὶ
1446 464 1572 523 ὑμεῖς
1590 467 1681 523 μέν,

201 556 241 583 οι
271 533 548 594 αεισέβαστοι
576 536 773 592 βασιλεῖς
807 534 881 578 καὶ
921 534 1133 590 σεβαστοί
1161 551 1210 578 τε
1241 535 1313 578 καὶ
1343 528 1579 592 ,αύγουστοι
1608 537 1685 593 τῆς

198 609 289 652 τῶν
312 606 535 663 Ῥωμαίων
563 602 805 664 ἡγεμονίας,
838 604 1041 660 στέρξετε
1073 600 1307 663 δήπουθεν
1333 602 1387 647 τὰ
1421 604 1466 648 ἐν
1490 605 1553 662 τῶ
1584 613 1720 660 χρυ-5

199 673 426 733 σοβούλλῳ
456 671 571 732 λόγῳ
608 676 686 732 τῆς
715 667 925 728 εὐσεβοῦς
962 668 1085 727 ὑμῶν
1115 671 1340 727 βασιλείας
1367 671 1685 729 ἐγγεγραμμένα

198 746 271 788 καὶ
299 742 353 788 τὰ
381 742 660 800 ὑπεσχημένα
687 736 984 798 ὄιατηρήσετε.
1044 737 1127 796 ἐγώ
1158 739 1206 783 δὲ
1237 739 1309 784 διὰ
1333 742 1464 784 τοῦδε
1495 744 1575 785 τοῦ
1610 738 1685 795 ὅρ-

198 830 278 856 κου
307 812 361 856 τά
391 811 495 866 παρ’
530 810 638 866 ἐμοῦ
682 806 799 866 πρὸς
838 806 956 864 ὑμᾶς
985 808 1374 866 συμπεφωνημένα
1404 810 1684 865 κατεμπεόὦ.

199 876 359 938 ὄμνυμι
388 877 467 937 γὰρ
498 877 562 931 εἷς
592 876 647 922 τὰ
667 875 797 935 πάθη
828 879 907 920 τοῦ
932 871 1144 929 ἀπαθοῦς
1171 877 1245 920 καὶ
1264 880 1466 937 σωτῆρος
1486 879 1684 934 Χριστοῦ

199 950 272 994 καὶ
302 948 365 1002 εἰς
393 946 471 993 τὸν
513 943 728 1007 ἀήττητον
773 945 940 990 ἐκείνου
986 941 1189 1000 σταυρόν,
1238 940 1289 989 ὃν
1331 942 1444 1002 ὑπὲρ
1487 947 1566 1005 τῆς
1597 948 1686 988 τῶν
1701 957 1734 990 1(

158 1016 406 1062 Βὰπάντων
434 1016 652 1074 σωτηρίας
680 1012 901 1071 ὑπέμεινε,
941 1014 1016 1057 καὶ
1044 1011 1108 1066 εἷς
1146 1011 1202 1056 τὰ
1238 1014 1509 1071 προκείμενα
1546 1031 1687 1058 πανα-

197 1087 382 1145 γέστατα
435 1083 668 1143 εὐαγγέλια,
716 1079 745 1128 ἃ
788 1081 870 1141 τήν
915 1082 1174 1142 οἰκουμένην
1200 1081 1378 1129 ἅπασαν
1407 1081 1685 1143 ἕσαγήνευσε·

196 1157 334 1200 ταῦτα
362 1152 441 1212 γὰρ
469 1155 642 1210 κρατῶν
673 1149 895 1208 ἐπόμνυμι
925 1150 1095 1196 καὶτὸν
1122 1150 1370 1210 πολύτιμον
1398 1150 1588 1210 σταυρὸν
1606 1155 1686 1197 τοῦ

197 1225 393 1283 Χριστοῦ
428 1218 846 1279 συμπαραλαμβάνω
878 1221 941 1278 τῷ
984 1222 1045 1279 νῷ
1086 1221 1158 1264 καὶ
1198 1219 1276 1266 τὸν
1314 1216 1556 1266 ἇκάνθινον
1590 1221 1687 1265 στέ-

196 1309 337 1352 φανον
367 1291 439 1335 καὶ
467 1288 572 1343 τούς
601 1287 732 1351 ἥλους
761 1290 832 1333 καὶ
863 1286 942 1347 τὴν
969 1287 1125 1347 λόγχην
1155 1289 1323 1334 ἐκείνου
1353 1288 1433 1349 τὴν
1452 1287 1686 1349 ὃιατρήσα-
1702 1295 1734 1330 lt

196 1377 276 1405 σαν
304 1358 382 1419 τὴν
426 1358 692 1416 δεσποτικὴν
737 1358 811 1402 καὶ
858 1355 1084 1414 ζωοποιόν
1127 1356 1323 1415 πλευρὰν
1369 1356 1486 1416 πρὸς
1515 1360 1577 1412 σέ,
1609 1357 1687 1403 τὸν

195 1427 429 1485 κράτιστον
458 1428 529 1472 καὶ
559 1424 682 1485 ἅγιον
713 1424 840 1487 ἡμῶν
867 1426 1051 1483 βασιλέα
1071 1425 1225 1483 κύριον
1248 1423 1446 1483 Ἀλέξιον
1464 1425 1543 1472 τον
1562 1431 1687 1484 Κομ-

195 1495 323 1556 νηνόν
351 1498 424 1541 καὶ
451 1497 528 1540 τὸν
573 1492 949 1553 συμβασιλεύοντά
991 1511 1064 1540 σοι
1101 1493 1383 1554 τριπόθητον
1411 1493 1569 1553 κύριον
1598 1491 1687 1539 Ἰω-

197 1563 324 1624 άννην
347 1563 425 1609 τὸν
470 1564 896 1624 πορφυρογέννητον,
946 1561 1008 1617 (ὃς
1037 1562 1182 1608 πάντα
1210 1562 1266 1610 τά
1299 1565 1688 1624 συμπεφωνημένα

197 1635 269 1678 καὶ
299 1633 501 1692 εἰρημένα
530 1628 622 1678 άπὸ
650 1636 730 1677 τοῦ
761 1630 984 1690 στόματός
1010 1650 1097 1690 μου
1129 1630 1311 1693 φυλάξω
1332 1633 1404 1678 καί
1421 1629 1687 1691 ἅπαράβατα
1700 1642 1734 1677 2(

333 1772 362 1805 1.
387 1768 565 1826 ἡιιειέρου
591 1770 633 1814 F,
661 1768 839 1816 ὑμετέρου
855 1769 894 1805 Ρ.
992 1767 1110 1817 Συριοὲ
1115 1774 1184 1806 θεν
1201 1770 1244 1815 F,
1269 1765 1458 1825 Συριόθεν
1475 1768 1514 1804 Ρ.
1649 1769 1683 1804 2.

329 1820 379 1857 εἰς
403 1818 446 1863 F,
473 1816 569 1864 πρὸς
587 1818 628 1853 P.
776 1820 810 1854 5.
834 1803 1095 1876 χρυσοβοὺλλω
1121 1819 1164 1864 F,
1188 1797 1463 1865 χρυσοβούλλου
1488 1817 1527 1853 P.
1652 1819 1685 1852 8.

328 1866 415 1913 παρ’
442 1867 535 1913 ἐιιοῦ
563 1864 659 1913 πρὸς
681 1864 779 1914 ὗμιις
792 1867 845 1921 F,
876 1865 972 1912 πρὸς
997 1865 1094 1914 ὑμᾶς
1119 1867 1206 1912 παρ’
1233 1867 1326 1914 Eum]
1341 1866 1382 1902 Ρ.
1533 1867 1586 1901 11.
1615 1879 1684 1900 πα-

328 1918 535 1961 ναγέστατα
560 1915 603 1956 F,
630 1927 707 1950 πα]
709 1911 890 1961 (cymbam
919 1915 961 1951 Ρ.
1086 1916 1141 1951 12.
1169 1901 1394 1970 ἐσαγήνευσε
1417 1914 1460 1959 F,
1486 1910 1683 1961 ἐσαγήνευ-

330 1974 402 1999 σαν
426 1963 466 1999 Ρ.
615 1965 669 1998 13.
694 1964 799 1998 τοῦτο
825 1964 870 2001 F.
1019 1965 1073 2000 17.
1099 1960 1227 2010 κίριον
1243 1963 1293 2020 F,
1317 1959 1423 2007 κύριν
1442 1942 1682 2022 P.18.

329 2007 644 2059 συμβασιλεύοντα
662 2012 703 2058 F,
731 2008 1078 2059 συιιβασιλεύσαντα
1097 2013 1135 2048 Ρ.
1209 2026 1252 2048 κι·
1254 2024 1335 2060 (nov
1352 1999 1395 2057 F,
1419 2009 1501 2048 ὑιὸν
1523 2008 1627 2058 κύριν
1643 2010 1684 2047 Ρ.

195 2147 300 2181 rator
327 2145 412 2190 fuit,
437 2145 604 2190 accipere
629 2145 743 2181 debeo
771 2157 838 2191 per
862 2145 1024 2192 aliquem
1052 2145 1220 2192 legatum
1243 2148 1414 2189 nostrum
1439 2156 1459 2180 e
1478 2143 1585 2191 Syria
1601 2156 1686 2180 cum

195 2193 332 2230 litteris
356 2194 448 2229 meis
476 2193 523 2229 ad
546 2205 611 2230 vos
636 2194 675 2228 in
701 2195 845 2240 regiam
870 2195 1002 2230 urbem
1028 2194 1265 2236 mittendum,
1292 2197 1336 2230 ut.
1358 2204 1439 2230 meo
1457 2194 1607 2229 nomine
1623 2193 1687 2228 illa

197 2242 369 2287 accipiat.
442 2253 485 2277 ac
521 2254 588 2278 vos
622 2241 774 2288 quidem
815 2254 958 2289 semper
984 2243 1135 2289 augusti
1174 2243 1423 2289 imperatores
1462 2244 1501 2277 et
1542 2241 1687 2277 Sebasti

197 2291 432 2337 Augustique
456 2290 607 2336 imperii
631 2291 882 2326 Romanorum
925 2291 1183 2337 observabitis,
1217 2301 1471 2338 quaecumque
1489 2301 1491 2304 ⁴
1508 2291 1548 2325 in
1584 2290 1687 2325 bulla

197 2350 308 2374 aurea
328 2339 412 2384 piae
436 2338 643 2374 maiestatis
668 2342 812 2376 vestrae
839 2341 1053 2386 conscripta
1078 2345 1178 2384 sunt,
1214 2344 1252 2376 et
1277 2339 1469 2386 promissis
1513 2339 1686 2374 omnibus

197 2387 357 2422 stabitis.
405 2398 474 2433 ego
500 2398 589 2423 vero
612 2387 683 2423 hoc
706 2388 948 2424 iureiurando
975 2400 1027 2432 ea,
1067 2388 1114 2424 de
1139 2388 1275 2434 quibus
1298 2388 1492 2424 vobiscum
1517 2388 1684 2431 conveni,

197 2434 304 2470 firmo
329 2436 540 2482 saucioque.
590 2436 674 2471 iuro
699 2437 799 2472 enim
823 2449 891 2482 per
931 2437 1077 2472 dolores
1104 2437 1243 2472 Christi
1281 2437 1477 2472 salvatoris
1516 2436 1685 2482 impassi-

196 2483 281 2518 bilis
307 2486 344 2518 et
368 2495 435 2529 per
460 2484 639 2520 invictam
667 2485 745 2519 eius
772 2497 930 2531 crucem,
956 2497 1069 2532 quam
1094 2497 1163 2532 pro
1189 2485 1308 2521 salute
1333 2485 1501 2521 omnium
1514 2485 1684 2530 pertulit,

196 2543 262 2576 pei
265 2543 335 2577 que
361 2543 413 2576 ea,
438 2544 532 2578 quae
558 2544 683 2568 coram
708 2532 827 2577 video,
854 2534 1192 2570 sacrosanctissima
1217 2534 1419 2581 evangelia,
1447 2544 1542 2579 quae
1555 2533 1684 2568 orbem

198 2580 409 2616 universum
434 2581 473 2615 in
499 2584 578 2616 rete
611 2581 860 2627 incluserunt3
899 2594 986 2618 nam
1011 2594 1123 2618 manu
1150 2582 1208 2618 his
1232 2582 1410 2628 imposita
1424 2581 1684 2617 iusiurandum

196 2628 279 2663 iuro
323 2628 703 2676 pretiosissimamquc
734 2609 874 2666 Christ’i
912 2643 1059 2667 crucem
1096 2635 1220 2667 mente
1261 2630 1372 2666 simul
1405 2629 1683 2686 comprehendo
1728 2636 1734 2669 J

197 2676 435 2722 spineamque
461 2689 637 2713 coronam
661 2681 699 2714 et
723 2678 845 2715 clavos
861 2682 899 2715 et
918 2679 1095 2724 lanceam,
1120 2691 1215 2726 quae
1238 2679 1470 2715 dominicum
1496 2679 1574 2714 eius
1591 2678 1683 2714 vivi·
1730 2683 1734 2710 ὲ

196 2724 381 2769 ficansque
405 2725 501 2760 latus
526 2726 751 2770 perforavit:
789 2727 861 2763 tibi
887 2729 1148 2784 potentissitno
1174 2731 1213 2764 et,
1238 2739 1343 2764 sacro
1369 2730 1499 2763 nostro
1526 2727 1685 2772 impera·
1724 2741 1734 2770 ³:

198 2772 274 2807 tori
301 2772 451 2807 domino
477 2773 608 2809 Alexio
639 2774 825 2810 Comneno
848 2779 886 2811 et
913 2777 1021 2823 regni
1047 2776 1147 2812 socio
1173 2776 1489 2812 desideratissimo
1531 2774 1684 2811 domino
1718 2778 1734 2811 ³1?

198 2820 328 2856 loanni
356 2821 674 2879 porphyrogenito
707 2823 832 2859 omnia
857 2836 915 2860 me
940 2828 1051 2870 pacta
1083 2828 1122 2860 et
1159 2837 1224 2861 ore
1263 2836 1344 2860 meo
1386 2823 1535 2870 prolassa
1563 2826 1684 2859 custo·
1713 2861 1734 2878 a

198 2868 367 2904 diturum
395 2872 431 2904 et
456 2870 635 2906 inviolata
658 2871 697 2906 in
723 2883 833 2907 omne
856 2875 1004 2919 tempus
1029 2877 1275 2920 servaturum,
1301 2884 1470 2919 quaeque
1498 2871 1685 2907 maiestati
1719 2880 1734 2965 Ξ
