1734 3120
167 224 190 263 3
197 222 250 263 60
671 227 836 263 ANNAE
873 225 1140 261 COMNENAE

163 341 225 398 ῶς
261 338 400 397 ’όντως
429 340 802 401 μαρτυρήσοντες·
834 339 875 386 οἳ
909 342 958 386 δέ
987 358 1032 399 γε
1064 336 1320 384 ἄθεώτατοι
1347 343 1426 393 τῗς
1455 342 1652 397 μυσαρᾶς

162 407 446 469 ἀντεχόμενοι,
476 409 688 468 αἱρέσεως
718 408 834 467 πρὸς
864 410 1058 465 θατέραν
1088 409 1346 454 ἀπένευσαν.
1387 409 1460 453 καὶ
1487 403 1653 464 ἆπάρτι

123 478 334 526 Βτούτων
364 481 408 525 ἐν
434 484 532 533 ταῖς
561 480 759 536 καμίνοις
795 478 905 536 ὁμοῦ
937 478 1153 536 ἐρρῖφθαι
1187 474 1449 534 μελλόντων,
1493 473 1535 519 οἳ
1574 477 1653 533 μὲν

164 551 448 606 παρεστῶτες
480 547 673 601 ἅπαντες
703 547 814 604 ὑπὲρ
848 550 936 590 τῶν
963 548 1244 603 Χριστιανῶν
1275 540 1434 604 ἤλγουν
1463 542 1524 599 ῶς
1550 563 1654 589 καυ-

164 617 429 675 θησομένων
449 611 530 675 ἤδη
553 617 720 660 καὶτοῦ
746 615 963 672 βασιλέως
989 611 1134 658 πολλὰ
1163 611 1503 670 κατεστύγναζον
1524 609 1653 671 οἷγνο-
1667 616 1690 651 5

165 686 316 738 οῦντες
344 683 396 729 τὸ
422 682 806 741 οἰκονομούμενον.
842 678 951 727 ἀλλὰ
979 680 1182 741 βασιλική
1200 700 1266 735 τις
1282 679 1522 739 πρόσταξις
1541 698 1654 738 προ-

162 754 467 809 καταλαβοῦσα
487 751 592 806 τοὺς
611 753 794 810 δημίους
815 752 1006 805 ἐκείνους
1021 747 1209 807 εἷπεῖρξε
1227 753 1307 796 τοῦ
1331 748 1654 809 ἐγχειρήματος.

161 823 235 867 καὶ
265 820 381 866 οὕτω
412 822 594 878 βεβαίαν
628 819 706 881 τὴν
736 824 825 865 τῶν
854 821 1114 878 Βογομίλων
1145 814 1284 873 ι’)’ντως
1314 821 1338 864 ὃ
1367 815 1654 876 αὐτοκράτωρ

164 888 358 946 ἐσχηκώς
374 888 620 948 κατάληψιν
635 889 738 943 τούς
755 889 1194 949 συκοφαντουμένους
1204 886 1499 945 Χριστιανοῦς
1512 885 1656 932 πολλὰ

165 959 432 1015 παραινέσας
461 959 690 1012 ἀπέλυσεν,
730 958 922 1010 ἐκείνους
950 957 998 1001 δὲ
1026 955 1159 1001 πάλιν
1190 955 1383 1012 εἱρκταῖς
1425 951 1514 1012 εἶχε
1547 957 1656 1000 διαι-
1671 965 1717 1001 10

166 1023 301 1083 ρίσας
338 1024 442 1079 τούς
481 1021 763 1078 ἀποστόλους
796 1028 875 1070 τοῦ
909 1020 1098 1081 ἀσεβοῦς
1122 1025 1353 1069 Βασιλειόυ
1392 1023 1654 1080 [διακρίνας]

164 1097 254 1138 τῶν
282 1088 448 1138 ἄλλων·
496 1089 592 1138 εἶτα
621 1095 724 1139 καθ’
770 1090 953 1152 ἑκάστην
994 1090 1288 1150 πεμπόμενος
1331 1089 1435 1146 τούς
1478 1093 1559 1148 μὲν
1602 1091 1656 1136 δι’

166 1161 323 1208 ἑαυτοῦ
355 1163 580 1207 ἐδίδασκεν
609 1160 754 1207 πολλὰ
784 1165 1012 1219 παραινῶν
1042 1165 1120 1222 τῆς
1148 1163 1349 1219 μυσαρᾶς
1374 1156 1658 1216 ἀποσχέσθαι

129 1231 421 1290 Οθρησκείας,
454 1228 569 1287 πρὸς
608 1231 656 1275 δὲ
692 1230 795 1283 τούς
834 1224 992 1283 ἄλλους
1031 1227 1216 1288 λογάδας
1256 1227 1376 1282 τινὰς
1416 1230 1494 1273 τοῦ
1535 1225 1657 1285 ἱεροῦ

20 1313 62 1348 V,
86 1314 156 1348 389
168 1301 245 1359 τῆς
276 1299 501 1357 ἐκκλησίας
537 1296 836 1357 συντάγματος
874 1299 1102 1358 ἐπέσκηψε
1140 1299 1244 1343 καθ’
1287 1296 1470 1356 ἑκάστην
1515 1313 1657 1353 παρα·
1672 1298 1718 1336 15

166 1367 419 1424 γινομένους
453 1363 760 1412 ἀναδιδάσκειν
795 1363 955 1421 αὐτοῦς
993 1365 1071 1427 τὴν
1109 1362 1360 1424 ὅρθόδοξον
1397 1367 1548 1411 πίστιν
1585 1366 1659 1410 καὶ

167 1439 400 1492 παραινεῖν
430 1431 714 1491 ἀποσχέσθαι
742 1439 825 1494 τῆς
852 1437 1138 1496 βογομιλικῆς
1167 1432 1389 1492 αἱρέσεως.
1441 1434 1515 1478 καί
1544 1450 1659 1486 τινες

166 1504 246 1560 μὲν
287 1505 457 1548 τούτων
501 1504 743 1560 μετέβαλον
773 1504 849 1549 ἐπὶ
893 1502 944 1549 τὸ
987 1505 1162 1561 βέλτιον
1209 1505 1282 1548 καὶ
1327 1507 1404 1562 τῆς
1454 1504 1658 1562 φρουρᾶς

166 1567 469 1629 ἀπελύθησαν,
494 1569 603 1616 οἶδὲ
632 1574 685 1631 τῇ
711 1574 815 1631 σφιῖ
817 1589 840 1615 ν
872 1572 1166 1617 ἕπαπέθανον
1195 1569 1362 1628 αἱρέσει
1391 1571 1436 1616 ἐν
1466 1569 1658 1627 εἱρκταῖς

167 1636 464 1696 κατεχόμενοι,
495 1642 666 1699 τροφῆς
701 1640 853 1696 μέντοι
885 1641 956 1684 καὶ
1003 1635 1183 1700 ἆμφίων
1213 1640 1380 1697 δαψιλῆ
1425 1636 1503 1697 τὴν
1527 1653 1656 1695 χορη-
1670 1644 1717 1680 20

168 1708 263 1765 γιάν
294 1706 480 1763 ἔχοντες.

301 1825 334 1860 3.
361 1828 436 1863 τοῖς
462 1823 532 1869 ΟΡ,
557 1826 714 1860 correxi.
875 1826 907 1862 7.
937 1825 1112 1862 ἔκείνωνῗ
1272 1825 1306 1860 9.
1334 1826 1658 1871 συκοφαντουμέ-

301 1884 385 1911 νους
410 1872 448 1908 C.
573 1875 628 1909 11.
656 1873 844 1920 διακρίνας
869 1874 1010 1910 seclusi.
1141 1875 1196 1909 17.
1223 1873 1471 1920 βωγομιλικῆς
1495 1884 1541 1907 ex
1564 1885 1658 1918 γνω-

302 1921 413 1968 μικῆς
437 1933 484 1957 m.
516 1922 550 1957 2.
581 1921 618 1958 C.
806 1922 862 1958 19.
888 1923 932 1967 τῆ
957 1934 1003 1958 ex
1027 1923 1090 1966 τῆς
1113 1934 1162 1957 m.
1190 1924 1210 1957 2
1237 1921 1274 1958 G.
1398 1921 1659 1957 ἔναπέθανονῗ

307 1969 353 2006 cf.
380 1970 463 2016 359,
489 1971 522 2005 6.
549 1971 632 2015 364,
663 1971 717 2005 14.

168 2099 280 2134 fidem
304 2099 494 2143 tenebant,
520 2099 568 2135 ad
599 2099 789 2137 fornacem
825 2102 1062 2136 accesserunt
1098 2111 1189 2144 eam,
1227 2111 1322 2146 quae
1360 2110 1507 2135 crucem
1548 2098 1658 2134 habe-

170 2148 244 2192 bat,
284 2149 507 2194 martyrium
550 2160 680 2184 revera
719 2150 884 2195 passuri3
936 2149 1204 2195 improbissimi
1243 2159 1344 2193 vero,
1386 2147 1450 2194 qui
1492 2159 1658 2193 perseve-

169 2197 304 2232 rabant
340 2197 379 2232 in
417 2197 566 2242 impura
599 2197 762 2243 haeresi,
798 2198 838 2232 in
870 2197 1026 2233 alteram
1059 2209 1096 2233 se
1126 2198 1405 2233 converterunt.
1467 2196 1540 2231 iam
1575 2208 1659 2232 cum

169 2245 207 2280 in
233 2257 275 2280 eo
301 2247 406 2290 esset,
444 2249 487 2280 ut
523 2257 598 2280 una
635 2257 762 2281 omnes
799 2246 838 2281 in
871 2245 1038 2283 flammas
1072 2246 1342 2290 conicerentur,
1377 2244 1660 2280 circumstantes

170 2304 295 2328 omnes
339 2293 568 2329 Christianos
622 2294 696 2329 iam
746 2295 1018 2330 comburendos
1065 2294 1422 2330 commiserabantur
1473 2304 1659 2328 succense-

170 2341 334 2386 bantque
370 2342 477 2377 valde
515 2343 748 2388 imperatori,
791 2344 896 2379 cuius
935 2342 1100 2378 nondum
1144 2342 1339 2379 consilium
1379 2344 1657 2388 perspexerant.

171 2393 209 2424 at
235 2390 404 2425 celeriter
431 2391 715 2436 imperatorium
756 2392 974 2427 mandatum
1001 2391 1142 2426 editum
1179 2394 1244 2433 cst,
1288 2402 1360 2436 quo
1391 2389 1583 2426 carnifices
1612 2389 1659 2425 ab

170 2438 319 2484 incepto
345 2439 659 2485 prohibebantu1·;
686 2441 920 2487 cognitisque
939 2441 1036 2476 veris
1054 2439 1258 2486 Bogomilis
1282 2439 1487 2484 imperator
1503 2437 1659 2474 Christi-

172 2497 271 2530 anos,
311 2487 375 2532 qui
417 2487 509 2523 falso
554 2488 761 2524 insimulati
796 2492 922 2534 erant,
962 2489 1122 2524 multum
1148 2488 1359 2524 admonitos
1382 2486 1543 2531 dimisit;
1568 2486 1659 2522 istos

172 2537 295 2569 autem
334 2536 470 2570 iterum
512 2536 552 2571 in
593 2548 778 2572 carcerem
816 2538 986 2583 coniecit,
1025 2548 1183 2583 cumque
1221 2548 1243 2571 a
1279 2535 1413 2572 ceteris
1447 2535 1556 2581 impii
1593 2534 1661 2570 Ba-

172 2583 246 2617 silii
271 2584 457 2628 apostolos
481 2585 712 2630 seiunxissct,
739 2585 830 2621 alios
855 2586 936 2632 ipse
976 2585 1114 2621 cotidie
1146 2585 1341 2620 arcessitos
1374 2583 1504 2619 multis
1535 2583 1659 2618 admo-

171 2631 378 2666 nitionibus
417 2633 463 2667 ab
490 2633 639 2679 impura
674 2633 940 2679 superstitione
965 2645 1140 2670 revocare
1166 2633 1323 2678 studuit,
1356 2631 1403 2667 ad
1441 2631 1531 2668 alios
1559 2631 1660 2667 misit

172 2680 271 2714 viros
302 2691 345 2714 ex
378 2692 481 2716 sacro
511 2681 684 2718 ecclesiae
718 2682 850 2718 ordine
881 2683 1029 2728 electos,
1066 2685 1108 2717 ut
1142 2681 1280 2718 cotidie
1309 2680 1496 2717 visitando
1523 2691 1584 2715 eos
1613 2679 1660 2715 ad

173 2730 311 2762 rectam
342 2727 451 2763 fidem
487 2730 779 2766 adhortarentur
811 2734 849 2766 et
882 2731 929 2767 ad
958 2730 1203 2778 respuendam
1228 2729 1496 2776 Bogomilicam
1522 2731 1659 2764 sectam

172 2775 417 2820 impellerent.
469 2790 511 2813 ac
547 2778 700 2814 fuerunt
735 2779 887 2825 quidam
925 2779 1094 2824 illorum,
1132 2780 1197 2826 qui
1233 2779 1272 2814 in
1307 2777 1439 2813 melius
1470 2777 1606 2812 mutati
1640 2789 1660 2812 e

173 2824 329 2858 vinculis
357 2824 662 2872 demitterentur3
691 2826 755 2862 alii
781 2830 922 2872 contra,
947 2828 1013 2874 qui
1036 2827 1207 2863 haeresin
1224 2826 1450 2871 retinebant,
1474 2825 1513 2861 in
1538 2836 1659 2861 carce-

173 2872 275 2910 ribus
300 2872 415 2910 vitam
441 2873 630 2919 finierunt,
650 2876 702 2911 ita
727 2879 853 2911 tamen
873 2879 914 2912 ut
932 2876 1080 2913 abunde
1104 2876 1151 2913 iis
1169 2876 1289 2911 victus
1306 2875 1534 2922 vestitusque
1551 2877 1656 2910 esset.
