1806 3132
268 220 351 265 588
783 229 961 264 cARom
993 227 1233 264 DUOANGH

267 345 475 388 Henricus
503 345 537 388 I.
566 345 672 400 Imp.
697 345 746 388 ut
777 345 966 400 pluribus
994 344 1120 387 refert
1153 342 1368 386 Conradus
1398 341 1541 385 Abbas
1570 342 1748 397 Usperg.

267 402 310 444 in
342 401 429 445 eod.
460 402 656 454 Henrico,
687 402 759 445 ubi
789 403 879 444 eius
920 402 1098 444 formam
1142 399 1350 443 describit.
1421 399 1483 442 De
1527 411 1574 442 ea
1621 399 1747 441 etiam

270 458 421 501 Chron.
466 459 861 513 Reichersbergense
891 458 972 500 An.
1000 468 1103 501 ΜΝ.
1175 457 1238 500 De
1283 468 1402 499 sacra
1445 468 1541 498 vero
1586 455 1749 498 Lancea

268 514 570 570 Hierosolymis
601 528 625 559 a
656 516 808 558 nostris
834 515 1006 557 inventa
1034 514 1185 569 agetur
1209 513 1320 555 infra
1351 512 1404 555 ad
1432 512 1505 555 lib.
1530 512 1594 554 11.

230 577 256 612 C
407 570 813 626 Μεσοποταμίτην]
853 571 931 614 Ille
960 571 1071 614 idem
1102 570 1176 622 est,
1206 570 1250 612 ni
1280 569 1416 621 fallor,
1449 568 1521 623 qui
1548 568 1745 622 Mesopo-

267 628 422 671 tamius
450 628 606 671 dicitur
636 629 680 671 in
700 628 811 671 Bibl.
844 627 1030 671 Cluniae.
1061 640 1155 681 pag.
1177 627 1274 669 563.
1335 625 1558 669 Caesareae
1590 624 1751 679 Cappa-

267 684 410 728 dociae
439 684 750 740 Archiepiscopi
780 698 826 727 ex
855 684 986 727 fratre
1015 695 1152 738 nepos,
1195 683 1261 726 cui
1291 682 1472 725 Michael
1497 682 1637 724 Ducas
1663 682 1750 724 Im-

267 741 436 796 perator
471 755 518 785 ex
555 741 687 785 fratre
728 742 803 784 aut
846 753 985 783 sorore
1025 740 1191 794 neptem
1225 739 1270 782 in
1303 739 1523 794 coniugem
1553 738 1679 791 dedit,
1710 738 1751 780 et

267 798 534 852 postmodum
577 799 622 840 in
666 798 853 841 ordinem
883 797 988 840 actis
1020 797 1162 840 eodem
1193 796 1398 839 Michaele
1435 796 1478 838 et
1508 795 1750 847 Botaniata‚

267 855 321 898 ab
365 854 511 898 Alexio
556 855 698 898 tamen
727 855 771 897 in
807 855 962 897 honore
1001 853 1184 905 habitus,
1226 853 1301 895 illo
1344 852 1480 896 adhuc
1520 852 1752 906 imperante

267 911 378 954 diem
407 912 639 954 extremum
665 911 783 954 obiit.
860 911 1023 954 Insessa
1053 910 1094 953 et
1124 922 1218 952 mox
1261 910 1385 963 capta
1412 922 1437 952 a
1469 908 1615 951 Turcis
1649 907 1751 951 Cae-

265 980 395 1020 sarea,
426 968 749 1023 Mesopotamita
777 967 822 1009 in
851 968 991 1010 urbem
1022 979 1222 1019 reversus,
1259 966 1461 1009 tabellam
1507 963 1752 1008 Graecanici

268 1024 310 1066 et
355 1025 558 1080 elegantis
603 1024 830 1068 admodum
879 1023 1030 1078 operis,
1082 1036 1164 1066 non
1211 1023 1462 1066 mediocrem
1504 1021 1752 1064 Dominicae

270 1080 414 1124 Crucis
444 1082 698 1135 particulam
729 1081 1023 1132 continentem,
1055 1093 1103 1123 ex
1123 1079 1450 1134 Metropolitana
1480 1078 1678 1129 Ecclesia,
1708 1078 1753 1120 in

271 1150 354 1192 qua
390 1138 482 1180 tum
522 1137 820 1180 Archidiaconi
864 1137 1119 1191 fungebatur
1165 1136 1388 1191 dignitate,
1443 1135 1632 1179 ablatam
1673 1134 1753 1177 sibi

265 1194 454 1247 retinuit,
502 1194 713 1249 coluitque
752 1194 889 1249 quoad
934 1193 1051 1236 vixit.
1125 1193 1249 1236 Hanc
1293 1191 1483 1236 ferebant
1522 1205 1547 1234 a
1594 1191 1752 1246 Magno

266 1250 425 1293 Basilio
457 1250 714 1294 Caesariensi
751 1251 1072 1305 Archiepiscopo
1110 1249 1322 1292 Ecclesiae
1365 1261 1464 1292 suae
1507 1247 1608 1291 olim
1654 1260 1756 1290 con-

267 1319 439 1359 cessam,
461 1320 485 1350 a
511 1307 815 1350 successoribus
834 1319 998 1350 summo
1035 1307 1152 1349 cultu
1183 1307 1224 1349 et
1245 1305 1533 1349 observatione
1563 1304 1753 1359 deinceps

267 1363 469 1407 habitam.
527 1364 722 1407 Extincto
757 1363 924 1406 demum
946 1363 1282 1418 Mesopotamita‚
1313 1361 1543 1406 Mauricius
1571 1361 1754 1404 Bracca-

267 1419 398 1463 rensis
441 1420 485 1462 in
515 1419 722 1475 Hispania
757 1420 1117 1475 Archiepiscopus,
1168 1419 1270 1462 dum
1299 1417 1663 1472 Constantinopoli
1707 1430 1754 1460 ex

269 1476 391 1532 Syria
428 1477 555 1520 redux
596 1477 842 1529 moraretur,
884 1477 936 1520 ab
965 1489 1090 1520 uxore
1134 1489 1289 1532 magno
1319 1475 1578 1530 redemptam
1606 1473 1753 1529 pretio,

269 1532 322 1576 ad
355 1532 627 1577 Cluniacense
646 1533 951 1577 Monasterium
981 1533 1218 1576 transmisit
1245 1533 1297 1575 A.
1331 1531 1426 1575 Chr.
1455 1540 1608 1575 Mcxn.
1668 1531 1754 1574 Ba-

268 1589 411 1632 silium
440 1589 807 1644 Mesopotamitam
836 1590 881 1632 in
911 1590 1059 1633 castris
1091 1589 1228 1632 Alexii
1258 1589 1312 1632 ad
1336 1588 1649 1644 Dyrrachenam
1680 1587 1755 1630 ob-

268 1645 472 1689 sidionem
506 1647 711 1690 militasse
740 1647 946 1690 memorat
977 1646 1145 1690 Guillel.
1183 1645 1311 1701 Apul.
1341 1645 1414 1688 lib.
1434 1645 1475 1688 4.
1534 1643 1752 1687 Michaelis

269 1702 487 1746 cuiusdam
526 1703 873 1758 Mesopotamitae
915 1704 992 1747 sub
1023 1703 1253 1746 Theodosio
1282 1702 1400 1746 Patr.
1438 1701 1519 1746 CP.
1564 1700 1757 1744 meminit

272 1759 343 1802 Ius
374 1758 676 1804 Graeco-Rom.
714 1760 831 1803 Tom.
857 1761 893 1804 1.
924 1773 1018 1815 pag.
1041 1760 1137 1803 232.

226 1817 260 1853 D
406 1816 555 1858 Δοῦκα
604 1821 684 1859 τοῦ
727 1815 832 1870 περὶ
865 1813 1134 1873 Λανουβίου]
1180 1816 1231 1859 Id
1273 1815 1348 1871 est,
1379 1815 1617 1870 Regionum
1643 1813 1755 1856 Istro

272 1871 556 1917 adiacentium
602 1874 775 1926 Ducem,
825 1874 900 1928 qui
940 1869 1062 1927 Δούξ
1106 1874 1196 1915 τῶν
1234 1870 1509 1926 παριστρίων
1547 1870 1755 1926 Scylitzae

271 1928 439 1980 dicitur,
473 1930 515 1973 et
535 1931 719 1973 Zonarae
747 1930 791 1972 in
807 1930 1012 1974 Michaele
1029 1931 1148 1973 Duca
1165 1945 1175 1973 :
1206 1921 1351 1985 ὄρχων
1370 1928 1460 1970 τεῒν
1479 1925 1755 1983 παριστρίων

270 1980 459 2038 πόλεων,
506 1987 639 2030 eidem
668 1987 876 2042 Scylitzae
916 2000 1011 2042 pag.
1033 1988 1124 2030 777.
1155 1987 1323 2030 urbium
1363 1998 1509 2040 nempe
1544 1985 1586 2027 et
1616 1983 1755 2026 muni-

269 2042 434 2085 tionum
462 2043 516 2087 ad
545 2043 730 2087 Danubii
760 2044 871 2098 ripas
902 2044 1199 2095 extructarum,
1233 2055 1412 2098 quarum
1443 2040 1636 2084 meminit
1651 2039 1755 2083 Pro-

270 2099 411 2153 copius
440 2099 513 2143 lib.
535 2100 574 2143 4.
607 2100 657 2144 de
688 2100 825 2144 Aedis.
856 2100 1006 2143 Iustin.
1037 2113 1133 2156 pag.
1154 2101 1223 2143 38.
1244 2100 1286 2143 et
1306 2100 1374 2142 39.
1405 2097 1555 2154 prioris
1584 2097 1697 2140 Edit.

488 2258 553 2302 IN
587 2259 809 2304 LIBRUM
846 2260 922 2303 IX.
987 2258 1299 2303 ALEXIADIS
1335 2256 1542 2302 NOTAE.

35 2374 259 2420 Pag.245.A
407 2371 623 2427 ZYTOY]
656 2372 851 2415 Meminit
887 2373 1009 2415 istius
1053 2372 1166 2428 qui,
1211 2384 1281 2415 seu
1312 2374 1468 2427 Ζυγοῦ,
1499 2369 1673 2413 Nicetas
1711 2369 1756 2411 in

273 2427 404 2471 Isaac.
435 2428 508 2471 lib.
532 2428 568 2472 1.
595 2429 649 2472 N.
667 2429 706 2471 5.
724 2429 767 2471 in
786 2429 886 2472 Not.
909 2429 1150 2484 Wolphian.
1172 2429 1221 2472 ut
1241 2428 1283 2472 et
1314 2427 1542 2472 Cinnamus
1570 2427 1613 2470 et
1629 2426 1754 2468 Anna

40 2496 368 2594 Pag.248.Dpag·
387 2484 589 2598 2,]7ἒὲρύκη
619 2535 922 2596 ἀποστασίαν]
956 2541 1127 2586 Caricae
1157 2542 1199 2586 et
1228 2539 1525 2597 Rhapsomatis
1556 2538 1755 2582 defectio-

274 2609 367 2639 nem
400 2599 576 2641 narrant
606 2599 731 2642 etiam
765 2599 945 2642 Zonaras
982 2600 1024 2642 et
1054 2598 1220 2655 Glycas.

228 2663 261 2698 D
408 2649 687 2708 Κάρπαθον]
733 2655 877 2698 Insula
911 2655 1024 2699 haud
1065 2655 1209 2711 procul
1239 2668 1264 2698 a
1296 2653 1432 2706 Creta,
1477 2651 1599 2696 hodie
1628 2650 1757 2696 Scar-

39 2712 635 2824 Ρας.249.ΑΡαηιο’Κυρήνην]
684 2768 794 2811 Urbs
824 2766 963 2823 Cypri,
1008 2769 1126 2811 cuius
1155 2767 1348 2811 meminit
1378 2765 1682 2822 Metaphrastes
1712 2765 1756 2808 in

275 2819 531 2877 Spyridone:
564 2822 753 2877 Germia,
787 2824 853 2867 vel
875 2822 1086 2869 Cera-unia
1105 2824 1362 2877 Ptolemaeo,
1395 2821 1637 2868 Geminium
1665 2821 1756 2865 Pli-
