1734 3120
498 220 762 255 ALEXIADIS
792 221 886 255 LIB.
917 222 995 257 XV.
1028 219 1065 256 3.
1441 218 1523 258 317

41 328 211 390 ἅψηται
240 330 384 390 ἔργον,
409 333 645 390 τηνικαῦτα
673 333 746 376 καὶ
774 327 907 386 αὐτὸς
935 337 1024 378 τῶν
1050 339 1331 392 στρατιωτῶν
1366 335 1524 394 μικρὸν

38 394 421 458 οἷναπαυσαμένων
449 400 523 445 καὶ
550 400 641 444 τῶν
678 401 837 444 ἵππων
863 402 937 446 καὶ
966 399 1216 460 ὑποζυγίων
1257 402 1428 449 πιόνων
1457 405 1524 449 ε’ν-

39 471 203 514 τεῦθεν
230 467 476 527 γεγονότων
502 475 599 526 μετ’
630 465 684 513 οὗ
722 467 839 513 πολύ
871 469 1177 529 σφοδρότερον
1216 475 1295 516 τοῦ
1325 474 1417 517 κατ’
1448 469 1525 517 αὖ·

37 538 128 581 τῶν
154 534 325 596 ἅψηται
363 538 563 594 πολέμου
593 540 666 582 καὶ
706 541 785 598 τῆς
826 535 967 596 μάχης
1006 543 1230 598 καρτερῶς
1272 535 1570 599 ἆνθέξηται.1)

2 600 111 649 ὅδιᾶ
138 608 277 649 ταῦτα
305 603 384 665 τὴν
401 603 699 664 Νικομήδειαν
726 601 1010 665 ἀναζητήσας,
1044 605 1103 659 ῶς
1131 605 1312 666 εἴρηται,
1347 610 1419 653 καὶ
1447 627 1525 653 κα-

36 672 238 730 ταλαβών
268 674 373 726 τούς
401 674 791 731 συνεφεπομένους
810 670 935 733 αὐτῷ
966 671 1166 728 ἅπαντας
1192 679 1282 720 τῶν
1309 693 1524 733 στρατιω-

36 743 125 784 τῶν
157 738 223 794 εἷς
259 739 340 795 τὰς
368 739 521 799 ἐγγύθι
558 738 842 798 κωμοπόλεις
878 743 1107 795 κατέθετο,
1142 740 1202 796 ὥς
1232 744 1280 786 οἵ
1306 761 1354 788 τε
1382 745 1522 788 ἵπποι

34 809 109 853 καὶ
145 809 201 853 τὰ
239 806 452 867 ὖποζῦγια
489 807 662 869 τροφὴν
699 805 970 866 ἀποχρῶσαν
1008 808 1151 865 ἔχοιεν
1202 814 1279 870 τῆς
1314 814 1524 855 Βιθυνῶν

35 879 111 935 γῆς
140 874 281 921 πολύν
322 874 402 920 τὸν
438 875 598 935 χόρτον
633 874 928 936 ἀναδιδούσης
966 878 1038 921 καὶ
1074 872 1201 922 αὖτοὶ
1235 877 1288 937 δὴ
1319 876 1361 923 οὶ
1391 895 1522 935 στρα-

0 945 190 991 Οτιῶται
218 946 383 1003 ῥᾳδίως
419 939 513 989 ἆπό
550 963 599 990 τε
642 948 721 1006 τῆς
750 946 1017 1001 Βυζαντίδος
1052 949 1143 991 καὶ.
1162 950 1251 991 τῶν
1290 948 1425 1004 πέριξ
1450 946 1523 992 διὰ

34 1013 114 1056 τοῦ
143 1013 469 1070 παρακειμένου
509 1011 680 1058 κόλποι·
721 1009 990 1072 ἀποχρῶντα
1027 1014 1082 1059 τὰ
1119 1013 1236 1072 πρὸς
1272 1017 1420 1072 χρείαν
1448 1033 1523 1060 κο-

32 1079 244 1135 μίζοιντο,
278 1078 537 1139 ἐπισκήψας
566 1077 719 1135 αὐτοῖς
755 1080 836 1142 ὅλῃ
867 1081 1016 1143 γνώμῃ
1057 1082 1226 1143 πολλὴν
1271 1085 1523 1141 ἐπιμέλειαν

33 1149 124 1192 τῶν
153 1149 311 1192 ἵππων
342 1150 414 1194 καὶ
443 1145 723 1209 ἀχθοφόρων
750 1154 918 1209 κτηνῶν
950 1157 1186 1197 ποιεῖσθαι
1219 1153 1292 1196 καὶ
1329 1153 1430 1210 μηδ’
1458 1150 1574 1205 εὶςΡ.
1599 1159 1671 1194 466

35 1213 180 1274 θήραν
206 1218 306 1275 μηδ’
338 1216 403 1271 εἶς
444 1216 719 1276 ἶππηλάσιον
748 1218 800 1262 τι)
833 1218 1046 1276 παράπαν
1066 1221 1235 1276 ἐξιέναι,
1267 1222 1339 1264 ἵνα
1367 1222 1521 1278 καιροῦ

0 1285 271 1339 ὁκαλοῦντος
299 1286 453 1340 πίονες
481 1282 605 1340 ὄντες
633 1285 739 1340 τοῦς
774 1286 989 1343 ἐπιβάτας
1017 1285 1208 1346 εὐχερῶς
1239 1291 1419 1349 φέροιεν
1449 1289 1521 1333 καὶ

33 1351 150 1409 πρὸς
177 1352 256 1407 τὰς
283 1353 394 1399 κατὰ
422 1357 514 1399 τῶν
543 1355 720 1413 ἐχθρῶν
746 1353 968 1410 ἱππασίας
996 1355 1201 1418 χρήσιμοι
1231 1353 1389 1410 αὐτοῖς
1418 1353 1519 1401 εἶεν.

167 1426 206 1466 3.
270 1424 418 1467 Ταῦτα
446 1426 685 1481 τοιγαροῦν
715 1423 1010 1483 οἰκονομήσας
1039 1426 1206 1479 ἐκεῖνος
1235 1420 1311 1470 οἷα
1347 1423 1519 1477 σκοπὸς

33 1492 240 1546 καθῆστο
270 1488 518 1548 πόρρωθεν
535 1489 734 1553 φύλακας
754 1492 828 1537 διὰ
861 1491 1007 1552 πάσης
1033 1489 1237 1551 οἶτραποῦ
1259 1488 1518 1554 ἐπιστήσας·

31 1559 202 1614 μέλλων
229 1559 278 1604 δὲ
306 1555 447 1605 αὐτοῦ
480 1578 571 1605 που
595 1559 758 1620 ἡμέρας
786 1559 935 1615 ἱκανὰς
954 1558 1214 1619 αὖλίζεσθαι
1233 1564 1521 1620 μεταπέμπε-

0 1641 102 1692 οτοιι
132 1625 211 1688 τὴν
249 1621 517 1686 Λῖἷγουσταν
554 1631 611 1674 δι’
650 1625 703 1683 ἃς
739 1627 954 1684 πολλάκις
982 1630 1125 1684 αἰτίας
1159 1629 1415 1692 εἰρήκειμεν,
1448 1631 1517 1690 ἐφ’

33 1693 69 1753 qi
97 1701 290 1741 συνεῖναι
331 1694 489 1756 τούτῳ,
534 1698 686 1755 μέχρις
727 1696 781 1743 ἂν
822 1698 901 1753 τὰς
943 1703 1031 1744 τῶν
1064 1698 1301 1756 βαρβάρων
1330 1697 1522 1759 ἐφόδους

32 1763 293 1818 ἑνωτισθεὶς
338 1765 515 1811 ἐκεῖθεν
556 1768 727 1824 ἀπᾶραι
764 1769 1024 1827 βουληθείη.
1092 1766 1117 1829 ἡ
1152 1769 1200 1812 δὲ
1240 1771 1410 1812 θᾶττον
1439 1766 1521 1825 τήν

33 1830 333 1891 Νικομήδειαν
371 1833 715 1891 καταλαμβάνει·
755 1837 905 1893 ὁρῶσα
945 1837 995 1882 δέ·
1027 1854 1148 1890 τινας
1183 1840 1273 1881 τῶν
1313 1836 1561 1880 ἕναντίωνΒ

165 1967 200 2002 4.
233 1964 425 2008 &wehtae
457 1968 526 2014 GP,
559 1972 716 2006 correxi.
913 1973 947 2006 9.
982 1969 1114 2017 πολὺν]
1144 1984 1164 2005 υ
1187 1971 1227 2005 in
1253 1981 1325 2005 ras.
1351 1981 1400 2004 m.
1425 1970 1448 2003 2
1478 1969 1516 2005 C.

166 2015 209 2051 δὲ
235 2015 304 2061 ΟΡ,
328 2018 486 2053 correxi.
612 2021 668 2055 14.
695 2016 831 2066 θήραν]
856 2033 877 2064 η
902 2022 943 2055 in
966 2032 1038 2055 ras.
1066 2031 1112 2054 m.
1139 2021 1161 2053 2
1189 2019 1227 2054 C.
1344 2020 1399 2053 17.
1427 2018 1518 2053 ἐκεῖ·

165 2076 228 2103 νος
252 2064 290 2110 C,
316 2065 470 2105 ἐκείνως
495 2066 534 2102 P.

30 2192 144 2236 atque
166 2192 273 2237 equis
297 2192 548 2239 iumentisque
571 2195 713 2230 curatis
738 2194 875 2230 bellum
896 2194 1023 2229 statim
1050 2193 1087 2228 in
1114 2205 1175 2228 eos
1201 2193 1384 2238 inciperet
1410 2191 1518 2227 forti-

30 2242 163 2286 terque
186 2252 352 2287 pugnam
390 2246 610 2288 capesseret.
676 2244 852 2289 quocirca
892 2242 1158 2286 Nicomediam,
1196 2244 1239 2276 ut
1278 2241 1369 2281 dixi,
1406 2240 1518 2285 petiit

31 2299 241 2334 omnesque,
267 2301 360 2336 quos
397 2301 520 2326 secum
546 2291 692 2335 habuit,
717 2291 856 2326 milites
888 2291 927 2325 in
953 2291 1087 2325 vicinis
1122 2290 1228 2336 pagis
1253 2289 1448 2334 disposuit,
1473 2290 1517 2322 ut

31 2340 68 2371 et
91 2338 179 2383 equi
203 2338 444 2384 iumentaque
466 2339 654 2375 sufficiens
680 2340 860 2385 pabulum
903 2339 1086 2374 haberent
1122 2338 1388 2383 (Bithynorum
1413 2337 1512 2370 enim

29 2385 135 2431 regio
161 2385 238 2421 feni
262 2386 491 2423 feracissima
514 2389 585 2434 est)
613 2392 650 2424 et
674 2389 814 2423 milites
840 2388 913 2433 ipsi
938 2399 959 2422 a
988 2387 1166 2432 Byzantio
1190 2390 1229 2421 et
1259 2384 1516 2420 adiacentibus

28 2433 121 2468 locis
145 2445 213 2479 per
237 2435 352 2470 maris
374 2436 509 2479 sinum,
534 2437 579 2472 ad
607 2449 717 2483 quem
742 2436 960 2472 Nicomedia
982 2437 1054 2470 sita
1071 2438 1137 2478 est,
1167 2445 1292 2469 rerum
1310 2433 1357 2468 ad
1376 2433 1515 2468 victum

29 2482 311 2518 commodarum
334 2485 482 2530 copiam
507 2486 829 2529 nanciscerentur3
864 2484 1028 2529 iussique
1063 2486 1150 2518 sunt
1176 2483 1375 2517 maximam
1402 2492 1514 2527 equo-

29 2541 113 2565 rum
138 2532 466 2578 iumentorumque
491 2545 620 2570 curam
645 2534 783 2568 habere
810 2544 928 2578 neque
953 2533 993 2566 in
1022 2531 1218 2567 venatione
1243 2533 1308 2565 aut
1333 2529 1380 2564 ad
1405 2528 1512 2564 ludos

29 2579 135 2624 equis
159 2581 228 2623 uti,
253 2584 297 2615 ut
321 2581 479 2627 pingues
519 2585 641 2618 essent
679 2594 745 2617 suo
784 2585 952 2626 tempore
991 2583 1029 2615 et
1065 2580 1207 2624 equites
1244 2579 1338 2613 bene
1374 2577 1518 2612 ferrent

29 2638 122 2662 neve
146 2626 194 2662 ad
219 2627 343 2664 hostes
368 2629 592 2666 adoriendos
616 2642 691 2666 non
717 2631 796 2675 apti
822 2629 957 2664 forent.

166 2677 200 2710 3.
250 2676 319 2712 His
344 2678 531 2714 mandatis
557 2679 636 2725 ipse
661 2679 763 2713 velut
788 2676 1000 2722 speculator
1017 2687 1061 2710 ex
1082 2675 1287 2721 longinquo
1305 2685 1372 2719 per
1389 2685 1517 2709 omnes

30 2724 108 2759 vias
131 2724 304 2760 custodes
328 2725 546 2772 collocavit;
580 2727 681 2773 quod
707 2737 794 2761 vero
819 2725 898 2760 dics
937 2724 1081 2769 aliquot
1116 2723 1170 2758 ibi
1198 2733 1348 2758 manere
1385 2721 1516 2766 voluit,

30 2772 241 2818 Augustam
266 2775 458 2810 arcessivit
496 2776 545 2811 ob
567 2787 629 2811 eas
663 2786 754 2820 quas
780 2785 889 2819 saepe
929 2774 1004 2807 iam
1028 2771 1109 2806 dixi
1146 2782 1285 2812 causae,
1327 2773 1371 2805 ut
1393 2781 1515 2805 secum

30 2825 136 2861 esset,
160 2821 250 2856 dum
274 2822 522 2858 barbarorum
548 2822 830 2859 excursionibus
854 2821 1037 2856 nuntiatis
1061 2823 1185 2855 castra
1219 2818 1306 2854 inde
1339 2821 1517 2854 moveret.

0 2875 1 2878 ’
31 2880 128 2916 quae
151 2881 237 2905 cum
262 2869 520 2914 Nicomediam
552 2872 724 2908 celeriter
759 2869 1001 2918 pervenisset,
1039 2867 1339 2903 adversariorum
1374 2866 1519 2912 aliquot
