1734 3120
203 210 281 250 188
291 187 294 189 -
703 212 867 246 ANNAE
898 209 1167 244 COMNENAE

199 332 271 375 καὶ
301 326 615 386 ἀπειπαμένων
647 324 728 384 τήν
757 325 1030 381 πολιορκίαν.
1073 322 1125 368 τὸ
1154 322 1236 382 γάρ
1267 320 1470 382 ἀνδρεῖον
1497 328 1586 368 τῶν
1616 323 1685 369 ἔν-

200 401 339 443 δοθεν
369 399 439 442 καὶ
469 396 519 441 τό
551 398 733 455 ἀνεῷξαι
763 394 840 447 τὰς
861 391 1008 446 πύλας
1027 397 1124 445 τοῖς
1141 391 1379 452 βαρβάροις
1407 393 1479 437 καὶ
1499 397 1686 451 θαρρεῖν

200 468 291 511 κατ’
323 462 467 510 αὐτῶν
495 463 558 518 εἷς
587 464 749 508 δειλίαν
780 461 952 516 ἐνέβαλε
983 462 1054 505 καὶ
1081 465 1160 505 τοῦ
1190 459 1498 522 μηχανήματος
1518 458 1686 519 ἀπαγό-

162 551 358 593 ορευσιν.
420 532 534 579 οὕτω
564 533 642 590 μὲν
674 525 750 576 οὖν
780 526 899 590 ἥργει
927 529 983 574 τοὶ
1013 528 1134 586 παρὰ
1164 533 1242 588 τῆς
1272 528 1519 590 κριοφόρου
1550 528 1687 586 χελώ-

201 617 294 662 νης·
345 600 471 648 οὐδὲν
513 603 559 647 δὲ
593 592 724 660 ἧττον
765 600 838 644 καὶ
881 598 932 643 τό
965 602 1054 657 πῦρ
1088 593 1270 643 ἄνωθεν
1315 599 1549 659 ε’πιρριφὲν
1578 597 1722 643 κατάῠ

200 676 278 717 τοῦ
309 668 614 730 μηχανήματος
643 666 878 728 ἀργοῦντος
915 662 998 726 ἤδη
1040 668 1111 712 καὶ
1142 662 1348 727 ἀκινήτου
1377 667 1586 724 μένοντος
1616 666 1687 712 διὰ

200 740 276 795 τὰς
306 741 624 799 προειρημένας
645 738 786 791 αἰτίας
817 735 881 790 εἷς
901 737 1067 797 τέφραν
1084 734 1373 795 μετήμειψεν.
1424 733 1516 780 ἄπο
1540 737 1688 780 τοίνυν

201 807 370 859 τούτων
399 807 450 853 τὸ
483 807 722 865 Φραγγικὸν
759 801 1067 861 ἀπειπάμενον
1107 806 1288 865 πλῆθος
1320 802 1434 861 πρὸς
1469 799 1576 849 ἄλλο
1605 822 1687 862 μη-

200 876 365 936 χάνημα
394 873 703 936 φοβερώτερον
732 872 1035 932 μετελήλυθεν
1073 874 1148 918 ἐπὶ
1179 871 1234 916 τὰ
1262 870 1524 930 βορειότερα
1554 891 1686 930 μετα-

201 947 396 1003 στρέψαν
425 939 603 1000 ἀντικρὺ
630 945 708 1002 τῆς
738 944 946 1001 δουκικῆς
979 943 1212 1000 καθέδρας,
1259 940 1372 999 ὅπερ
1415 935 1687 1001 πραιτώριον
1703 948 1734 983 1(

201 1010 562 1072 προσωνόμαστο.
624 1004 675 1072 ἦν
710 1012 757 1056 δὲ
797 1009 850 1054 τὰ
887 1014 968 1068 τῆς
1007 1011 1184 1063 θέσεως
1222 1013 1303 1055 τοῦ
1338 1007 1483 1054 τόπου
1523 1007 1686 1055 τοιάδε.

201 1079 265 1134 εἷς
295 1079 436 1140 λόφον
469 1079 492 1124 ὁ
525 1078 667 1133 τόπος
698 1075 917 1141 ἀνίστατο,
956 1079 1065 1136 λέγω
1098 1080 1146 1123 δὲ
1186 1075 1238 1122 οὗ
1267 1075 1474 1137 πετρώδη
1507 1075 1586 1122 τόν
1614 1076 1687 1122 λό-

201 1167 299 1209 φον,
331 1145 438 1194 ἀλλὰ
468 1146 630 1207 γεώδη·
671 1149 740 1207 ἐφ’
773 1141 912 1205 οὗπερ
954 1146 1098 1207 λόφου
1129 1145 1180 1191 τὸ
1219 1150 1366 1202 τεῖχος
1401 1150 1479 1205 τῆς
1509 1144 1687 1200 πόλεως

200 1219 364 1276 ἵδρυτο.
424 1216 583 1262 τούτου
614 1215 883 1275 καταντικρύ,
912 1214 1120 1274 καθάπερ
1159 1215 1343 1276 ἔφημεν,
1381 1210 1688 1271 εὖστοχώτατα

156 1283 405 1343 Βόρύττειν
436 1284 475 1331 οἳ
509 1287 613 1344 περὶ
653 1284 730 1330 τὸν
757 1287 1036 1341 Βαϊμοῦντον
1072 1280 1338 1345 ἅπήρξαντο.
1407 1278 1515 1329 ἄλλο
1553 1287 1686 1329 τοῦτο
1703 1289 1734 1323 11

201 1352 334 1399 κακὸν
365 1358 463 1407 ταῖς
491 1352 649 1398 πόλεσι
679 1353 1036 1412 μεμηχανημένον
1067 1351 1188 1410 παρὰ
1229 1357 1326 1406 τοῖς
1371 1354 1688 1411 πολιορκηταῖς

202 1425 274 1467 καὶ
310 1418 415 1467 ἒίλλο
462 1421 755 1480 πολιορκητόν
803 1417 987 1480 ι’)’ργανον
1025 1420 1135 1466 κατὰ
1179 1425 1259 1480 τῆς
1303 1419 1481 1475 πόλεως
1513 1419 1689 1474 τούτοις

202 1489 621 1549 πανουργευόμενον.
682 1488 939 1547 ὀρύττοντες
975 1489 1053 1550 γὰρ
1086 1488 1279 1552 ἐπῄεσαν
1319 1488 1408 1535 ὑπὸ
1440 1493 1517 1549 γῆν
1546 1487 1688 1534 καθά-

52 1565 91 1601 Ρ.
120 1566 188 1601 383
202 1577 286 1616 περ
316 1560 429 1613 τινὲς
457 1555 711 1613 οἷσποέλακες
738 1558 817 1604 τὸν
845 1558 1057 1617 ὑπόγειον
1086 1563 1191 1615 χοῦν
1220 1559 1586 1618 διατιτραίνοντες
1616 1560 1689 1603 καὶ

104 1631 107 1632 ’
201 1630 290 1672 ποῦ
335 1628 414 1684 μὲν
456 1626 665 1683 χελώναις
706 1624 987 1687 ἆκροστέγοις
1034 1630 1448 1690 περιφρουροῦντες
1491 1625 1546 1671 τὰ
1592 1621 1685 1672 ὄίνω
1701 1635 1734 1669 2(

200 1695 308 1754 μέρη
327 1693 399 1740 διὰ
427 1694 504 1749 τὰς
524 1691 701 1741 ἄνωθεν
721 1698 991 1754 βαλλομένας
1013 1696 1149 1754 βολὰς
1170 1699 1350 1754 πετρῶν
1368 1714 1415 1741 τε
1437 1697 1509 1741 καὶ
1528 1693 1683 1751 τόξων,

201 1767 290 1807 ποῦ
320 1764 368 1808 δὲ
397 1765 469 1808 καὶ
497 1763 547 1809 τι)
578 1766 802 1823 μετέωρον
830 1770 911 1825 τῆς
930 1770 1006 1825 γῆς
1034 1764 1216 1819 στύλοις
1244 1766 1359 1811 τισὶν
1376 1763 1687 1822 ὑπερείδοντες

201 1829 462 1889 ὑπώρυττον
492 1833 540 1889 ἐξ
565 1829 746 1888 εὐθείας
775 1833 1028 1895 φερόμενοι,
1063 1832 1343 1879 πλατύτατόν
1372 1852 1419 1879 τε
1452 1834 1523 1878 καὶ
1554 1829 1686 1891 εὔμη-

333 1948 366 1982 4.
393 1947 467 1994 μὲν
492 1942 557 1984 οὖν
582 1949 625 1994 F,
651 1943 716 1985 οὖν
740 1961 811 1985 om.
842 1950 879 1986 P.
1080 1952 1137 1986 20.
1164 1951 1238 1986 ποῦ
1262 1950 1305 1996 F,
1331 1950 1383 1994 πῆ
1407 1949 1447 1984 Ρ.
1628 1950 1683 1983 21.

334 1993 443 2040 βολὰς
468 1998 612 2044 πετρῶν
635 2010 672 2032 τε
698 2003 758 2033 καὶ
783 1994 897 2037 τόξων
921 1998 964 2041 F,
992 2000 1138 2047 πετρῶν
1163 1999 1201 2035 τὲ
1228 2001 1290 2034 καὶ
1315 1994 1430 2038 τόξων
1457 1993 1567 2044 βολάς
1591 1997 1630 2032 Ρ.

202 2104 244 2137 ut
258 2101 352 2138 hano
370 2102 519 2148 quidem
542 2103 745 2140 obsidionis
762 2105 946 2141 rationem
963 2106 1194 2141 omitterent.
1222 2104 1434 2151 intrepidus
1449 2104 1548 2140 enim
1565 2103 1687 2139 obses-

202 2162 328 2186 sorum
357 2151 511 2196 animus,
538 2152 601 2197 qui
626 2156 758 2197 sponte
784 2154 955 2190 barbaris
982 2157 1110 2200 portas
1137 2154 1382 2200 aperuissent.
1409 2155 1522 2199 atque
1547 2150 1684 2187 fiducia

201 2198 326 2234 hostes
342 2198 494 2245 ignavos
513 2200 679 2236 reddidit
692 2203 803 2248 atque
824 2202 1073 2249 desperantes,
1106 2203 1160 2238 ita
1178 2206 1220 2238 ut
1237 2202 1387 2238 testudo
1408 2201 1472 2237 illa
1494 2200 1686 2236 arietifera

202 2246 308 2292 plane
333 2251 502 2283 cessaret.
542 2248 784 2285 nihilominus
816 2254 941 2287 tamen
966 2251 1126 2287 iniectus
1151 2254 1206 2287 est
1246 2263 1290 2286 ex
1317 2251 1394 2286 alto
1419 2251 1518 2296 ignis
1545 2250 1584 2284 in
1613 2260 1686 2284 ces·

202 2298 341 2331 santem
368 2296 669 2342 immobilemque
705 2298 753 2333 ob
778 2300 914 2335 relatas
945 2311 1072 2336 causas
1098 2300 1309 2335 machinam
1343 2310 1498 2345 eamque
1523 2298 1563 2333 in
1589 2297 1687 2333 cine-

202 2354 290 2398 rem·
306 2345 475 2379 mutavit.
539 2345 585 2380 ab
614 2346 683 2382 hac
717 2359 780 2392 spe
812 2348 976 2384 deiectus
1019 2349 1207 2385 exercitus
1230 2348 1461 2384 Francorum
1500 2348 1540 2382 in
1576 2346 1686 2381 aliam

201 2391 540 2446 terribilioremque
573 2392 780 2430 machinam
809 2397 1056 2442 cogitationes
1094 2397 1267 2433 contulit.
1318 2408 1428 2441 quam
1456 2395 1500 2431 ad
1529 2397 1687 2440 septem-

201 2442 360 2496 trionem
399 2441 580 2477 collocant
620 2455 637 2478 e
675 2444 826 2490 regione
870 2445 1068 2481 cathedrae
1108 2446 1260 2490 ducalis,
1311 2444 1411 2491 quod
1451 2443 1683 2489 praetorium

202 2492 404 2524 nominant.
454 2490 566 2525 situm
597 2494 720 2526 autem
754 2495 900 2528 eratin
925 2494 1018 2529 colle
1049 2506 1124 2529 non
1164 2494 1314 2540 quidem
1356 2505 1375 2528 e
1417 2496 1526 2538 petra
1565 2491 1629 2526 sed
1668 2503 1688 2527 e

202 2538 303 2571 terra
340 2540 524 2581 concreto,
562 2551 675 2585 supra
712 2552 820 2586 quem
868 2543 970 2578 urbis
1007 2555 1135 2578 murus
1172 2543 1400 2579 constitutus
1443 2544 1534 2576 erat.
1586 2540 1685 2576 hunc

205 2584 422 2620 exadversus
448 2587 644 2628 tumulum,
683 2590 739 2624 uti
765 2589 941 2635 diximus,
975 2591 1182 2627 Boemundi
1207 2591 1346 2626 milites
1372 2589 1607 2636 sagacissime
1634 2588 1687 2624 fo-

202 2631 289 2667 dere
307 2638 517 2678 coeperunt.
557 2648 691 2672 novum
715 2637 785 2673 hoo
811 2639 947 2674 malum
974 2640 1149 2675 adversus
1165 2640 1275 2675 urbes
1301 2639 1609 2685 excogitaverunt
1624 2637 1688 2672 ob-

203 2691 377 2726 sessores5
395 2694 582 2738 novusque
597 2689 727 2721 contra
742 2687 869 2722 urbem
887 2689 1178 2734 oppugnationis
1192 2691 1394 2734 apparatus
1412 2688 1459 2722 ab
1484 2686 1542 2722 his
1561 2685 1686 2721 admo-

203 2729 370 2764 vebatur.
404 2730 583 2767 fod1entes
612 2734 709 2768 enim
729 2735 971 2772 subterebant
988 2737 1106 2771 solum
1128 2737 1315 2782 talparum
1334 2747 1436 2771 more
1450 2738 1590 2770 terram
1605 2746 1687 2780 per-

202 2777 433 2813 terebrantes
470 2782 507 2814 et
535 2783 672 2826 partim
697 2783 961 2827 testudinibus,
993 2797 1088 2830 quae
1127 2786 1212 2820 altis
1240 2786 1348 2821 tectis
1374 2784 1540 2819 munitae
1566 2785 1684 2825 erant,

202 2836 289 2880 sax-a
330 2825 477 2881 tela-que
508 2828 663 2874 desuper
696 2831 834 2867 iactata
860 2833 1061 2878 evitabant,
1096 2835 1237 2879 partim
1262 2837 1402 2869 terram
1429 2832 1686 2868 imminentem

201 2873 296 2919 palis
320 2873 515 2911 fulolentes
556 2880 657 2913 recta
693 2879 950 2916 suffodiebant.
1013 2881 1233 2918 latissimam
1272 2883 1325 2918 sic
1356 2881 1686 2928 longissimumque
