1734 3120
209 217 290 256 230
720 218 885 252 ANNAE
914 215 1182 250 COMNENAE

207 338 408 394 ἑπεὸοθη
437 352 526 392 μοι,
573 334 808 389 δεχόμενος
836 329 915 384 τὰς
950 330 1164 382 δοθείσας
1200 326 1346 386 χώρας
1389 326 1450 381 ὡς
1487 323 1579 374 ἀπὸ
1618 332 1695 386 τῆς

206 404 429 460 βασιλείας
460 401 585 459 ὑμῶν
614 399 918 458 δεδωρημένας
961 399 1034 442 καὶ
1074 395 1125 442 τὸ
1174 395 1414 454 ἐνδύναμον
1457 396 1570 453 ἔχων
1615 400 1696 454 τῆς

207 475 382 528 δωρεᾶς
412 472 458 516 ἑκ
487 474 564 530 τῆς
590 466 917 527 χρυσοβούλλου
948 468 1119 526 γραφῆς
1153 461 1377 512 ἀντίδοσιν
1418 469 1510 511 τῶν
1537 463 1696 511 τοσού-

207 558 296 585 των
338 541 494 596 χωρῶν
534 539 606 583 καὶ
646 535 825 582 πόλεων
867 536 1026 593 δίδωμι
1073 534 1151 595 τὴν
1195 536 1347 580 πίστιν
1389 533 1468 594 τὴν
1504 535 1695 592 ἐμαυτοῦ

208 607 322 666 πρὸς
350 607 428 668 τὴν
454 606 575 665 ’ὑμῶν
603 607 839 663 βασιλείαν,
881 608 967 650 σοῦ
995 622 1057 659 τε,
1097 609 1176 649 τοῦ
1206 602 1396 663 μεγάλου
1427 600 1730 661 αὖτοκράτο-ἔι

207 696 284 735 ρος
309 677 460 733 κυρίου
488 672 688 731 Ἀλεξίου
718 678 797 719 τοῦ
824 677 1072 732 Κομνηνοῦ,
1105 674 1175 718 καὶ
1195 677 1275 718 τοῦ
1291 671 1574 732 τριποθήτου
1599 670 1695 716 υἱοῦ

206 764 287 791 σου
316 749 395 790 τοῦ
425 745 641 802 βασιλέως
671 744 823 800 κυρίου
852 739 1052 787 Ἰωάννου
1083 746 1166 786 τοῦ
1195 740 1626 803 πορφυρογεννήτου,
1646 737 1697 800 ἣν

206 811 519 872 ἀμετακίνητον
560 813 632 857 καὶ
680 811 926 857 ἀσάλευτον
971 812 1178 867 καθέξειν
1217 809 1512 867 ὑπισχνοῦμαι
1553 807 1697 855 καθά·

209 901 293 940 περ
324 877 510 940 ἄγκυραν
538 880 730 940 ἀσφαλῆ.
771 882 844 925 καὶ
871 882 943 924 ἵνα
973 877 1236 936 ἑπαναλάβω
1266 878 1344 935 τὰν
1374 877 1505 938 λόγον
1526 880 1694 938 σαφέσ-

169 962 335 1008 Οτερον
381 952 452 995 καὶ
490 948 568 1009 τὴν
599 947 796 1008 ἰδιότητα
832 947 1070 1008 φυλάξαιμι
1103 951 1194 993 τῶν
1239 946 1469 1008 ἐγγράφως
1511 965 1697 1007 συμφω-
1712 958 1734 992 1*

208 1017 415 1073 νούντων,
456 1017 552 1064 ἰδοὺ
591 1017 680 1077 ἐγώ
710 1021 987 1075 Βαϊμοῦντος
1026 1015 1121 1071 υἱὸς
1146 1017 1421 1075 Ῥομπέρτου
1453 1023 1479 1062 Ι
1483 1015 1697 1074 ἰσκάρόου

207 1091 434 1148 συμφωνῶ
464 1085 576 1144 μετὰ
605 1090 686 1132 τοῦ
704 1084 894 1144 κράτους
913 1085 1036 1143 ὑμῶν
1056 1086 1129 1130 καὶ
1154 1084 1233 1147 τὴν
1253 1087 1514 1146 συμφωνίαν
1531 1082 1699 1144 ἀρραγῆ

208 1158 367 1214 τίθημι
398 1154 633 1216 φυλάττειν
663 1153 885 1214 πρὸς-τὴν
905 1155 1130 1211 βασιλείαν
1149 1153 1283 1211 ὑμῶν,
1307 1156 1432 1200 τοῦτ’
1457 1153 1550 1199 ἔστι
1570 1156 1620 1199 σε’
1636 1172 1696 1207 τε,

210 1222 286 1268 τὸν
315 1220 617 1282 αὖτοκράτορα
643 1223 869 1281 Ῥωμαίων
901 1216 1052 1279 κύριον
1080 1218 1290 1278 Ἀλέξιον,
1311 1224 1384 1267 καὶ
1411 1221 1490 1268 τὸν
1517 1223 1700 1279 βασιλέα

209 1293 281 1336 καὶ
309 1289 405 1336 υἱόν
450 1308 531 1337 σου
574 1293 651 1336 τὸν
686 1292 1111 1351 πορφυρογέννητον,
1158 1291 1232 1335 καὶ
1267 1288 1319 1335 τὸ
1358 1292 1495 1347 λίζιον
1519 1285 1730 1347 ἅνθρω-1

210 1378 298 1404 πον
328 1355 575 1404 οἷνόθευτόν
613 1378 661 1404 τε
691 1361 763 1404 καὶ
802 1355 1156 1418 ἅπαραποιήτον,
1198 1358 1284 1412 ἕως
1320 1356 1377 1404 ἂν
1414 1360 1590 1416 ἐμπνέω
1629 1359 1702 1403 καὶ

210 1427 320 1486 μετὰ
365 1431 454 1473 τῶν
497 1427 671 1485 ζώντων
713 1432 1070 1486 συναριθμιῦμαι.
1146 1429 1219 1474 καὶ
1265 1429 1583 1487 ἕξοπλισαίμην
1623 1426 1702 1487 τὴν

210 1501 334 1554 χεῖρα
360 1495 469 1541 κατὰ
496 1499 585 1542 τῶν
614 1498 827 1542 ἐντεῦθεν
857 1494 1260 1558 α’ναφανησομένων
1283 1497 1461 1554 ἐχθρῶν
1489 1495 1612 1554 ὑμῶν
1630 1497 1703 1540 καὶ

211 1569 288 1625 τῆς
315 1566 539 1621 βασιλείας
566 1569 645 1625 τῆς
674 1565 886 1623 ὑμετέρας
915 1568 1007 1612 τῶν
1038 1563 1338 1623 ἄεισεβάστων
1365 1569 1594 1622 σεβαστῶν
1621 1569 1700 1622 βα-

164 1634 370 1679 Βσιλέων
411 1637 488 1692 τῆς
526 1637 616 1678 τῶν
658 1633 885 1692 Ῥωμαίων
931 1634 1179 1694 ἡγεμονίας.
1255 1636 1328 1679 καὶ
1374 1633 1489 1694 ἔνθα
1529 1631 1582 1678 ἂν
1626 1636 1734 1680 mie

208 1702 539 1760 προσταχθείην
573 1701 646 1762 ὕφ’
680 1702 814 1761 ὑμῶν,
855 1703 966 1761 μετὰ
1007 1702 1153 1762 πάσης
1193 1707 1270 1763 τῆς
1307 1704 1415 1760 περὶ
1456 1703 1533 1760 ἐμὲ
1569 1720 1701 1761 στρα-

209 1772 304 1823 τιᾶς
346 1765 696 1830 ἀπροφασίστως
747 1770 1022 1817 ἒκὸουλεύσω
1078 1770 1188 1817 κατὰ
1239 1769 1318 1833 τὴν
1373 1772 1701 1830 παρισταμένην

345 1874 377 1909 1.
404 1870 607 1921 δεχόμενος
630 1875 781 1922 scripsi:
811 1876 969 1923 δέχομηιι
1000 1877 1075 1923 μὲν
1104 1876 1144 1912 P.
1268 1877 1302 1911 2.
1330 1875 1437 1923 ὑμῶν
1462 1875 1505 1920 F,
1530 1872 1637 1923 ἣμῶν
1662 1876 1699 1911 Ρ.

343 1924 375 1957 6.
396 1924 428 1958 7.
452 1924 562 1968 κυροῖ]
575 1923 614 1967 Ρ,
634 1925 791 1959 correxi.
843 1925 874 1960 8.
903 1925 1154 1972 ὑπισχνοῦμαι
1174 1924 1325 1971 scripsi:
1352 1920 1647 1971 ἐπισχνοὺμενος
1660 1924 1698 1959 Ρ.

346 1973 402 2007 11.
429 1970 447 2006 ὁ
475 1972 712 2019 Βαιμοῦνὸος
737 1973 774 2008 C.
940 1976 997 2010 14.
1024 1969 1149 2021 κύριον
1174 1974 1217 2014 F,
1243 1973 1309 2020 κῦρ
1333 1972 1372 2017 P,
1398 1984 1470 2009 om.
1499 1972 1534 2008 C.
1645 1975 1699 2008 15.

342 2016 554 2065 ἀνθρώπων
579 2020 618 2065 Ρ,
644 2023 800 2057 correxi.

211 2112 343 2135 aureae
367 2101 524 2136 alterum
551 2103 738 2149 exemplar
763 2104 855 2139 mihi
882 2104 1066 2140 traditum
1092 2107 1160 2150 est,
1198 2107 1318 2140 terras
1342 2104 1424 2140 illas
1449 2104 1634 2149 accipiens
1659 2106 1701 2139 ut

211 2161 232 2184 a
257 2153 323 2204 tua
347 2151 540 2197 maiestate
565 2150 732 2196 donatas,
762 2154 867 2188 cuius
892 2153 1106 2188 donationis
1144 2154 1351 2189 auctoritas
1386 2153 1425 2188 in
1463 2164 1574 2188 aurea
1599 2152 1702 2188 buna

211 2200 333 2243 posita
358 2201 424 2243 est,
461 2198 500 2233 iu
538 2201 878 2237 remunerationem
917 2205 975 2237 tot
1011 2202 1208 2248 regionum
1248 2202 1474 2247 urbiumque
1515 2200 1700 2236 maiestati

212 2245 405 2290 utriusque
440 2249 615 2292 vestrum,
647 2252 733 2284 tuae
771 2250 923 2295 inquam
963 2251 1089 2296 magni
1131 2250 1372 2296 imperatoris
1407 2249 1552 2285 domini
1579 2249 1699 2284 Alexii

212 2293 389 2329 Comneni
416 2297 455 2329 et
479 2295 784 2332 desideratissimi
810 2298 880 2333 filii
913 2299 970 2334 tui
996 2299 1234 2344 imperatoris
1265 2298 1408 2335 domini
1434 2298 1584 2333 Ioannis
1616 2310 1700 2343 por-

211 2342 462 2398 phyrogeniti,
488 2343 598 2378 fidem
625 2357 745 2381 meam
772 2347 942 2392 exhibeo,
969 2360 1077 2393 quam
1105 2351 1149 2383 ut
1174 2347 1320 2383 firmam
1359 2358 1534 2383 ancoram
1571 2347 1701 2381 immo-

211 2393 287 2425 tam
313 2402 640 2438 inconcussamque
666 2406 724 2429 me
749 2397 1054 2431 conservaturum
1083 2396 1272 2441 polliceor.
1333 2398 1446 2442 atque
1485 2398 1529 2430 ut
1565 2395 1702 2430 clarius

211 2449 416 2493 sermonem
473 2445 639 2486 repetam
690 2443 950 2490 legitimasque
993 2444 1173 2480 formulas
1217 2456 1394 2491 usurpem
1441 2455 1589 2486 eorum,
1638 2444 1702 2488 qui

212 2486 349 2543 lit-teris
387 2488 596 2543 pactionem
634 2491 867 2538 consignant,
906 2504 952 2528 en
987 2505 1056 2539 ego
1088 2493 1327 2529 Boemundus
1349 2492 1508 2528 Roberti
1534 2491 1703 2528 Giscardi

211 2534 308 2570 filius
333 2547 499 2591 paciscor
526 2549 610 2573 cum
628 2543 752 2575 vestra
777 2544 962 2586 potestate
987 2545 1024 2577 et
1050 2543 1262 2587 pactionem
1281 2541 1499 2577 inviolatam
1523 2553 1599 2576 esse
1620 2540 1703 2576 volo

211 2593 302 2628 erga
324 2587 553 2639 malestatem
581 2590 752 2632 vestram,
768 2588 837 2624 hoc
861 2593 926 2632 cst,
952 2593 989 2625 te
1015 2590 1282 2635 imperatorem
1304 2590 1560 2625 Romanorum
1586 2588 1702 2624 domi-

213 2643 300 2687 num
326 2631 495 2688 Aiexlum
524 2637 562 2670 et
594 2635 857 2681 imperatorem
896 2649 938 2673 ac
962 2638 1081 2673 filium
1108 2641 1214 2674 tuum
1241 2638 1615 2685 porphyrogenitum,
1645 2648 1704 2671 me

212 2679 317 2734 vobus
346 2680 471 2735 lizinm
498 2681 578 2717 fore
601 2683 789 2720 hominem
815 2697 943 2721 verum
971 2687 1242 2733 sincerumque,
1271 2685 1393 2733 quoad
1414 2686 1590 2732 spiritum
1607 2685 1702 2721 duco

212 2730 251 2763 et
274 2739 314 2762 in
339 2740 510 2784 vivorum
536 2743 691 2768 numero
717 2733 879 2778 habeor,
906 2746 1037 2780 meque
1063 2747 1214 2770 manum
1247 2738 1380 2771 contra
1417 2746 1545 2770 omnes
1583 2745 1702 2770 arma-

212 2779 351 2831 turum,
387 2789 451 2822 qul
468 2778 524 2833 al?
548 2779 619 2816 hoc
656 2781 743 2817 inde
768 2784 936 2828 tempore
962 2784 1076 2819 vestri
1102 2787 1140 2819 et
1174 2784 1381 2819 maiestatis
1417 2786 1562 2819 vestrae
1599 2782 1701 2828 prin·
1730 2802 1734 2809 ι-

211 2835 339 2879 cipum
365 2825 523 2861 Romam
548 2828 698 2873 imperii
723 2842 866 2875 semper
904 2834 1149 2876 augustorum
1187 2832 1313 2868 hostes
1353 2832 1601 2878 apparebunt.
1662 2834 1701 2866 et
1716 2835 1734 2871 ,ζ

212 2872 437 2919 ubicumque
462 2886 518 2910 me
544 2876 670 2912 adesse
696 2878 884 2924 iubebitis,
910 2891 994 2915 cum
1023 2881 1206 2917 universis
1232 2881 1325 2917 meis
1349 2881 1468 2927 copiis
1493 2879 1571 2916 sine
1594 2890 1701 2916 excu-
1722 2875 1734 2921 ἶ

1725 2939 1734 2971 ¹2

1719 3071 1734 3120 ᾗ
