1806 3132
486 229 541 264 m
567 228 857 264 mmmm
884 230 1048 266 NOTAE
1419 226 1502 269 565

29 343 145 388 nacis
174 343 473 399 pugnaturum,
521 344 587 387 his
618 356 663 387 se
702 344 832 388 sacris
873 345 1042 400 perinde
1070 346 1274 402 Deiparae
1316 348 1503 404 reliquiis

30 399 243 453 muniisse,
273 400 443 456 eiusque
473 400 700 453 humerale,
732 401 874 444 vexilli
913 402 1050 445 instar
1091 416 1327 458 expansum,
1370 405 1502 449 altera

28 458 213 513 gestasse
240 469 390 500 manu:
432 457 545 512 quod
589 469 684 500 cum
724 457 925 512 perflante
962 459 1086 502 vento
1125 460 1433 513 vehementiori,
1462 462 1504 504 et

28 514 219 557 hostibus
247 513 399 557 maiori
428 526 599 557 numero
628 515 756 568 atque
789 514 940 557 acriori
959 515 1119 570 impetu
1134 515 1189 558 ad
1204 516 1503 571 insequendum

27 570 376 622 incumbentibus,
408 570 587 613 retinere
621 569 734 613 haud
764 571 913 625 posset,
949 571 1062 614 intra
1093 584 1236 627 vepres
1265 573 1306 615 et
1335 573 1504 617 dumeta

28 626 323 682 complicatum
354 625 631 678 absconderit,
670 622 732 677 (ὃς
758 625 913 682 μηκέτι
943 623 1137 681 ὁρᾶσθαι
1168 624 1291 682 παρά
1318 644 1409 680 του,
1441 630 1503 673 ita

26 684 77 726 ut
105 696 131 726 a
159 695 371 738 quoquam
385 683 569 726 hostium
587 682 925 726 animadversum
939 696 1021 727 non
1037 684 1183 727 fuerit:
1213 685 1291 736 vel,
1311 686 1358 728 ut
1377 685 1503 729 habet

27 739 169 783 Editio
200 739 515 792 Hofflcheliana,
555 737 660 793 παρ’
690 732 839 791 αὐτοῦ,
878 740 941 783 ita
979 742 1027 784 ut
1055 741 1108 784 ab
1137 741 1283 784 Alexio
1312 741 1504 796 deinceps

27 796 165 839 visum
208 808 293 839 non
336 795 476 848 fuerit,
519 796 586 839 vel
626 797 849 851 repertum.
919 796 1020 839 Fuit
1065 810 1186 852 porro
1220 797 1502 852 Omophorum

27 852 233 908 Deiparae
274 865 358 895 non
382 852 560 908 pallium
587 852 699 908 quod
729 853 783 896 ab
802 853 985 896 humeris
1011 853 1064 896 ad
1092 854 1202 897 talos
1221 866 1351 909 usque
1369 854 1504 909 porri-

25 910 206 965 geretur,
243 921 346 952 cum
373 909 611 964 Lecapenus
645 909 688 952 et
717 909 889 952 Alexius
931 909 1039 953 illud
1080 923 1178 965 prae
1219 910 1285 953 sui
1326 910 1504 965 pondere

25 966 191 1022 goetare
218 965 413 1009 manibus
441 966 510 1009 vix
538 965 784 1021 potuissent,
817 965 888 1009 sed
917 966 1215 1010 vestimentum
1242 966 1361 1018 illud,
1392 967 1503 1022 quod

25 1017 1219 1134 ἴαῖᾞοζιὲἶὲᾧῗρξγέέἓηῗξέῗέἔηῑᾞὲἒέῗᾟῑξΠ
1235 1023 1504 1122 ῗὲῗέἕέἑῖἲέ

26 1148 134 1191 quae
162 1135 273 1191 apud
303 1135 565 1179 Trevirensae
596 1135 641 1178 in
670 1135 927 1179 Monasterio
967 1136 1134 1179 Insulae
1164 1135 1205 1179 S.
1239 1136 1405 1179 Nicolai
1435 1113 1503 1178 as:

25 1192 230 1244 servatur,
255 1192 359 1235 illuc
386 1193 481 1247 post
500 1191 915 1247 Constantinopoleos
944 1192 1218 1247 direptionem
1248 1193 1301 1236 ab
1320 1191 1501 1235 Henrico

26 1248 77 1292 de
106 1249 286 1292 Ulmena
322 1249 480 1292 allatae
511 1249 636 1292 Anno
683 1248 840 1292 Christi
876 1258 1058 1293 MCCVII.
1102 1249 1239 1293 Laeva
1278 1248 1503 1303 dextraque

26 1305 227 1349 lateribus
248 1304 393 1349 Crucis
411 1306 585 1349 haerent
604 1305 775 1349 abditae
793 1306 1017 1360 argenteae
1044 1305 1202 1358 thecae,
1231 1305 1359 1348 variis
1387 1305 1503 1347 intus

25 1361 215 1417 reliquiis
242 1361 431 1414 refertae,
460 1362 612 1417 quibus
632 1361 832 1416 insculpti
852 1362 951 1404 sunt
970 1374 1113 1404 earum
1131 1361 1249 1404 tituli
1265 1361 1503 1404 charactere

26 1417 198 1471 Graeco,
229 1419 272 1462 et
299 1418 477 1474 singulis
507 1418 751 1462 conditoriis
769 1417 952 1473 praefixi.
1006 1418 1070 1461 Ac
1089 1419 1270 1473 primum
1291 1417 1503 1461 sinistror-

25 1487 119 1518 sum
148 1475 227 1518 hae
256 1474 451 1518 visuntur
477 1475 795 1530 Inscriptionoe:
830 1470 896 1516 Τὰ
925 1470 1153 1530 σπάργανα
1181 1476 1266 1517 τοῦ
1294 1473 1400 1516 Χὸῦ
1421 1471 1501 1516 τοῦ

22 1529 124 1586 βίου
152 1532 232 1574 τοῦ
254 1531 384 1575 Θεοῦ.
412 1527 461 1575 ‘0
486 1527 742 1582 ὑακίνθινος
772 1529 990 1587 στέφανος
1008 1533 1088 1574 τοῦ
1111 1531 1310 1588 φιλᾶπου
1325 1530 1432 1572 Χόὗ
1457 1536 1503 1574 ιδ

30 1588 110 1631 Θῦ.
139 1584 213 1658 ᾑμ.
239 1583 304 1631 ‘H
326 1586 495 1631 Σίνὸων
523 1582 751 1631 ἀθανάτου
779 1587 887 1629 Χιῖ
914 1602 968 1629 κα
998 1588 1127 1630 Θεοῦ.
1175 1584 1236 1630 Τὸ
1259 1581 1502 1644 Μαφόριον

24 1640 1502 1757 {sam‘'zaim‘fzmszfssf‘fflztzfis{flagitia5⁹3ss

26 1753 151 1816 ἡμῶν
175 1764 228 1811 ff)
257 1759 339 1800 τοῦ
372 1735 506 1802 Θέοῧ.
571 1754 634 1801 Τὸ
664 1758 928 1816 πορφυροῦν
960 1753 1133 1812 ἱμάτιον
1169 1758 1250 1799 τοῦ
1279 1714 1500 1810 ζωοδὲτου

25 1816 83 1857 ιῦ.
137 1810 183 1858 Ὁ
224 1810 421 1871 σπόγγος
461 1814 542 1858 τοῦ
586 1810 880 1871 μακροθύμου
918 1820 999 1867 χοῦ
1039 1813 1112 1856 καὶ
1140 1814 1339 1871 σωτῆρος
1366 1808 1501 1871 ἡμῶν.

27 1866 158 1927 Ζώνη
183 1870 264 1930 τῆς
288 1868 619 1942 ἆχιωταρθένου
652 1867 876 1915 Θεοτόκου
901 1869 949 1913 ἐκ
979 1871 1067 1913 τῶν
1096 1870 1381 1923 Χαλκοπρατ.
1425 1864 1498 1910 Αἱ

1 1926 167 1982 τίμιαι
194 1929 274 1970 τοῦ
298 1926 423 1984 αγίου
458 1931 521 1971 Ιῶ
549 1929 631 1972 τοῦ
660 1923 931 1983 Προδρόμου
957 1926 1113 1981 τρίχες.
1158 1926 1305 1970 Censet
1333 1926 1501 1968 Browe-

26 1997 98 2027 rus
127 1984 200 2028 lib.
224 1985 290 2028 15.
317 1985 471 2029 Annal.
502 1985 662 2029 Trevir.
692 1998 718 2028 a
747 1997 829 2040 quo
857 1984 1070 2039 praedicta
1098 1983 1325 2034 hausimuS,
1353 1977 1502 2039 μαφό·

26 2055 123 2094 ριον
145 2053 220 2096 pro
247 2041 393 2095 linteo,
410 2042 479 2085 vel
506 2054 645 2097 panno
663 2042 732 2084 hic
750 2041 873 2092 sumi,
894 2053 1119 2095 vocemque
1147 2040 1200 2083 ab
1215 2039 1499 2082 Hebraeorum

25 2097 258 2152 Maphora,
287 2111 415 2154 quam
442 2099 642 2151 sudarim‚
673 2099 748 2141 aut
792 2097 1007 2140 sudarium
1049 2096 1388 2151 interpretantur,
1429 2093 1501 2137 de-

25 2154 211 2206 ductam,
241 2154 295 2198 ad
323 2155 572 2198 recentiores
590 2154 773 2198 Graecos
791 2154 934 2222 postea
951 2153 1178 2196 transiisse.
1222 2152 1378 2194 Verum
1397 2150 1499 2205 quin

26 2205 1036 2321 iffi&⁰⁹affl¹i¹10³322⁶³¹2²euquissffoffffi⁰3ss33
1068 2207 1500 2318 ffissffiffissffirss

25 2323 119 2367 aevi
148 2301 289 2377 medii,
319 2324 460 2367 nullus
490 2301 650 2367 dubito.
710 2323 788 2367 Sed
829 2336 883 2366 au
916 2318 1151 2379 μαφόριον,
1188 2321 1500 2375 postremaeque

25 2380 133 2423 istae
160 2393 281 2424 vocae
306 2380 483 2425 Latinae
511 2394 537 2424 a
561 2380 721 2424 Graeco
767 2374 1009 2436 α’μόφορον
1051 2377 1252 2420 deductae
1293 2376 1390 2439 sint,
1432 2373 1498 2417 vel

26 2436 203 2489 effictae,
230 2437 301 2480 vix
328 2437 464 2481 ausim
493 2437 694 2480 stabilire.
752 2437 828 2480 Est
861 2436 1002 2479 autem
1030 2449 1091 2488 μα
1130 2429 1266 2486 όριον,
1304 2432 1369 2474 ut1
1397 2430 1500 2473 defi-

26 2493 151 2535 niunt
178 2491 351 2537 Glossae
379 2494 599 2537 verborum
627 2492 737 2535 Iuris
766 2492 876 2547 apud
897 2491 989 2535 Car.
1013 2491 1101 2533 Lab
1130 2502 1237 2541 eum,
1266 2486 1500 2540 σκέπασμα

25 2550 104 2607 τῆς
124 2549 330 2608 κεφαλῆς,
364 2550 642 2594 foeminarum
677 2561 835 2604 nempe,
878 2549 927 2590 ut
971 2547 1123 2611 diserte
1167 2545 1291 2587 habet
1319 2543 1499 2586 Achmoe

26 2618 117 2660 cap.
137 2606 232 2649 265.
291 2606 437 2662 Neque
471 2606 589 2650 aliud
627 2605 711 2648 fuit
741 2605 933 2648 Mavors.
988 2603 1140 2657 Papias
1171 2600 1260 2644 MS.
1289 2599 1497 2650 Mavorte,

24 2662 260 2706 matronale
293 2664 594 2718 operimentum
632 2662 743 2717 quod
776 2664 903 2715 caput
940 2659 1085 2714 operit.
1135 2657 1335 2701 Vocatum
1361 2658 1500 2699 autem

26 2718 149 2774 quasi
176 2722 323 2763 marte.
379 2719 509 2772 Idem,
547 2718 737 2773 Peplum,
775 2717 901 2760 vestis
936 2717 1085 2767 votiva,
1121 2714 1329 2764 Mavorte,
1361 2710 1499 2765 masw-

26 2775 302 2830 &naves-tis
329 2775 559 2829 nmliebris,
582 2776 702 2830 picta
728 2773 838 2818 stola
860 2771 925 2815 vel
948 2771 1137 2826 pallium
1165 2783 1244 2825 quo
1282 2772 1500 2812 matronae

20 2833 215 2877 adumar.
265 2832 454 2876 Isidorus
482 2832 555 2876 lib.
580 2833 645 2875 19.
676 2830 792 2887 Orig.
823 2842 913 2884 cap.
932 2829 1000 2871 25.
1022 2826 1263 2872 Stola—et
1281 2824 1499 2869 Rmmum
