1806 3132
239 232 323 277 574
753 240 932 276 GAROLI
961 240 1201 277 DUCANGn

243 356 426 409 Christo,
471 359 509 399 et
548 355 680 398 Patre
718 356 819 405 eius,
865 359 903 398 et
945 354 1113 409 Spiritu
1147 353 1312 398 Sancto.
1374 354 1410 398 Ο
1437 354 1720 411 Inclytissime

241 413 417 465 COMES,
446 416 485 456 et
521 412 703 456 maxime
745 410 1016 455 Christianae
1048 411 1176 454 Fidei
1213 411 1461 465 consolator,
1502 413 1721 467 notificare

236 470 488 524 prudentiae
530 472 690 512 vestrae
734 468 837 520 volo,
881 472 1084 533 quantum
1125 467 1448 511 Sanctissimum
1487 468 1720 523 Imperium

243 525 586 570 Christianorum
599 524 857 568 Graecorum
886 525 1132 579 acquiratur
1154 524 1326 577 fortiter
1353 540 1381 568 a
1405 558 1717 569 ..............

240 587 278 626 et
310 582 462 625 Turcis
487 582 672 636 quotidie
700 586 738 624 et
768 614 1206 624 ................
1241 581 1497 637 adquiratur
1533 583 1626 625 sine
1653 584 1719 626 in-

241 639 501 683 termissione
530 670 1324 681 .............................
1380 638 1463 682 Sed
1492 640 1592 694 quia
1623 643 1720 682 sunt

239 696 373 739 multa
402 695 518 739 mala
547 708 652 749 quae
679 698 824 749 ayunt,
854 697 901 736 ut
930 695 1127 746 discimuS,
1150 694 1473 750 inenarrabilia,
1503 696 1554 738 de
1576 696 1721 739 multis

240 753 425 796 dicemus
445 765 603 806 pauca,
623 764 799 805 quorum
826 754 926 793 sunt
945 751 1095 793 auditu
1114 750 1338 795 horribilia
1365 755 1405 794 et
1434 785 1714 795 ...........

239 810 380 863 ipsum
408 822 557 851 aerem.
616 808 731 850 Nam
753 821 914 860 pueros
944 811 982 849 et
1020 808 1188 850 iuvenes
1220 807 1473 851 Christanos
1501 809 1719 852 circumci—

240 867 346 909 dunt
372 879 499 919 super
528 864 775 918 baptisteria
808 863 1153 906 Christianorum
1182 868 1220 907 et
1255 865 1585 908 circumcisionis
1620 879 1718 909 san-

238 924 408 978 quinem
445 923 493 964 in
522 922 756 975 despectum
786 919 948 963 Christi
971 921 1161 973 fundunt
1187 921 1235 963 in
1263 922 1418 965 eisdem
1447 922 1719 976 baptisteriis,

240 983 278 1022 et
306 979 484 1033 desuper
513 991 580 1021 eos
611 1010 756 1020 ......
787 977 1048 1033 compellunt,
1079 981 1117 1020 et
1146 977 1339 1032 deinceps
1368 979 1415 1021 in
1443 979 1621 1022 circuitu
1635 978 1717 1022 Ec—

239 1035 388 1080 clesiae
416 1049 485 1078 eos
513 1034 712 1077 violenter
741 1034 960 1086 deducunt,
993 1038 1031 1076 et
1057 1047 1207 1077 nomen
1237 1038 1275 1077 et
1295 1035 1422 1089 fidem
1449 1034 1631 1079 Sanctae
1660 1036 1717 1079 ci—

239 1093 383 1135 vitatis
412 1091 700 1145 blasphemare
728 1090 989 1144 compellunt.
1045 1090 1158 1134 Illos
1187 1105 1282 1134 vero
1321 1092 1508 1135 nolentes
1540 1092 1719 1135 diversis

231 1150 385 1204 poenis
413 1148 622 1203 affliqunt,
651 1151 689 1190 et
727 1147 785 1190 ad
819 1147 1013 1190 ultimum
1052 1147 1321 1201 interficiunt.
1379 1148 1552 1192 Nobiles
1581 1153 1720 1193 autem

240 1209 468 1257 matronas,
500 1208 538 1248 et
564 1218 708 1247 earum
729 1203 847 1257 filias
866 1204 1147 1257 depraedatas
1175 1205 1350 1248 invicem
1378 1206 1634 1249 succedendo
1672 1209 1719 1248 ut

241 1262 447 1306 animalia
477 1262 534 1305 ad
564 1293 829 1304 ..........
864 1261 1083 1304 deducunt.
1147 1260 1241 1304 Alii
1280 1275 1377 1304 vero
1413 1263 1718 1316 corrumpendo

239 1320 416 1373 rapiunt
444 1318 642 1373 vimines,
673 1320 864 1360 statuunt
889 1320 986 1360 ante
1009 1318 1144 1371 facies
1171 1332 1317 1361 earum
1343 1323 1512 1371 matres,
1541 1319 1718 1373 compel-

240 1375 369 1419 lentes
396 1389 467 1418 eas
492 1375 683 1440 nefarias
711 1377 747 1417 et
776 1374 1020 1417 luxuriosas
1049 1375 1273 1418 decantare
1311 1376 1557 1429 cantilenas,
1588 1376 1718 1419 donec

240 1432 474 1486 compleant
501 1432 598 1486 ipsa
626 1444 705 1474 sua
731 1431 911 1484 nefaria.
967 1430 1036 1474 Sic
1066 1432 1177 1474 enim
1216 1432 1392 1487 leqimus
1428 1436 1568 1476 actum
1595 1436 1642 1475 ut
1670 1434 1719 1475 in

238 1489 324 1532 Dei
360 1488 515 1544 populo
558 1488 791 1542 antiquitus
831 1488 979 1541 quibus
1021 1487 1199 1542 Imperii
1240 1489 1465 1544 Babylonii
1501 1493 1633 1543 post.

239 1545 431 1589 delubria
456 1545 684 1588 deridendo
711 1544 916 1596 dicebant,
946 1545 1166 1600 Hymnum
1195 1549 1362 1588 cantate
1388 1546 1510 1589 nobis
1538 1547 1589 1590 de
1609 1523 1718 1590 Can-

238 1603 333 1645 ticis
361 1601 490 1657 Syon,
517 1602 579 1645 sic
609 1605 647 1644 et
674 1605 821 1655 stupro
856 1601 1047 1655 filiarum
1076 1605 1231 1646 matres
1274 1602 1579 1657 compelluntur
1606 1616 1719 1646 nunc

238 1662 411 1703 cantare
443 1658 677 1702 cantilenas
707 1658 911 1711 nefarias,
940 1672 1120 1713 quarum
1163 1672 1280 1702 voces
1322 1673 1408 1702 non
1449 1663 1630 1713 cantum,
1672 1663 1718 1702 ut

173 1734 178 1740 =
236 1716 457 1768 credimus,
500 1718 700 1758 resonant
733 1714 967 1768 planctum,
1012 1716 1120 1759 sicut
1159 1717 1365 1770 scriptum
1407 1719 1466 1759 est
1505 1717 1553 1759 in
1585 1720 1720 1759 matre

236 1772 540 1827 Innocentium,
564 1771 654 1815 Voce
682 1772 730 1814 in
758 1771 901 1814 Rama
945 1773 1093 1815 audita
1123 1776 1194 1825 est,
1235 1772 1435 1827 ploratus
1464 1776 1503 1815 et
1530 1773 1719 1816 ululatus

236 1828 404 1884 multus,
434 1828 595 1872 Rachel
613 1828 799 1883 plorans
831 1828 945 1882 filios
973 1843 1072 1872 suos
1103 1833 1143 1872 et
1181 1829 1318 1872 noluit
1361 1829 1572 1873 consolari
1617 1831 1718 1884 quia

236 1899 323 1929 non
349 1889 459 1928 sunt.
523 1884 593 1929 Sic
637 1885 732 1928 licet
769 1889 926 1928 matres
958 1885 1262 1937 Innocentium,
1308 1900 1413 1941 quae
1445 1900 1531 1940 per
1559 1886 1718 1930 Rachel

232 1942 491 1997 fiqurantur,
521 1955 608 1985 non
635 1942 859 1985 valuerunt
885 1943 1097 1986 consolari
1126 1943 1174 1985 in
1201 1947 1334 1986 morte
1354 1943 1554 1997 filiorum,
1579 1943 1716 1986 value-

237 2003 338 2042 runt
364 2003 502 2042 tamen
541 1998 752 2042 sonsolari
781 2012 866 2053 per
899 1999 1078 2042 salutem
1114 2000 1367 2043 animarum.
1427 1999 1543 2043 Illae
1578 2004 1717 2043 tamen

237 2055 480 2099 nullatenus
508 2055 620 2110 quod
646 2056 765 2109 peius
796 2059 857 2098 est
885 2056 1095 2100 consolari
1122 2056 1273 2108 valent,
1306 2057 1406 2111 quia
1434 2059 1473 2099 et
1497 2057 1545 2099 in
1573 2070 1716 2111 corpo-

237 2113 355 2155 ribus
382 2116 421 2155 et
447 2113 494 2156 in
524 2112 746 2156 animabus
764 2116 960 2165 pereunt
1006 2112 1089 2156 Sed
1118 2113 1229 2178 quod
1255 2113 1390 2156 adhuc
1411 2120 1481 2166 est,
1502 2114 1718 2157 veniamus

238 2169 296 2212 ad
324 2169 547 2223 deteriora,
577 2169 703 2212 totius
731 2169 884 2212 aetatis
913 2173 951 2212 et
975 2169 1140 2213 ordinis
1180 2170 1305 2222 viros,
1351 2170 1399 2213 id
1436 2173 1508 2225 est,
1547 2183 1714 2236 pueros,

239 2226 526 2279 adolescentes,
556 2226 735 2276 iuvenes,
762 2239 890 2278 senes,
920 2226 1091 2278 nobiles,
1122 2240 1273 2283 servos,
1302 2230 1341 2269 et
1377 2227 1549 2282 quodp
1551 2228 1640 2271 eius
1679 2230 1717 2269 et

237 2282 522 2347 impudentius
561 2286 632 2337 est,
665 2281 852 2326 Clericos
881 2286 920 2325 et
946 2282 1194 2335 Monachos‚
1225 2287 1265 2326 et
1292 2283 1383 2336 heu,
1419 2283 1529 2337 proh
1572 2282 1719 2327 dolor!

238 2339 348 2393 quod
377 2339 429 2382 ab
455 2339 579 2383 initio
609 2352 693 2382 non
723 2339 880 2382 dietum
909 2353 1040 2405 neque
1068 2340 1262 2383 auditum
1288 2343 1360 2393 est,
1387 2339 1622 2395 Episcopos
1641 2339 1715 2383 So-

238 2396 432 2439 domitico
454 2399 628 2450 peccato
657 2395 871 2452 deludunt,
909 2400 947 2439 et
977 2397 1103 2439 etiam
1142 2410 1274 2439 unum
1315 2396 1391 2439 sub
1432 2397 1507 2440 hoc
1549 2396 1716 2450 nefario

230 2455 402 2505 peccato
431 2453 517 2495 iam
546 2456 806 2506 crepuerunt.
877 2453 990 2496 Loca
1036 2466 1132 2496 vero
1172 2453 1550 2496 innumerabilibus
1590 2453 1717 2496 malis

237 2509 526 2552 contaminant
567 2513 606 2552 et
647 2509 878 2561 destruunt,
917 2513 956 2552 et
986 2511 1141 2563 peiora
1181 2511 1240 2553 eis
1273 2511 1506 2554 minantur.
1566 2509 1628 2552 Et
1658 2510 1716 2553 ad

237 2564 336 2607 haec
364 2567 458 2620 quis
485 2579 571 2609 non
593 2565 776 2620 planqit,
806 2566 901 2620 quis
925 2580 1011 2609 non
1040 2567 1305 2620 compatitur,
1335 2567 1429 2621 quis
1457 2580 1542 2610 non
1561 2567 1713 2618 horret,

238 2622 332 2675 quis
359 2635 444 2664 non
473 2623 600 2665 orat?
659 2622 775 2665 Nam
804 2636 916 2676 pene
944 2626 1032 2666 tota
1061 2627 1177 2666 terra
1209 2624 1257 2666 in
1283 2623 1554 2667 Hierusalem
1588 2636 1716 2677 usque

239 2677 477 2729 Graeciam,
509 2682 546 2721 et
576 2682 663 2721 tota
687 2678 872 2722 Graecia
899 2693 991 2722 cum
1017 2680 1108 2722 suis
1135 2680 1379 2734 reqionibus
1414 2680 1714 2734 superioribus,

238 2747 342 2797 quae
370 2738 467 2777 sunt
499 2734 770 2789 Cappadocia
782 2735 946 2787 Minor,
979 2736 1068 2779 alia
1085 2736 1247 2791 Maior,
1279 2736 1473 2792 Phryyia
1504 2740 1542 2780 et
1565 2736 1715 2791 Bithy-

238 2790 314 2834 nia
342 2794 381 2833 et
408 2791 557 2834 Maior
577 2791 789 2847 Phryqia,
813 2792 860 2836 id
894 2796 966 2848 est,
990 2792 1131 2846 Troia,
1151 2792 1328 2847 Pontus,
1349 2793 1537 2847 Galatia,
1558 2792 1712 2849 Lydia,
