1794 3132
535 217 589 250 m
617 216 906 252 ALEXIADEM
939 219 1101 254 NOTAE
1477 215 1561 258 459

66 338 332 389 permaneat,
340 333 670 388 Monoyramma
681 332 869 374 inserere
884 334 1134 389 curavimus,
1144 348 1193 377 ac
1205 335 1255 378 de
1269 336 1418 379 annuli
1427 339 1561 380 nostri

73 391 347 445 impressione
359 390 444 434 insi
474 389 564 432 niri
574 388 716 431 subter
725 388 913 441 fecimus.
933 391 967 431 A
976 390 1117 433 nnales
1127 391 1559 437 F1·ancor.Bertiniani

74 447 156 490 An.
176 457 364 492 DCCCLI.
409 404 528 489 Ηῖιεο
559 446 769 488 communi
788 445 1019 489 Procerum
1037 461 1209 490 suorum
1238 449 1409 491 consilio
1440 443 1562 505 atque

73 518 278 547 consensu
313 504 552 552 decernunt,
585 503 943 557 propriorumque
972 505 1188 546 nominum
1208 504 1558 560 Monoyramma-

74 561 186 604 tibus
206 561 468 615 confirmant.
514 558 713 613 Diploma
736 558 1015 602 Adalberonis
1037 560 1069 601 Ι.
1099 560 1419 614 Episc.MetenS.
1452 563 1560 617 apud

72 617 362 661 Meurissium:
407 616 550 659 Manu
581 615 770 668 propria
805 617 941 658 nostri
975 617 1161 659 nominis
1190 617 1561 672 Monoyrammam

69 674 218 717 subtus
245 673 523 729 siynavimus.
578 671 766 726 Denique
796 672 885 715 Odo
918 672 1104 715 Cluniae.
1136 673 1179 715 in
1196 674 1298 716 Vita
1327 675 1559 718 Burchardi

75 730 251 774 Comitis
285 730 450 774 Corbol.
479 729 613 787 Fuci-o
642 729 784 782 itaque
815 732 1069 780 testamento,
1090 729 1458 785 Monoyrammate
1482 732 1558 785 fir-

71 791 227 830 matur.
285 787 441 838 Verum
474 786 551 829 etsi
580 786 624 827 in
664 785 849 831 confesso
880 786 935 828 sit
966 799 1040 828 sua
1086 787 1255 829 nomina
1298 788 1464 843 integra
1493 801 1559 831 ex-

73 856 224 896 arasse,
257 844 333 887 aut
361 843 406 885 in
426 842 807 898 Monogrammatis
838 842 1015 885 formam
1048 844 1265 886 contracta
1285 844 1560 898 Imperatores

76 900 168 943 aevi
198 900 360 955 prioris,
392 911 508 943 secus
547 902 687 941 tamen
734 898 784 940 de
813 898 968 954 iis'qui
1009 900 1101 954 post
1131 899 1303 941 Annum
1344 910 1452 943 MCC.
1497 901 1560 943 vi-

70 960 231 1009 xerunt,
253 956 475 1000 dicendum
497 957 572 999 est.
619 954 850 998 Servantur
872 956 982 998 enim
1003 956 1046 998 in
1068 956 1252 999 Archivo
1274 956 1400 1012 Regis
1420 957 1560 1000 Chris-

72 1013 299 1057 tianissimi
348 1013 594 1067 Diplomata
645 1011 847 1054 Balduini
891 1013 947 1055 Π.
997 1013 1194 1067 Imperat.
1247 1012 1560 1068 Constantinop.

72 1070 292 1114 Annorum
317 1079 567 1113 MGCXLVII.
590 1069 631 1111 et
651 1077 919 1112 MCCLXVIII.
951 1069 1088 1111 Bullis
1119 1069 1256 1112 aureis
1285 1071 1326 1112 et
1355 1069 1559 1124 plumbeis

70 1127 300 1170 instructa:
333 1126 546 1181 Epistolae
575 1126 788 1180 praeterea
818 1125 923 1168 duae
951 1126 1183 1169 Andronici
1213 1126 1457 1181 Palaeologi
1487 1126 1560 1170 Se-

70 1184 199 1227 nioris
228 1184 381 1227 Latina
409 1183 559 1238 lingua
597 1182 642 1224 in
686 1195 842 1238 papyro
887 1183 1079 1237 scriptae,
1126 1183 1238 1237 prior
1279 1183 1331 1225 ad
1362 1182 1559 1227 Carolum

70 1240 300 1284 Pulchrum
330 1240 533 1283 Franciae
563 1239 734 1294 Regem,
775 1239 908 1282 altera
948 1239 1001 1282 ad
1031 1239 1305 1282 Benedictum
1336 1240 1386 1282 de
1417 1239 1557 1282 Cumis

70 1297 408 1347 Dominicanum,
441 1296 570 1339 simili
598 1295 726 1338 ferme
771 1295 991 1339 literarum
1035 1296 1255 1338 rubrarum
1303 1296 1558 1351 expressione

68 1354 340 1409 subscriptae.
414 1353 503 1396 Nec
547 1354 646 1395 sunt
682 1352 829 1395 literae
868 1353 913 1395 in
953 1353 1333 1408 Monogrammatis
1378 1352 1557 1396 formam

70 1411 325 1462 contractae,
357 1410 426 1454 sed
448 1409 718 1460 maiusculae,
751 1410 792 1451 et
813 1409 857 1451 in
879 1410 1015 1452 totam
1035 1409 1289 1464 pergameni,
1311 1410 1374 1452 ve]
1398 1409 1556 1464 papyri,

68 1467 352 1523 latitudinem,
385 1467 511 1522 atque
541 1466 645 1509 adeo
676 1466 720 1507 in
755 1466 893 1520 ipsum
926 1466 1215 1520 Diplomatum
1244 1467 1319 1508 aut
1350 1465 1559 1520 Epistola-

67 1525 162 1566 rum
198 1524 402 1579 scriptum
431 1523 651 1572 diductae3
695 1522 1005 1566 characteribus
1037 1522 1139 1566 adeo
1168 1523 1386 1574 anomalis,
1423 1523 1464 1565 et
1492 1523 1558 1564 in-

67 1581 248 1634 tricatis,
279 1581 327 1623 ut
356 1594 407 1624 ne
437 1580 506 1623 vix
536 1579 704 1635 quidem
751 1592 859 1622 unus
902 1579 1122 1622 literarum
1165 1592 1264 1634 apex
1311 1578 1559 1633 deprehendi

68 1638 206 1692 queat.
266 1637 346 1682 Sed
376 1638 426 1680 ut
464 1636 598 1680 cuiuis
629 1637 685 1679 sit
716 1636 766 1678 de
797 1636 1000 1679 eiusmodi
1029 1636 1402 1690 subscriptionibus
1450 1635 1558 1678 divi-

70 1694 198 1738 nandi
228 1694 422 1746 facultas,
454 1706 504 1736 en
543 1693 692 1736 damus
722 1692 902 1735 fideliter
942 1693 1152 1747 excerptas
1196 1705 1242 1734 ex
1270 1692 1370 1746 ipsis
1400 1692 1558 1734 Arche-

67 1749 191 1806 typis,
223 1752 264 1795 et
294 1751 339 1794 in
369 1750 573 1793 minorem
604 1750 795 1793 redactas
826 1749 1003 1792 formam
1037 1747 1146 1805 [vide
1171 1749 1257 1791 tab.
1284 1745 1340 1805 I]‚
1384 1761 1479 1790 cum
1513 1749 1557 1790 in

67 1807 380 1862 Diplomatibus
402 1807 527 1862 longe
554 1806 705 1849 maiori
736 1807 930 1849 exaratae
960 1807 1058 1857 sint,
1090 1806 1308 1859 totamque
1329 1805 1556 1859 explicatae

66 1864 335 1908 membranae
353 1863 625 1907 latitudinem
655 1863 872 1917 impleant.
916 1863 1038 1905 Prior
1064 1861 1196 1917 igitur
1217 1861 1466 1916 subscriptio
1493 1861 1556 1903 est

67 1920 268 1964 Balduini
290 1921 347 1964 ΙΙ.
379 1921 423 1963 in
456 1919 640 1975 Diplom.
673 1920 755 1962 An.
786 1929 1034 1963 MCCXLVII.
1082 1918 1190 1973 quod
1228 1931 1252 1960 a
1288 1917 1554 1960 Du-Chesnio

65 1977 111 2019 in
131 1977 319 2021 Probat.
363 1976 476 2020 Hist.
518 1977 623 2019 Duc.
663 1977 794 2031 Burg.
841 1976 1018 2019 refertur
1060 1988 1154 2030 pag.
1183 1975 1274 2017 139.
1315 1974 1449 2017 altera
1494 1974 1555 2016 est

66 2033 250 2077 eiusdem
281 2033 483 2078 Balduini
527 2034 571 2075 in
617 2033 801 2088 Diplom.
843 2034 924 2076 An.
958 2042 1223 2076 MCCLXVIII.
1267 2044 1394 2074 mens.
1426 2030 1553 2073 Mart.

65 2090 177 2145 quod
223 2103 297 2134 nos
328 2090 621 2145 descripsimus
666 2090 708 2132 in
741 2090 853 2132 Hist.
885 2089 1210 2145 Gallo-Byzant.
1253 2101 1346 2143 pag.
1367 2088 1433 2129 22.
1470 2087 1553 2129 ter-

64 2147 127 2190 tia
156 2147 335 2203 denique
357 2148 419 2191 est
447 2147 675 2190 Andronici
691 2147 936 2202 Palaeologi
965 2147 1007 2188 in
1026 2145 1223 2200 Epistolis
1240 2157 1333 2187 mox
1354 2143 1550 2187 laudatis.

65 2204 222 2247 Extant
237 2217 358 2259 porro
380 2204 557 2259 sparsim
578 2204 689 2258 apud
709 2203 942 2246 Martinum
966 2203 1160 2247 Orusium
1186 2203 1227 2245 in
1250 2201 1552 2255 Turcograecia

64 2260 303 2304 istiusmodi
347 2261 392 2304 in
431 2260 686 2304 Graecorum
719 2260 973 2303 Pontificum
1013 2262 1053 2302 et
1089 2258 1306 2302 Nobilium
1354 2257 1551 2311 EpistolIS

65 2317 402 2373 subscriptiones,
432 2330 610 2372 quarum
642 2318 720 2360 etsi
758 2317 967 2359 interdum
1009 2328 1172 2358 sensum
1213 2317 1252 2358 et
1293 2314 1549 2356 notationem

64 2373 304 2427 reddiderit,
325 2375 394 2418 vix
420 2376 482 2417 est
500 2375 644 2418 tamen
675 2375 723 2416 ut
750 2374 860 2415 ullus
891 2386 937 2415 ex
967 2374 1019 2415 iis
1048 2385 1149 2426 apex
1181 2371 1444 2426 percipiatur.
1490 2369 1550 2411 At

63 2431 108 2473 in
138 2431 363 2485 praedictis
394 2431 706 2486 Diplomatibus
737 2430 935 2473 Balduini
964 2430 1004 2472 et
1031 2428 1262 2471 Andronici
1305 2426 1456 2469 mensis
1486 2426 1550 2468 vi-

64 2487 188 2530 detur
216 2488 406 2540 describi,
438 2501 521 2531 non
553 2501 648 2531 vero
680 2501 823 2530 eorum
855 2499 1015 2529 nomen.
1065 2485 1254 2527 Tradunt
1274 2484 1549 2538 Pachymeres

63 2544 136 2587 lib.
156 2545 196 2587 4.
229 2558 318 2600 cap.
342 2546 408 2588 29.
441 2546 483 2587 et
513 2545 721 2600 Gregoras
752 2544 823 2586 lib.
846 2544 885 2584 4.
920 2556 943 2584 a
961 2542 1163 2584 Michaele
1180 2540 1432 2594 Palaeologo
1463 2540 1549 2582 Im-

64 2601 255 2655 peratore
300 2614 539 2645 concessum
572 2601 812 2644 Andronico
856 2599 942 2641 filio
989 2598 1158 2652 Imperii
1204 2597 1399 2651 collegae,
1436 2596 1483 2638 ut
1512 2596 1549 2638 ei

63 2657 206 2700 liceret
249 2653 433 2715 γράφειν
471 2659 525 2702 δι’
561 2657 764 2712 ἐρυθριῦν
809 2653 950 2712 οἰκείᾳ
991 2655 1114 2708 χειρὶ,
1147 2653 1551 2696 ΑΝΔΡΟΝΙΚΟΣ

64 2713 335 2758 ΧΡΙΣΤΟΥ
359 2718 591 2758 XAPITI
627 2714 944 2756 ΒΑΣΙΛΕΥΣ
979 2710 1281 2752 ΡΩΙΙΙΑΙΩΝ.
1343 2709 1423 2753 Ubi
1456 2709 1546 2752 MS.

63 2771 220 2827 Regius
263 2772 389 2815 habet
433 2773 688 2826 διεξοδικῶς
730 2765 913 2826 γράφειν
944 2767 999 2810 δι’
1030 2766 1244 2821 ἑρυθριῦν,
1288 2766 1364 2809 etc.
1396 2765 1440 2807 id
1472 2766 1544 2829 est,

62 2828 277 2883 nkavtcog,
310 2828 374 2871 uti
415 2842 558 2875 vocem
597 2829 704 2872 hanc
743 2825 1044 2881 interpretatur
1073 2823 1318 2879 Hesychius,
1359 2835 1546 2876 expanffls
