1806 3132
536 233 591 268 m
617 232 905 269 ALmADEu
932 233 1095 270 NOTAE
1468 227 1552 273 5¹75

77 345 349 402 Pamphylia,
375 345 564 398 Isauria,
607 345 744 400 Lycia
773 349 812 388 et
839 345 1012 390 Insulae
1043 348 1339 401 principales*
1381 349 1487 394 Chio
1513 351 1690 394 et⁸Anna
1713 363 1798 400 pag.

77 402 292 459 Mitylena
348 406 388 446 et
427 402 584 446 multae
628 402 740 445 aliae
775 401 985 457 Reyiones
1028 407 1067 446 et
1095 403 1278 459 Insulae,
1322 419 1427 459 quae
1455 420 1551 450 *non
1588 401 1671 436 205.
1694 401 1778 437 2⁰⁶·

75 459 262 502 valemus
288 459 412 502 modo
436 462 691 512 computare,
732 472 863 513 usque
908 458 1094 511 Troiam,
1139 474 1244 514 quae
1284 462 1334 503 ab
1378 462 1438 505 eis
1464 463 1551 506 iam

76 518 228 559 invasa
262 519 335 559 est.
412 514 475 558 Et
510 517 601 568 fere
642 515 752 557 nihil
791 517 993 558 remansit
1035 516 1121 558 nisi
1156 515 1549 572 Constantinopolis,

77 586 204 627 quam
230 572 318 625 ipsi
344 572 565 614 minantur
599 572 796 614 citissime
824 571 945 614 nobis
985 572 1180 624 aufferre,
1218 574 1305 616 nisi
1346 575 1552 618 auxilium

76 627 161 671 Dei
189 631 229 671 et
263 627 454 682 fidelium
485 626 832 672 Christianorum
860 627 1113 671 Latinorum
1141 628 1327 671 celeriter
1353 630 1551 674 subvenit.

75 685 192 728 Nam
216 683 531 738 Propontidem,
562 697 669 738 quae
695 688 734 726 et
750 683 918 727 Avidus
944 684 1111 739 elicitur,
1141 689 1180 727 et
1199 699 1251 728 ecc
1269 685 1404 729 Ponto
1430 688 1551 731 iuoeta
1587 695 1627 731 V.
1653 697 1800 744 Gregor.

75 741 261 784 eamdem
305 739 715 794 Constantinopolim
741 741 791 783 in
825 740 955 783 Mare
984 740 1198 795 Maynum
1228 742 1424 794 decurrit,
1459 758 1552 786 cum
1586 743 1670 781 VH:
1696 746 1758 782 lib.
1774 749 1806 782 1.

76 798 265 841 ducentis
290 797 470 840 navibus
497 798 754 847 invaserunt,
786 811 892 851 quas
921 796 1076 839 Graeci
1119 797 1171 840 ab
1201 798 1261 840 eis
1302 798 1548 852 depraedati
1588 792 1659 837 ΕΡ·
1681 795 1740 829 49.
1767 797 1803 830 ὅ

71 854 402 908 fabricaverunt,
423 857 463 896 et
488 853 691 908 remiyiis,
715 853 845 896 velint
862 853 1012 908 nolint,
1039 853 1260 907 deducunt,
1279 858 1318 897 et
1334 856 1552 898 minantur
1587 840 1791 926 &¹⁵⁰2

75 914 164 954 tam
180 924 266 964 per
291 914 462 964 terrani,
491 923 618 964 quam
652 923 730 963 per
765 910 952 953 eamdem
982 909 1285 963 Propontidem
1315 910 1549 955 Constanti·
1645 915 1738 972 10b4
1792 915 1802 924 ⁹

75 966 263 1021 nopolim
291 969 359 1022 (ut
385 966 591 1020 diximus)
620 966 814 1009 velociter
841 980 1000 1020 capere.
1057 966 1176 1009 Haec
1194 967 1328 1020 plura
1356 968 1407 1011 de
1425 969 1552 1011 innu·
1737 963 1747 971 '

74 1023 347 1067 merabilibus
374 1023 501 1066 malis
529 1037 636 1077 quae
674 1022 774 1066 haee
804 1023 1057 1076 impiissima
1083 1037 1186 1077 yens
1222 1024 1323 1078 aqit,
1368 1025 1553 1068 diximus

74 1084 114 1123 et
153 1080 402 1134 scripsimus
446 1079 536 1132 tibi,
581 1078 725 1122 Comes
753 1078 1105 1133 Flandrensium,
1145 1079 1416 1123 Christianae
1452 1081 1552 1134 fidei

76 1140 254 1180 amator.
317 1135 493 1180 Caetera
535 1149 632 1179 vero
677 1135 728 1179 ob
768 1135 992 1191 legentium
1028 1135 1252 1189 fastidium
1278 1137 1551 1180 dimittamus.

0 1243 3 1247 .
75 1193 219 1248 Iqitur
254 1206 338 1247 pro
365 1191 451 1236 Dei
494 1206 648 1244 amore,
679 1196 718 1235 et
743 1206 830 1246 pro
874 1193 1058 1235 omnium
1098 1191 1357 1236 Graecorum
1392 1195 1552 1247 pietate

74 1263 288 1305 roqamus,
315 1252 364 1292 ut
391 1262 571 1304 quosque
591 1248 739 1302 fideles
770 1248 937 1293 Christi
973 1248 1202 1301 bellatores,
1238 1253 1326 1292 tam
1359 1251 1549 1300 maiores,

75 1305 849 1406 ⁹aa'‘“'¹m⁸”“31'332.⁶⁸m⁰52mamirdm
876 1306 1551 1406 Z‘issssxssmfffflfffflm

1537 1395 1549 1415 1

74 1423 115 1462 et
155 1419 282 1462 sicuti
322 1418 543 1462 Galatiam
586 1422 626 1461 et
667 1422 832 1462 caetera
875 1417 1206 1461 occidentalium
1248 1418 1399 1473 Reyna
1438 1433 1550 1462 anno

69 1476 301 1530 praeterito
331 1489 360 1519 a
387 1476 488 1530 iuyo
508 1489 785 1531 payanorum
819 1474 1129 1529 aliquantulum
1164 1474 1456 1527 liberaverunt,
1488 1476 1551 1518 ita

74 1537 112 1575 et
138 1545 252 1576 nunc
277 1531 327 1575 ob
367 1532 547 1575 salutem
589 1532 833 1575 animarum
870 1545 1046 1574 suarum
1086 1544 1263 1586 reynum
1294 1530 1552 1575 Graecorum

73 1589 253 1632 liberare
280 1592 460 1632 tentent:
500 1589 700 1643 quoniam
732 1601 819 1643 eqo,
864 1588 1054 1642 quamvis
1098 1587 1347 1645 Imperator,
1388 1588 1550 1631 nullum

73 1649 215 1689 tamen
242 1645 472 1688 remedium
499 1649 622 1700 atque
651 1645 848 1688 idoneum
876 1644 1097 1688 consilium
1132 1645 1217 1687 scio
1246 1645 1446 1697 invenire,
1477 1645 1551 1688 sed

73 1715 235 1756 semper
259 1716 287 1745 a
324 1701 438 1756 facie
466 1701 700 1745 Turcorum
729 1705 769 1744 et
798 1734 1093 1744 ...........
1126 1700 1259 1755 fuyio,
1308 1704 1349 1743 et
1388 1701 1551 1744 tamdiu

73 1759 121 1802 in
146 1757 320 1814 sinyula
347 1759 516 1802 civitate
542 1771 704 1814 maneo,
725 1758 853 1801 donec
881 1758 1104 1801 adventum
1130 1770 1271 1799 eorum
1289 1770 1428 1810 prope
1457 1771 1549 1800 sen-

74 1815 146 1868 tio,
175 1818 215 1858 et
241 1814 390 1858 melius
428 1813 453 1840 *
466 1814 678 1858 subiretur
711 1828 798 1858 esse
837 1813 861 1838 *
874 1814 1033 1857 nostris
1060 1813 1230 1856 Latinis
1260 1814 1394 1866 cupio,
1425 1819 1580 1867 quam*
1593 1819 1785 1855 &abiectam

66 1885 341 1927 payanorum
369 1870 579 1915 ludibriis.
634 1871 755 1926 Eryo
784 1874 1010 1925 antequam
1047 1869 1100 1912 ab
1129 1870 1189 1912 eis
1216 1870 1414 1923 capiatur
1443 1868 1548 1913 Con·
1561 1866 1722 1903 *vestris

74 1927 386 1982 stantinopolis‚
430 1931 593 1971 certare
635 1929 734 1971 totis
776 1927 939 1970 viribus
981 1926 1144 1977 debetis,
1187 1929 1234 1968 ut
1259 1925 1486 1980 yloriosam
1511 1929 1549 1969 et

75 1983 330 2038 ineffabilem
355 1984 695 2028 misericordiam
721 1985 769 2027 in
797 1983 906 2027 coelo
924 1983 1153 2038 gaudentes
1168 1982 1397 2036 recipiatis.
1433 1981 1549 2025 Nam

74 2040 224 2084 melius
246 2044 308 2084 est
333 2053 406 2084 vos
423 2040 614 2084 habeatis
635 2039 1053 2093 Constantinopolim,
1129 2052 1199 2081 am
1218 2051 1429 2093 paqanos,
1450 2038 1550 2092 quia

72 2097 121 2140 in
149 2111 199 2140 ea
225 2097 433 2141 habentur
457 2098 795 2151 pretiosissimae
821 2096 1024 2150 reliquiae
1099 2095 1239 2146 omini,
1275 2094 1323 2137 id
1349 2097 1420 2145 est,
1451 2093 1548 2137 Sta-

75 2157 150 2197 tua
179 2153 239 2197 ad
266 2167 392 2208 quam
428 2154 589 2209 liyatus
619 2154 718 2207 fuit,
752 2153 969 2208 flagellum
1006 2166 1035 2195 a
1065 2165 1144 2206 quo
1176 2150 1416 2206 flaqellatus
1448 2151 1545 2203 fuit,

77 2209 283 2266 Chlamys
310 2211 499 2264 coccinea
530 2224 615 2265 qua
639 2210 725 2263 fuit
753 2211 941 2260 indutus,
975 2207 1141 2252 Corona
1168 2207 1319 2261 spinea
1345 2220 1428 2261 qua
1462 2206 1549 2259 fuit

70 2271 306 2318 coronatus,
325 2266 506 2310 Arundo
535 2280 662 2321 quam
679 2267 766 2309 vice
793 2266 948 2320 sceptri
977 2266 1026 2308 in
1052 2263 1245 2307 manibus
1276 2262 1384 2314 tulit,
1416 2262 1547 2305 Vesti-

71 2326 214 2366 menta
310 2323 403 2367 ibus
445 2327 543 2366 ante
591 2322 765 2366 Crucem
805 2322 1042 2376 expoliatus
1081 2321 1179 2374 fuit,
1216 2332 1326 2373 pars
1359 2319 1547 2362 maxima

120 2380 129 2388 ’
196 2380 205 2388 ’
368 2380 377 2389 ’
438 2380 488 2423 in
528 2394 612 2434 qua
650 2380 737 2432 fuit
768 2378 1004 2432 cmciftoeus,
1038 2376 1164 2420 Clavi
1202 2375 1351 2430 quibus
1392 2374 1547 2428 affixus

69 2435 170 2490 fuit,
198 2435 471 2480 Linteamina
487 2440 588 2490 post
619 2435 980 2479 Resurrectionem
1009 2435 1098 2476 eius
1125 2434 1294 2476 inventa
1321 2432 1369 2474 in
1397 2430 1545 2485 Sepul-

72 2491 184 2547 chro‚
212 2492 446 2536 Duodecim
477 2492 646 2546 cophini
674 2492 1010 2547 fraymentorum
1052 2503 1103 2532 ex
1144 2490 1323 2544 quinque
1360 2487 1546 2541 panibus
1566 2502 1608 2539 V.
1617 2501 1806 2549 syntagm

75 2552 115 2592 et
143 2548 305 2592 duobus
341 2549 540 2603 piscibus,
571 2548 708 2603 Caput
749 2562 842 2591 cum
874 2546 1056 2601 Capillis
1094 2546 1305 2600 inteyrum
1332 2547 1371 2586 et
1396 2543 1545 2587 Barba
1573 2554 1737 2604 nostruin
1751 2550 1796 2586 de

73 2603 221 2648 Sancti
248 2604 431 2648 Ioannis
458 2604 695 2659 Baptistae,
725 2605 946 2659 Reliquiae
978 2607 1016 2646 et
1056 2601 1244 2655 Corpora
1272 2599 1545 2643 Innocentum
1627 2597 1752 2643 Capite

305 2675 349 2704 m
390 2661 701 2716 Prophetarum
748 2675 798 2705 ac
843 2659 1150 2714 Apostolorum,
1200 2657 1459 2711 Martyrum,
1494 2659 1545 2720 ‚et
1587 2645 1783 2682 S·1⁰‘²””·

73 2718 255 2761 maxime
282 2717 327 2762 S.
357 2717 564 2772 Stephani
591 2718 941 2772 Protomartyris,
977 2719 1016 2758 et
1047 2714 1336 2778 Com-fessorum
1371 2726 1420 2755 ac
1449 2711 1542 2778 Istr-
1556 2694 1678 2776 ΒαΡῖῥ.
1692 2694 1806 2776 ᾖξ’]

73 2774 232 2831 yinuni,
270 2788 376 2830 quae
419 2775 469 2819 ob
510 2775 688 2819 nimium
727 2775 1025 2818 incrementum
1065 2770 1244 2814 scribere
1269 2768 1545 2825 sinyulanter
