1806 3132
523 225 578 260 m
603 225 891 262 ALEXIADEM
920 229 1081 265 NOTAE
1454 229 1536 273 605

103 335 284 396 ρόνημα,
305 339 348 384 et
365 335 483 394 πρὸς
508 335 560 382 τὸ
581 338 732 393 λαβεῖν
750 342 876 396 χεῖρα
894 337 1216 397 προτείνοντας,
1241 346 1402 390 callidis
1422 361 1540 404 prae-

94 397 176 441 itos
207 396 400 452 ingeniis,
431 396 474 439 et
502 396 556 439 ad
584 396 726 451 turpia
757 397 886 452 lucra,
930 400 1166 444 sordidosve
1211 404 1404 457 quaestus
1445 419 1540 460 pro-

65 453 215 504 clives;
243 453 388 509 quales
411 454 510 496 sunt
529 452 749 505 Excusati,
772 454 844 509 qui
868 455 1011 499 foenus
1032 458 1247 502 nauticum
1281 460 1321 502 et
1340 462 1539 505 onerariis

63 510 241 554 navibus
269 509 540 553 mercimonia
571 510 772 553 exercent.

204 561 421 622 Ίῖάγγρα]
460 566 600 609 Ducas
630 565 742 609 Hist.
775 579 863 622 cap.
886 569 952 610 24.
982 562 1108 612 αὗτοὶ
1137 568 1183 612 ἐκ
1212 575 1299 614 τῶν
1325 569 1772 642 τριήρεωνΡας,291,Α

63 614 916 735 11110121111111110110
948 622 1422 728 1031010901
1452 632 1540 741 ⁶³}

436 715 445 723 .
636 713 645 722 .
897 714 906 723 .
1368 702 1462 729 vtae

61 735 238 793 ἐκείνης,
293 731 470 779 ’πισθεν
497 732 608 790 μετὰ
637 735 858 791 τζαγγρῶν
885 753 933 780 τε
965 738 1037 781 καὶ
1056 735 1207 792 τόξων,
1231 701 1537 787 οἴ0.χΝ3113110

60 793 150 837 MS.
194 793 244 836 de
274 793 522 837 Belissarioz
566 788 794 849 φαλκόνες,
843 793 915 836 καὶ
958 795 1173 851 πετρίτες,
1217 794 1423 854 τζάγγρας
1465 799 1538 842 καὶ

59 848 454 906 μπαληστρερίδας,
486 844 605 903 τόξα,
637 848 709 891 καὶ
734 847 1011 904 τοξατόρους,
1044 849 1175 909 σκεύη
1204 853 1276 896 καὶ
1300 871 1537 911 πουμπαρ-

60 905 258 961 διερίδες,
285 907 365 950 010.
422 907 516 949 Ι3111
545 905 715 949 tandem
751 907 1012 962 percipimus,
1045 910 1169 953 Anna
1208 912 1387 964 praevia,
1428 913 1536 968 quod

58 976 190 1020 genus
217 976 431 1007 armorum
463 962 590 1006 fuerit
618 958 827 1018 τζάγγρα;
856 977 988 1019 neque
1017 966 1127 1008 enim
1148 966 1230 1009 fuit
1248 980 1368 1011 arcus
1388 969 1534 1021 nudus,

61 1020 173 1075 quod
203 1019 297 1063 vult
325 1019 547 1072 Meursius,
592 1032 724 1074 neque
752 1021 919 1075 zayaia,
964 1034 1035 1065 seu
1077 1022 1273 1076 iaculum,
1320 1025 1383 1067 uti
1426 1026 1536 1080 apud

59 1077 223 1120 Ducam
252 1076 555 1131 interpretatur
584 1076 647 1118 vir
676 1075 837 1129 doctus,
877 1078 947 1120 sed
991 1092 1116 1122 arcas
1152 1080 1345 1132 balearis,
1384 1083 1535 1125 nostris

58 1132 298 1184 Arbaleste;
324 1132 442 1176 cuius
461 1145 597 1184 usum,
619 1145 692 1175 suo
730 1146 831 1176 aevo
853 1132 1022 1177 Graecis
1043 1136 1241 1179 hactenus
1261 1137 1534 1192 incognitum,

59 1203 84 1234 a
114 1190 277 1234 Latinis
306 1202 404 1233 vero
431 1189 652 1232 inventum
682 1190 723 1232 et
751 1190 1032 1245 excogitatum
1052 1192 1232 1235 testatur
1252 1194 1397 1237 Anna:
1427 1195 1534 1237 unde

58 1247 192 1290 eidem
219 1247 264 1290 id
291 1258 423 1302 genus
451 1258 586 1297 arcus,
617 1240 748 1299 τόξον
775 1244 1053 1301 βαρβαρικὸν,
1088 1248 1374 1292 Cantacuzeno
1404 1250 1476 1293 lib.
1497 1252 1533 1294 1.

58 1315 150 1359 cap.
171 1304 239 1347 36.
268 1298 513 1345 Λατινικὸν
545 1302 712 1345 dicitur.
773 1303 898 1358 Apud
928 1305 1101 1347 Latinos
1141 1305 1228 1348 eius
1266 1319 1387 1349 usum
1422 1307 1534 1350 31111-

87 1360 309 1404 uissimum
338 1359 464 1403 fuisse
484 1359 680 1402 docemur
710 1372 756 1402 ex
775 1360 854 1403 LL.
869 1360 1095 1416 Wisigoth.
1113 1361 1184 1404 lib.
1203 1363 1241 1405 8.
1262 1363 1329 1405 tit.
1351 1363 1390 1406 4.
1414 1363 1451 1418 ἓ.
1466 1364 1531 1406 23.

89 1418 107 1460 i
135 1418 229 1472 quis
259 1441 314 1446 —
341 1415 521 1471 laqueos,
550 1415 615 1459 vel
641 1429 766 1459 arcas
785 1417 1086 1470 praetenderit,
1117 1431 1190 1461 sea
1219 1418 1404 1463 balistas.
1449 1420 1533 1462 Ne-

56 1486 135 1528 que
162 1473 272 1516 enim
300 1473 378 1516 hoc
412 1473 504 1516 loco
537 1472 692 1515 balista
733 1486 806 1527 pro
853 1474 1003 1516 maiori
1047 1475 1252 1527 machina,
1298 1487 1379 1530 qua
1424 1476 1532 1519 muri

55 1530 320 1585 quatiuntur,
352 1542 480 1585 quam
512 1529 640 1585 vulgo
666 1529 904 1573 ballistram
933 1531 1098 1583 vocant,
1128 1531 1319 1574 sumitur.
1347 1531 1530 1575 Glossar.

0 1620 6 1624 „
53 1586 149 1630 Lat.
183 1585 255 1630 Gr.
285 1585 493 1639 ballistra,
526 1581 758 1643 σφενδόνη,
796 1582 1012 1642 μάγγανον
1037 1584 1288 1641 πολεμικόν.
1348 1587 1530 1632 Glossar.

54 1642 200 1686 Graec.
233 1643 326 1686 Lat.
355 1641 606 1696 βαλλίστρα,
639 1647 889 1686 tormentum
916 1643 1088 1686 murale.
1127 1643 1408 1699 καταπέλτης,
1442 1644 1530 1688 bal-

54 1699 199 1753 listra;
228 1699 478 1754 balli-stram,
509 1698 826 1755 σφενδονῆσαι;
863 1700 1031 1743 tametsi
1062 1701 1114 1743 ab
1144 1701 1345 1744 eiusmodi
1373 1701 1530 1744 machi-

53 1769 202 1799 narum
216 1756 377 1799 fabrica
391 1756 434 1799 et
453 1757 588 1799 forma
619 1756 866 1799 balistarum
885 1757 1163 1799 inventionem
1181 1757 1417 1811 profluxisse
1433 1770 1531 1800 con-

53 1813 150 1865 stet,
169 1812 279 1868 quod
294 1825 413 1856 nemo
433 1813 703 1864 inficiabitur,
735 1813 807 1868 qui
822 1813 1058 1868 Rigaltium
1088 1813 1141 1856 ad
1172 1813 1459 1857 Onosandrum
1489 1814 1530 1856 et

52 1869 238 1924 Lipsium
284 1869 330 1912 in
373 1869 596 1913 Poliorcet.
643 1870 830 1913 consulet
875 1874 915 1912 et
945 1870 1214 1924 comparabit.
1271 1870 1529 1912 Balistarum

52 1938 150 1969 vero
181 1938 281 1969 usus
307 1926 460 1969 sensim
490 1926 601 1981 apud
632 1927 796 1969 nostros
827 1926 961 1978 desiit,
994 1927 1065 1980 qui
1096 1926 1214 1969 bellis
1243 1926 1335 1969 istis
1356 1926 1528 1969 Sarace-

51 1982 159 2025 nicis
192 1982 386 2037 frequens
414 1982 510 2035 fuit,
532 1996 603 2026 seu
637 1983 747 2037 quod
772 1996 797 2025 a
814 1982 995 2026 Summis
1012 1982 1298 2035 Pontificibus,
1329 1995 1412 2025 una
1432 1995 1525 2025 cum

50 2038 217 2082 infectis
246 2052 404 2082 veneno
432 2039 615 2094 sagittis,
648 2039 714 2082 vel
746 2039 912 2093 gladiis,
942 2039 1167 2082 identidem
1197 2038 1442 2081 interdictus
1472 2039 1527 2081 sit

49 2095 94 2137 in
126 2094 460 2149 Christianorum
489 2095 669 2151 praeliis,
701 2096 768 2138 vel
798 2095 907 2150 quod
947 2095 999 2138 iis
1035 2096 1099 2138 uti
1136 2095 1224 2138 viro
1260 2096 1426 2138 strenuo
1461 2096 1526 2137 in-
1538 2110 1671 2148 Concu.
1698 2113 1801 2150 Rom,

50 2151 227 2207 dignum
254 2153 488 2207 putaretur,
522 2152 593 2207 qui
622 2152 739 2195 nulla
769 2153 871 2204 arte,
902 2152 1070 2195 nullave
1098 2151 1305 2195 industria
1337 2152 1410 2194 aut
1430 2151 1583 2195 dex-A.
1598 2163 1700 2196 1139.
1714 2160 1801 2197 Gan.

48 2208 218 2252 teritate
262 2209 387 2253 hocce
432 2222 644 2253 armorum
693 2221 843 2264 genere
891 2208 1050 2250 hostem
1099 2208 1382 2262 prosterneret.
1464 2208 1523 2250 Eo
1573 2210 1634 2243 29-
1652 2209 1713 2245 lib.
1731 2212 1765 2244 5.

39 2265 240 2320 spectant
280 2265 407 2309 verba
437 2265 674 2308 Ioinvillaei
715 2265 757 2307 in
802 2264 912 2307 Hist.
960 2263 1001 2307 S.
1044 2264 1260 2307 Ludovici:
1304 2262 1364 2307 Et
1406 2263 1524 2307 ἀευὲε
1535 2256 1797 2310 &cm-⁶⁹²9·

47 2323 214 2375 spavoir
241 2336 318 2377 que
347 2322 375 2365 ὰ
401 2325 502 2366 cette
534 2322 621 2376 fois
650 2321 695 2364 la
719 2321 864 2375 farem
902 2320 995 2374 saiz
1023 2321 1081 2363 les
1117 2320 1218 2374 plus
1259 2320 1392 2363 beaux
1431 2320 1524 2373 saiz
1599 2306 1657 2339 Μ·
1678 2308 1735 2341 15.

49 2376 241 2431 dames,
273 2379 346 2433 qui
373 2392 552 2434 oncques
574 2378 720 2432 furem
744 2378 838 2431 faie
862 2391 915 2419 oa
944 2391 1068 2432 veaye
1097 2376 1273 2420 d'oultre
1301 2390 1399 2427 mer,
1431 2379 1523 2419 tant

48 2433 174 2477 d'une
198 2439 335 2489 parte,
367 2449 445 2490 que
474 2434 651 2478 d'autre.
686 2435 771 2479 Gar
798 2433 876 2476 nal
898 2447 951 2476 ne
966 2435 1084 2477 tiroit
1112 2432 1240 2484 d’arc,
1262 2431 1520 2483 d'arbaleste,

46 2505 100 2534 ne
129 2490 391 2536 d’artillerie.
448 2491 571 2535 Mais
601 2492 773 2534 estoient
812 2491 871 2533 les
901 2503 1027 2543 coups
1062 2489 1185 2545 qu’on
1224 2490 1397 2532 donnoit
1435 2488 1524 2532 l'un

46 2561 122 2590 sur
165 2547 317 2592 l'autre
345 2548 374 2591 ὰ
408 2548 531 2592 belles
562 2561 729 2600 masse-5,
769 2547 918 2600 esp-«jes,
954 2550 992 2589 el
1022 2547 1133 2599 fasts
1169 2545 1220 2589 de
1255 2545 1404 2588 lances.
1464 2545 1525 2587 At

0 2615 5 2636 1
46 2603 171 2647 istius
200 2617 414 2648 armorum
446 2606 610 2660 generis
647 2617 768 2647 usum
798 2603 1010 2646 revocavit
1047 2601 1311 2657 postmodum
1348 2601 1525 2644 Richar-

49 2660 126 2703 dus
158 2660 394 2717 Anglorum
429 2662 527 2714 Rex,
560 2662 602 2704 et
637 2661 681 2703 in
711 2659 894 2703 Galliam
940 2659 1103 2701 induxit
1132 2659 1175 2700 in
1214 2658 1333 2701 bellis
1378 2658 1523 2700 contra

46 2716 290 2772 Philippum
320 2718 432 2774 Aug.
462 2719 587 2770 Nam,
616 2718 663 2759 ut
692 2717 753 2759 ait
770 2715 1007 2758 Willelmus
1030 2716 1149 2757 Brito
1179 2714 1251 2756 lib.
1274 2716 1313 2756 2.
1342 2713 1520 2772 Philipp.

0 2775 5 2787 ²
302 2773 587 2830 Franciyenis
615 2773 774 2816 nostris
799 2772 889 2815 illis
916 2772 1062 2826 iynota
1091 2771 1236 2814 diebus

304 2830 392 2875 Res
415 2835 508 2875 erat
537 2832 719 2884 omnino,
749 2829 852 2884 quid
879 2827 1142 2872 Bali-elarius
1173 2841 1308 2882 arcas,
