1734 3120
488 228 753 269 ALEXIADIS
780 231 876 270 LIB.
904 232 1007 271 xm.
1045 230 1108 273 12.
1467 228 1549 275 239

66 342 266 402 κράτους,
299 341 351 390 ὃν
378 344 435 392 ἂν
473 348 600 392 αὐτοὶ
641 348 719 392 ἐπὶ
757 346 903 407 τοίτῳ
940 347 1060 410 αὐτῷ
1102 346 1394 412 ἀποστείλητε
1439 353 1551 400 κατά

65 413 118 457 τὸ
148 415 290 471 πέραν
316 412 512 472 Ἀδρίου.
572 414 612 460 εἰ
639 417 680 460 δ’
708 413 982 475 ἄποπηδῶσι
1010 418 1089 462 τόν
1128 418 1272 477 ὅρκον,
1312 423 1372 482 μὴ
1409 417 1553 476 ὅλλως

66 483 194 528 ἐᾶσαι
220 484 438 541 διαπερᾶν
482 480 544 537 ὠς
570 482 626 527 τὰ
656 480 768 529 αὐτοὶ
801 490 986 545 φρονεῖν
1024 485 1128 545 ἡμῖν
1162 484 1551 546 ἅπαναινομένους.

65 552 212 596 δεῖδὲ
247 553 322 597 καὶ
364 550 444 606 τὰς
485 550 559 597 διὰ
599 551 928 609 χρυσοβοῦλλου
973 553 1104 613 λόγου
1147 558 1431 616 δωρηθείσας
1473 577 1553 616 μοι

30 618 188 677 5παρὰ
226 622 307 665 τοῦ
352 621 699 680 θεοπροβλὴτου
741 620 930 679 κράτους
969 621 1094 679 ὑμῶν
1121 622 1268 681 χώρας
1296 627 1369 670 καὶ
1397 625 1554 681 πόλεις

64 687 266 733 ἐκθεῖναι
310 689 357 734 ἐν
385 691 451 748 τῷ
494 687 682 746 παρόντι
713 688 1014 748 συγγράμματι
1028 705 1039 715 ·
1079 690 1106 752 ἡ
1136 692 1248 739 κατά
1278 692 1357 756 τὴν
1387 697 1554 755 Κοίλην

63 757 227 813 Συρίαν
252 752 483 813 Ἀντιόχου
513 755 646 811 πόλις
687 757 800 815 μετὰ
843 762 922 818 ’τῆς
962 764 1173 821 περιοχῆς
1200 758 1334 821 αὗτῆς
1376 765 1448 807 καὶ
1476 767 1555 824 τῆς

62 822 391 885 διακρατήσεως
430 824 515 872 σὺν
556 822 676 886 αὐτῷ
725 828 934 886 §ot-nice,
979 824 1006 873 ὃ
1048 829 1172 886 παρὰ
1213 829 1292 890 τὴν
1323 829 1555 876 θάλασσαν

62 890 295 952 ἤδρασ-ται·
340 893 394 939 τὸ
424 893 554 951 Δούξ
591 893 705 952 μετὰ
749 899 827 956 τῆς
874 895 1207 955 διακρατήσεως
1239 894 1380 943 αὐτοῦ
1408 897 1593 958 πάσηςο

6 978 51 1011 10
62 959 148 1005 σιῖν
187 963 252 1021 τῷ
293 964 375 1007 τοῦ
405 966 562 1007 Καυκᾶ
605 961 658 1008 τό
687 981 735 1009 τε
774 967 854 1009 τοῦ
897 967 1087 1010 Λουλοῦ
1123 964 1360 1023 λεγόμενον
1395 968 1468 1012 καὶ
1502 966 1554 1012 τό

62 1032 142 1073 τοῦ
173 1033 446 1088 Θαυμαστοῦ
469 1025 627 1088 Ὄρους
660 1033 735 1077 καὶ
762 1031 817 1076 τὰ
850 1034 1041 1090 Φερέσια
1066 1034 1179 1091 μετὰ
1206 1036 1288 1093 τῆς
1326 1033 1405 1079 ὑπ’
1445 1034 1555 1080 αι’-τὰ

62 1095 210 1156 πάσης
247 1096 414 1156 χώρας·
455 1097 480 1144 ὁ
502 1098 661 1158 ’Ἀγιος
699 1097 853 1155 Ἠλίας
891 1099 916 1162 ἦ
952 1104 1184 1161 στρατηγὶς
1222 1101 1334 1160 μετὰ
1362 1107 1453 1148 τῶν
1477 1105 1550 1148 ὑπ’

61 1164 197 1227 αὐτὴν
225 1167 486 1223 πολιχνίων·
516 1166 543 1227 ἡ
574 1170 807 1228 στρατηγὶς
833 1168 887 1214 τό
919 1171 1061 1227 Βορζὲ
1090 1172 1162 1215 καὶ
1190 1169 1246 1216 τὰ
1274 1169 1365 1216 ὖπό
1390 1170 1552 1231 ’ταύτην

61 1235 286 1290 πολίχνια’
330 1233 355 1294 ἦ
386 1237 492 1293 περὶ
535 1234 618 1295 τήν
652 1238 916 1296 στρατηγίδα
959 1237 1012 1282 τό
1043 1239 1175 1296 Σέζερ
1220 1237 1373 1285 ἅπασα
1415 1238 1550 1298 χώρα,

3 1320 48 1354 15
62 1300 213 1362 ἥντινα
239 1301 476 1362 Λάρισσαν
493 1303 701 1364 ’Έλληνες
730 1302 1041 1364 ὀνομάζοι-σιν·
1086 1306 1147 1361 ὡς
1182 1309 1231 1353 δὲ
1260 1310 1332 1353 καὶ
1368 1308 1420 1353 τὸ
1450 1309 1553 1366 ’Λρ-

60 1370 151 1428 τάχ,
170 1373 243 1417 καὶ
271 1371 323 1417 τί
351 1371 520 1429 Τελούχ
546 1371 590 1418 αἱ
622 1376 907 1433 στρατηγίδες
935 1374 1048 1433 μετὰ
1076 1379 1155 1437 τῆς
1183 1374 1368 1435 ἑκάστης
1397 1395 1553 1435 περιο-

60 1442 159 1499 χῆς·
190 1437 271 1484 σὺν
287 1437 465 1494 τούτοις
485 1439 510 1502 ἦ
530 1447 556 1486 Ι
560 1443 818 1499 ἐρμανίκεια
837 1444 911 1488 καὶ
929 1442 986 1488 ’τὰ
1014 1442 1106 1488 ὑπὸ
1132 1442 1300 1503 ’ταύτην
1327 1446 1551 1501 πολίχνια·

59 1506 113 1551 τι)
146 1511 335 1565 Μαῦρον
367 1503 498 1566 Ὅρος
526 1511 599 1554 καὶ
629 1508 780 1556 πάντα
807 1510 863 1556 τὰ
891 1513 967 1557 ὑπ’
1000 1513 1142 1557 ἐκεῖνο
1170 1511 1415 1570 ταττόμενα
1444 1512 1550 1559 κάσ-

57 1593 140 1632 τρα
167 1577 239 1621 καὶ
268 1574 294 1635 ἧ
324 1574 593 1638 ὑποκειμένη
623 1578 768 1639 τούτῳ
807 1578 1021 1637 σύμπασα
1061 1579 1221 1634 πεδιὰς
1256 1576 1363 1627 ἄνευ
1396 1584 1551 1642 δηλον-

0 1656 46 1691 20
57 1640 127 1688 ότι
153 1646 233 1703 τῆς
261 1646 352 1689 τῶν
373 1643 641 1692 Ῥουπενίων
679 1646 1006 1708 διακρατήσεως
1032 1648 1235 1703 Λέοντός
1263 1667 1311 1695 τε
1341 1652 1414 1695 καὶ
1438 1654 1595 1702 &eo-D

55 1710 202 1769 δώρου
240 1716 331 1758 τῶν
365 1709 612 1772 Ἀρμενίων
658 1716 903 1775 γεγονότων
941 1713 1203 1775 ἀνθρώπων
1237 1722 1318 1763 ’τοῦ
1357 1716 1549 1776 κράτους

192 1823 223 1858 1.
248 1818 488 1868 ἀποστείλητε
511 1824 555 1867 F,
581 1827 742 1869 οτείληῐε
765 1826 806 1862 Ρ.
1001 1828 1035 1862 3.
1061 1825 1106 1861 τὰ
1132 1838 1204 1862 om.
1233 1826 1275 1864 F.
1387 1825 1479 1871 ἡμῖν
1503 1827 1545 1872 F,

189 1868 280 1918 ὑμῖν
302 1870 344 1907 Ρ.
504 1874 538 1908 4.
561 1870 840 1921 χρυσοβούλλου
863 1874 935 1919 FC,
956 1871 1211 1923 χρυσοβοὺλου
1234 1875 1274 1911 P.
1425 1877 1477 1911 10.
1502 1876 1543 1910 τὸ

190 1920 379 1965 posterius
392 1920 535 1957 addidi.
637 1924 690 1958 11.
715 1925 776 1958 καὶ
791 1922 830 1965 C,
855 1922 897 1958 τὸ
915 1923 955 1959 P.
1078 1926 1131 1959 15.
1170 1920 1350 1970 Ἀρταχόν
1363 1923 1401 1959 C.
1490 1926 1545 1959 16.

195 1964 385 2026 Τελουχόν
407 1969 444 2005 C.
492 2013 511 2025 ν
533 1971 591 2006 20.
620 1973 821 2007 Ιουπελίων
832 1971 870 2008 C.
967 1973 1024 2007 21.
1050 1969 1264 2018 ἀνθρώπων
1290 1971 1546 2016 Montfaueon,

190 2020 398 2063 ανθρωπον
420 2016 461 2061 P,
486 2030 565 2054 ανω
589 2018 626 2054 C.

55 2119 257 2157 iurandum
281 2132 410 2158 omnes
433 2122 519 2159 illos
553 2124 680 2170 aliquo
716 2125 916 2171 potestatis
953 2128 1100 2162 vestrae
1138 2125 1289 2162 homine
1327 2126 1545 2162 transmisso

54 2168 102 2204 ad
125 2168 166 2204 id
189 2169 312 2216 ipsum
335 2182 358 2206 a
381 2172 488 2207 vobis
513 2174 619 2208 trans
650 2185 754 2209 mare
780 2173 1028 2210 Adriaticum.
1092 2186 1135 2210 ac
1159 2174 1191 2210 si
1216 2175 1281 2221 qui
1306 2186 1435 2210 eorum
1472 2175 1546 2210 ius·

53 2217 254 2254 iurandum
295 2230 334 2254 se
371 2219 462 2256 dare
496 2225 715 2268 pernegant,
752 2234 815 2258 eos
852 2222 1032 2269 pollioeor
1068 2234 1126 2258 me
1164 2226 1297 2269 utpote
1334 2223 1546 2259 consentire

53 2266 162 2302 nobis
186 2270 386 2303 renuentes
411 2280 458 2305 ne
481 2270 663 2306 traiciant
685 2271 980 2317 prohibiturum.
1043 2271 1108 2306 sed
1133 2274 1285 2317 oportet
1308 2272 1383 2306 iam
1418 2272 1544 2318 regio-

52 2325 118 2349 nes
143 2315 329 2362 nrboeqne
351 2316 446 2352 mihi
462 2328 531 2363 per
546 2318 688 2354 bullam
712 2331 863 2355 auream
879 2331 900 2355 a
914 2322 1099 2366 potestate
1119 2323 1244 2355 vestra
1258 2319 1440 2355 divinitus
1458 2331 1543 2366 pro-

53 2366 157 2398 mota
181 2365 329 2400 muneri
352 2364 459 2401 datas
482 2366 523 2401 in
551 2366 623 2403 hoc
651 2369 792 2414 scripto
820 2379 1025 2414 exponere3
1070 2371 1158 2403 sunt
1182 2372 1307 2403 autem
1335 2368 1422 2404 hae:
1467 2368 1543 2403 An-

52 2411 168 2447 tioehi
188 2412 320 2448 civitas
344 2413 385 2449 in
402 2413 632 2462 coelesyria
655 2428 739 2452 eum
766 2416 991 2452 suburbanis
1019 2419 1057 2451 et
1074 2428 1165 2463 agro
1190 2428 1257 2451 suo
1281 2427 1439 2462 cumque
1460 2417 1542 2462 ipso

52 2459 182 2495 Suetio
214 2460 261 2496 ad
298 2472 402 2497 mare
439 2463 533 2508 sit03
574 2467 656 2499 tum
694 2465 761 2510 qui
787 2465 873 2500 Dux
910 2468 1066 2500 vocatur
1097 2464 1199 2500 loeus
1235 2475 1318 2500 eum
1354 2476 1447 2511 agro
1476 2476 1543 2500 suo

51 2509 173 2554 omni3
212 2509 327 2554 locus,
364 2510 430 2556 qui
470 2510 612 2548 caueae
649 2514 788 2559 quique
814 2513 901 2548 Lnli
941 2516 979 2548 et
1017 2513 1081 2558 qui
1121 2512 1261 2547 Montis
1299 2512 1544 2548 Admirabilis

50 2567 187 2592 nomen
220 2557 352 2602 habet3
396 2558 572 2595 Phe-resia
604 2573 688 2597 eum
727 2564 810 2597 tota
842 2562 933 2607 ipsis
970 2561 1138 2596 subiecta
1178 2561 1349 2607 regione3
1387 2560 1544 2597 Sanctus

50 2603 153 2640 Elias
188 2607 364 2653 strategis
385 2619 471 2643 cnm
497 2609 686 2655 oppidulis
720 2610 754 2645 ei
792 2609 985 2653 subiectis;
1030 2609 1144 2644 Boi-ze
1182 2611 1358 2655 strategis
1384 2613 1422 2645 et
1446 2621 1542 2655 quae

49 2652 106 2688 illi
131 2653 329 2690 subiuncta
353 2656 534 2702 oppidula
557 2661 668 2703 sunt3
703 2658 879 2693 universa
910 2657 1014 2703 regio
1036 2658 1136 2692 circa
1165 2657 1411 2704 strategidem
1435 2657 1543 2693 Sezer

51 2702 186 2748 posita,
212 2714 324 2749 quam
350 2703 540 2740 Larissam
570 2705 704 2742 Graeci
740 2707 953 2749 nominant3
995 2709 1188 2751 praeterea
1221 2706 1444 2752 strategides
1471 2706 1540 2741 Ar-

50 2749 136 2785 taeh
157 2753 196 2785 et
218 2750 360 2788 Teluch
386 2764 471 2788 eum
497 2755 598 2800 agris
622 2755 697 2789 suis
722 2766 766 2790 ac
791 2754 902 2789 simul
916 2754 1158 2789 Germanioea
1175 2754 1326 2800 eiusque
1339 2754 1539 2801 oppidula3

51 2797 204 2834 Maurus
242 2799 351 2836 Mons
388 2804 428 2836 et
470 2803 597 2837 omnia
637 2803 710 2838 hue
749 2802 979 2848 pertinentia
1016 2801 1168 2837 castella
1221 2802 1469 2849 planitiesque
1506 2803 1540 2837 ei

50 2846 243 2883 subiaoens
270 2849 444 2885 universa
472 2854 630 2896 excepto
659 2850 802 2887 scilicet
818 2850 1077 2896 Rupeniorum
1105 2861 1195 2896 agro
1208 2849 1345 2886 Leonis
1369 2855 1408 2886 et
1421 2851 1539 2885 Theo-

49 2894 135 2931 dori
148 2895 427 2943 Armeniorum,
450 2899 516 2944 qui
538 2900 736 2945 potestatis
761 2902 906 2935 vestrae
930 2898 1099 2934 homines
1123 2901 1233 2944 sunt;
1263 2901 1452 2945 postremo
1465 2909 1539 2934 una
