1806 3132
545 217 601 252 m
628 216 919 252 mnam
947 218 1111 254 NOTAE
1490 212 1574 257 523

83 332 375 456 mm,
392 333 699 435 {3311220332‘313
708 335 978 444 hssss‘iss'sssstlo
1002 336 1575 440 θὲὲῗὲἕῗωξὲἓῗηῖῃὲἓίρὲῖ

83 448 271 492 duellum
300 447 456 490 mitum
485 449 595 491 esset
623 448 669 491 in
706 450 935 505 provincia,
971 451 1043 494 ubi
1086 451 1289 494 bonorum
1332 453 1573 497 confiscatio

82 506 223 549 locum
253 517 337 548 non
363 505 549 557 haberet,
578 506 820 550 transibant
852 508 999 550 statim
1038 508 1082 549 in
1117 508 1331 563 legitimos
1366 510 1572 554 haeredes.

84 562 214 605 Extat
242 561 456 614 Arestum,
490 574 564 605 seu
593 562 820 615 Placitum,
861 563 1041 608 Senatus
1069 565 1319 608 Parisiensis
1355 566 1489 609 latum
1528 568 1572 609 in

84 619 208 663 Festo
238 618 280 662 S.
310 618 488 662 Martini
517 618 570 662 A.
600 629 867 664 MCOLXXXI.
910 621 1110 664 adversus
1138 622 1366 677 Hugonem
1398 623 1450 665 cle
1479 623 1571 677 Tif-

79 676 231 732 fauyae
250 675 464 727 Valetum‚
494 676 583 720 sive
611 676 898 733 Armigerum‚
930 678 1003 732 qui
1027 679 1198 721 tertiam
1226 680 1388 733 partem
1409 680 1574 723 Bellae-

83 733 214 776 villae
239 732 320 776 sibi
348 731 488 775 deberi
518 734 811 784 contendebat,
843 735 892 777 ut
922 748 1030 790 quae
1059 736 1178 778 uxori
1209 748 1256 778 ex
1287 736 1483 779 Mauricii
1524 737 1575 780 de

83 790 258 834 Foresta
285 789 452 839 Militis,
483 790 638 845 patrui,
674 792 932 835 successione.
967 792 1215 843 obvenisset,
1254 807 1374 847 quem
1413 793 1575 837 dicebat

79 861 163 902 pro
191 850 358 890 mortuo
384 846 532 890 haberi
561 847 718 901 debere,
743 862 831 903 pro
862 862 908 892 eo
937 849 1050 902 quod
1078 849 1126 892 in
1158 849 1295 892 duello
1320 849 1435 902 facto
1463 851 1575 893 inter

82 905 243 948 dictum
258 903 527 947 Mam-icium
556 905 608 948 de
621 905 802 949 Foresta
832 920 885 948 etc
913 919 1002 948 una
1023 910 1166 959 parte,
1183 909 1222 948 et
1241 906 1507 950 Mauricium
1525 908 1576 950 de

86 961 351 1005 Castromuri
369 975 422 1004 ex
441 961 589 1014 altera,
611 963 659 1005 in
674 961 807 1006 Gum'a
822 962 1084 1005 V'wecomitis
1100 963 1382 1006 Thoarcmzsis
1397 963 1577 1007 Domini

68 1018 165 1072 sui,
194 1018 352 1061 dictum
379 1017 650 1062 Maur-icium
676 1019 728 1063 de
755 1019 937 1063 Foresta
964 1020 1118 1063 victum
1142 1020 1276 1073 fuisse
1304 1020 1478 1063 dicebat.

218 1073 499 1128 Καστοριάν]
533 1075 770 1120 Castoriam
800 1076 925 1131 paulo
955 1077 1054 1119 ante
1073 1077 1334 1132 expugnarat
1354 1077 1574 1129 Robertus‚
1588 1073 1618 1107 B
1659 1095 1661 1097 >

84 1131 210 1188 capto
250 1131 412 1175 scilicet
458 1131 706 1188 Dyrrachio,
749 1133 920 1188 eiusque
962 1133 1265 1188 praefecturam
1307 1134 1480 1177 Fortino
1524 1134 1575 1177 de

84 1190 255 1233 Bosana
284 1189 664 1241 commendaverat,
695 1190 760 1233 uti
790 1191 938 1234 narrat
967 1190 1197 1233 Malaterra
1228 1190 1302 1233 lib.
1322 1192 1362 1234 3.
1394 1203 1483 1246 cap.
1508 1192 1574 1234 29.

218 1243 514 1303 Πελαγονιάν]
577 1247 822 1303 Pelagonia,
873 1247 1144 1290 Macedoniae
1192 1247 1405 1302 oppidum,
1454 1245 1615 1291 LivioC

83 1303 246 1355 notum,
277 1302 514 1346 Castoriam
542 1304 655 1347 inter
690 1305 733 1347 et
765 1304 921 1347 Axium
953 1303 1143 1355 fluvium,
1174 1304 1223 1346 ut
1251 1304 1409 1347 habent
1437 1304 1575 1347 Tude-

82 1359 216 1403 bodus
245 1359 319 1404 lib.
342 1361 380 1403 1.
426 1360 468 1403 et
499 1359 817 1404 Cantacuzenus
859 1361 931 1404 lib.
954 1362 990 1404 1.
1023 1374 1112 1415 cap.
1135 1361 1203 1403 51.
1246 1360 1289 1403 in
1335 1361 1575 1415 patentibus

84 1416 243 1470 eampis
270 1417 520 1470 extructum,
551 1418 602 1460 ut
630 1419 694 1461 est
720 1418 832 1473 apud
862 1418 1059 1461 Nicetam
1088 1418 1133 1460 in
1149 1417 1264 1460 Man.
1294 1417 1366 1461 lib.
1388 1419 1428 1460 3.
1457 1418 1511 1461 N.
1537 1418 1573 1460 1.

91 1473 229 1517 Vallis
251 1472 513 1530 Pelayoniae
541 1475 736 1518 meminit
763 1475 1039 1531 Raymundus
1069 1474 1120 1517 de
1140 1474 1300 1530 Ayiles.
1346 1474 1453 1517 Vide
1477 1474 1577 1518 Cin-

83 1543 255 1574 namum
286 1530 360 1574 lib.
381 1532 422 1574 3.
454 1544 550 1586 pag.
567 1533 635 1575 73.
665 1531 719 1574 A.

224 1586 445 1643 Τρίκαλα]
495 1589 606 1632 Urbs
637 1589 692 1632 ad
722 1588 989 1644 Strymonem
1020 1589 1120 1632 fluv.
1174 1588 1349 1631 Tzetzae
1380 1587 1488 1631 Chil.
1510 1591 1617 1630 1X.C

84 1657 175 1699 cap.
196 1645 294 1688 280.
325 1643 617 1689 Cantacuzeno
645 1646 719 1689 lib.
742 1647 780 1688 2.
810 1658 899 1700 cap.
921 1646 988 1689 28.
1021 1645 1217 1690 Castrum
1247 1645 1298 1687 de
1325 1644 1369 1687 la
1403 1644 1575 1687 Tria-ala

85 1700 246 1745 Sanuto
275 1701 408 1756 Epist.
426 1704 467 1745 3.
495 1702 603 1746 Vide
632 1703 839 1746 Belonum
869 1702 943 1745 lib.
967 1703 1004 1745 1.
1037 1703 1180 1746 Obser.
1213 1714 1303 1756 cap.
1323 1701 1391 1743 55.

199 1757 475 1858 115'eaffyiov]
523 1761 591 1803 23.
635 1759 772 1815 April.
821 1759 1032 1815 Menolog.
1082 1758 1155 1802 Gr.
1208 1758 1341 1802 Godin
1391 1757 1442 1800 de
1492 1757 1614 1801 offic

85 1827 133 1858 ca
165 1849 175 1858 .
256 1849 266 1857 .
341 1849 351 1859 .
373 1819 414 1859 9.

136 1828 164 1870 p
225 1871 479 1928 Ίζίβισκον]
525 1873 723 1917 Meminit
768 1873 897 1917 etiam
941 1871 1194 1916 Guillelmus
1231 1871 1358 1926 Apul.
1394 1870 1620 1913 TzibisciD

86 1929 213 1984 capti,
245 1931 289 1973 et
317 1930 507 1974 obsessae
536 1930 793 1974 Laodicaeae
821 1930 896 1973 lib.
918 1931 958 1972 5.

286 1985 505 2031 E'coultans
532 1989 651 2042 capti
680 1987 959 2031 Boamundus
986 1986 1142 2029 honore
1171 1985 1337 2037 Civisci,

286 2042 459 2088 obsidet
487 2045 653 2100 insigni
682 2044 907 2088 Larissam
935 2044 1104 2086 nomine
1132 2042 1307 2092 claram,

287 2099 363 2144 Aa
391 2115 519 2157 quam
544 2101 706 2145 delatos
732 2101 950 2145 thesauros
978 2099 1239 2154 Imperiale&

290 2156 506 2213 Quamque
524 2158 675 2212 opibus
692 2159 863 2213 maym's
880 2157 1102 2201 audiverat
1120 2170 1205 2199 esse
1223 2154 1438 2210 repletam.
1515 2211 1524 2218 ·

231 2212 399 2257 Βούνου
418 2217 510 2257 τῶν
529 2213 753 2269 Κελλίων]
790 2214 935 2265 Gellia,
957 2227 1077 2256 mons
1097 2213 1287 2256 Larissae
1307 2212 1482 2263 vicinus,
1513 2211 1574 2253 lta
1588 2208 1806 2255 Pag.137.A

86 2270 226 2313 dictus
257 2284 283 2314 a
309 2271 449 2324 Cellis,
478 2285 550 2315 seu
580 2272 849 2316 Monasteriis
881 2270 1196 2320 Monachorum,
1227 2269 1378 2323 quibus
1407 2267 1575 2310 solenne

85 2328 179 2370 erat
216 2330 381 2372 montae
421 2329 463 2372 et
501 2329 664 2372 deserta
705 2328 870 2377 sectari,
906 2339 987 2382 quo
1024 2327 1158 2369 vitam
1200 2326 1253 2368 ab
1283 2324 1397 2367 omni
1428 2323 1575 2388 mundi

85 2384 266 2439 strepitu
296 2385 501 2429 seclusam
532 2386 719 2441 agerent,
755 2386 804 2427 ut
841 2384 948 2426 alter
978 2383 1161 2426 eiusdem
1192 2381 1485 2436 appellatioms
1512 2379 1576 2423 lo-

87 2453 161 2484 cus
181 2441 226 2483 in
245 2441 444 2498 Aegypto
479 2442 590 2497 apud
612 2442 887 2486 Sozomenum
920 2441 991 2482 lib.
1012 2441 1052 2482 6.
1074 2452 1163 2493 cap.
1194 2439 1261 2481 31.
1292 2436 1575 2501 ‘et-Nicephor.

88 2496 314 2541 Callistum
341 2499 414 2542 lib.
437 2500 503 2543 11.
525 2512 615 2553 cap.
636 2500 704 2541 38.
742 2498 808 2540 cui
845 2497 888 2538 id
925 2496 1095 2551 perinde
1124 2494 1306 2537 nominis
1334 2493 1519 2535 luditum
1542 2506 1575 2557 „a

87 2554 392 2598 Monachorum
422 2556 539 2599 cellis
566 2555 767 2602 tradunt;
811 2552 940 2594 κέλλα
966 2553 1075 2595 enim
1106 2552 1148 2594 et
1175 2549 1346 2592 κελλιόν
1375 2550 1424 2592 ut
1458 2549 1576 2592 Latl-

87 2611 166 2666 nis,
194 2611 259 2655 ita
285 2613 328 2655 et
358 2612 531 2655 Graecis
559 2612 728 2667 nuperis
758 2610 863 2653 cella
892 2611 954 2652 est
981 2610 1021 2652 et
1042 2607 1364 2672 Monasterium3
1385 2605 1575 2660 Epistola

88 2666 267 2711 Concilii
312 2668 596 2712 Sardicensi82
641 2663 878 2721 ΣΠακάριον
918 2663 1175 2721 ἐληλυθέναι
1212 2661 1277 2714 εἷς
1314 2678 1367 2705 το
1403 2661 1575 2704 zelum

85 2717 222 2766 αἰτοῦ
252 2724 600 2779 διεβεβαιοῦντο.
634 2725 811 2768 Ioannes
841 2723 957 2766 Patr.
989 2722 1152 2764 Hieros.
1183 2721 1229 2763 in
1259 2720 1349 2763 vita
1380 2719 1422 2763 S.
1456 2719 1572 2783 Ioan.

87 2781 360 2826 Damasceni:
391 2776 512 2839 ἀπῆν
540 2781 589 2824 δέ
618 2796 732 2823 ποτε
760 2781 839 2822 τοῦ
870 2777 1044 2821 κελλιόυ
1066 2774 1090 2820 ὁ
1110 2778 1191 2820 τοῦ
1219 2770 1419 2818 Ἰωάννου
1450 2771 1573 2832 ἡγου-

85 2852 231 2892 μενος.
260 2839 369 2884 Vide
397 2839 568 2883 Annam
598 2851 694 2894 pag.
716 2838 814 2881 489.
846 2836 959 2879 Hinc
989 2834 1219 2878 κελλιῶται
1240 2833 1344 2877 dicti
1364 2832 1572 2884 Monachi,
