1734 3120
200 256 282 299 362
709 267 875 302 ANNAE
904 267 1170 302 COMNENAE

198 382 447 440 παρρησίας
475 377 595 441 αὐτῷ
628 383 821 426 κατιδεῖν
864 379 915 425 τὸ
962 381 1184 441 φρικῶδες
1230 380 1372 425 ἐκεῖνο
1414 380 1567 437 θέαμα
1608 381 1687 437 τῆς

199 452 418 507 πυρκαϊᾶς
454 452 544 507 (καὶ
583 450 666 509 γάρ
709 451 755 495 ἐκ
801 451 969 494 πολλοῦ
1009 446 1304 508 διαστήματος
1343 446 1566 510 ᾐσθάνετο
1605 451 1684 492 τοῦ

197 517 342 576 πυρὸς
370 521 442 564 καὶ
473 520 766 577 ἐπαιρομένην
793 519 870 577 τὴν
900 515 1044 577 φλόγα
1074 515 1280 574 ἑώρακαὶ
1309 519 1565 574 βροντῶσαν
1586 511 1686 561 οἷον

159 589 186 627 C
199 588 272 632 καὶ
300 583 573 641 ἇποσπάδας
593 583 804 647 οἷφιεῖσαν
821 584 964 643 πυρὸς
994 585 1057 639 εἷς
1077 582 1196 642 ὕψος
1216 585 1591 642 μετεωριζομένας
1608 587 1686 644 τῆς

197 656 334 711 μέσον
363 658 442 701 τοῦ
474 654 663 700 ἱππικοῦ
701 653 931 714 ἱσταμένης
965 655 1214 712 πυραμίδος
1244 655 1447 712 λιθίνης),
1491 653 1721 697 ἐνταῦθαὸ

198 722 222 769 ὅ
255 723 429 781 θρασὺς
457 726 624 778 ἐκεῖνος
654 720 915 769 ἀποδειλιᾶν
944 721 1061 779 πρὸς
1088 720 1141 767 τὸ
1168 726 1259 780 πῦρ
1289 723 1361 767 καὶ
1381 725 1686 779 θορυβεῖσθαι

197 791 355 839 ἐδόκει.
418 793 607 854 ἔστρεφε
639 793 717 852 γὰρ
747 792 825 847 τὰς
867 787 1000 847 ὄψεις
1040 790 1255 845 πολλάκις
1291 793 1365 836 καὶ
1401 789 1574 847 Ιἐκρότει
1608 788 1686 843 τὰς

195 865 344 919 χεῖρας
373 863 446 907 καὶ
476 860 699 907 ἑπάτασσε
731 860 810 906 τὸν
840 859 982 919 μηρὸν
1026 855 1256 914 οἷοντοῒς
1285 857 1409 913 ὅλοις
1439 855 1684 916 ἐξαπορού-

192 947 336 987 μενος.
386 929 510 988 ὅμως
539 932 611 975 καὶ
643 929 784 983 οὕτως
820 929 933 985 ἔχων
963 930 1036 973 καὶ
1064 924 1156 973 dmi
1187 927 1325 987 μόνης
1368 930 1447 989 τῆς
1477 928 1589 980 θέας
1618 924 1681 979 ὥς

194 993 484 1056 ἀδαμάντινος
513 992 577 1059 ἦν.
636 993 743 1044 οὔτε
773 996 852 1056 γὰρ
882 996 933 1042 τι)
966 1001 1056 1054 πῦρ
1087 994 1359 1053 κατεμάλαξε
1395 995 1473 1056 τὴν
1503 997 1686 1054 σιδηρᾶν
1701 1000 1734 1034 1(

195 1063 330 1113 αὐτοῦ
373 1066 523 1126 ψυχήν
569 1062 670 1113 οὔτε
712 1066 757 1111 αὶ
797 1070 876 1112 τοῦ
915 1061 1243 1123 αὐτοκράτορος
1280 1063 1397 1122 πρὸς
1426 1061 1562 1109 αὐτὸν
1591 1065 1685 1108 δια-

196 1134 430 1193 πόμπιμοι
451 1135 728 1196 διαμηνόσεις
748 1139 1028 1194 κατέθελξαν,
1058 1135 1150 1182 ἀλλ’
1182 1135 1272 1182 εἴτε
1293 1134 1485 1183 ἀπόνοια
1503 1136 1684 1194 μεγίστη

151 1205 355 1250 Βτοῦτον
384 1206 620 1264 κατείληφε
652 1204 725 1250 διὰ
757 1204 837 1266 τὴν
867 1209 1162 1263 παρεστῶσαν
1190 1201 1377 1264 ἀνάγκην
1408 1205 1482 1249 καὶ
1510 1219 1686 1263 συμφο-

196 1270 276 1329 ρὰν
304 1274 377 1317 καὶ
406 1269 591 1330 ἀπόρως
621 1272 763 1328 οὕτως
788 1270 878 1330 εἶχε
908 1281 986 1334 τῆς
1016 1272 1190 1333 γνώμης
1217 1275 1290 1318 καὶ
1319 1271 1537 1330 διάκρισιν
1557 1267 1686 1317 οὕδο-

195 1345 379 1386 πωσοῦν
418 1340 635 1399 ἐλάμβανε
672 1347 752 1388 τοῦ
795 1344 1112 1403 συμφέροντος,
1154 1340 1244 1388 εἴτε
1285 1343 1358 1387 καὶ
1394 1343 1419 1387 ὖ
1458 1343 1686 1397 κατασχών
1701 1351 1734 1386 1²5

193 1408 276 1468 τήν
306 1407 452 1470 ψυχήν
481 1407 615 1456 αὐτοῦ
647 1409 866 1468 διάβολος,
905 1409 1019 1469 ὅπερ
1050 1412 1123 1455 καὶ
1157 1413 1326 1468 μᾶλλον
1355 1412 1490 1465 δοκεῖ,
1524 1407 1686 1462 σκότος

194 1472 329 1523 advo&
358 1478 615 1535 βαθύτατον
644 1481 971 1534 κατεσκέδασεν,
1013 1476 1206 1540 εἱστήκει
1236 1477 1352 1536 πρὸς
1380 1481 1528 1523 πᾶσαν
1557 1472 1687 1522 ἀπει-

41 1547 83 1584 V·
107 1549 178 1584 390
194 1545 272 1605 λὴν
295 1548 366 1591 καὶ
398 1544 513 1604 πρδς
544 1547 688 1593 πάντα
721 1548 867 1609 φόβον
887 1545 1119 1607 ἀμηχανῶν
1139 1547 1163 1594 ὁ
1186 1546 1494 1600 κατάπτυστος
1521 1546 1687 1597 ἐκεῖνος

196 1615 430 1668 Βασίλειος
455 1617 527 1660 καὶ
557 1620 636 1661 νῦν
665 1617 744 1673 μὲν
774 1615 892 1674 πρὸς
933 1615 1012 1677 τὴν
1041 1614 1266 1674 πυρκαϊάν
1298 1613 1499 1677 ἐκεχήνει,
1533 1615 1608 1658 νῦν
1637 1612 1686 1656 δὲ

43 1686 83 1723 Ρ.
110 1688 181 1723 494
194 1680 311 1739 πρὸς
339 1681 444 1737 τους
471 1689 774 1741 παρεστῶτας.
829 1687 901 1730 καὶ
932 1689 1068 1731 πᾶσιν
1098 1683 1159 1739 ιῦς
1178 1680 1362 1744 άληθῶς
1391 1683 1734 1743 κατεφαίνετο2(

193 1749 397 1810 μεμηνώς
427 1754 500 1797 καὶ
527 1751 638 1814 μήτε
659 1752 775 1811 πρὸς
793 1753 872 1815 τὴν
892 1752 1112 1812 πυρκαϊὰν
1134 1755 1344 1814 ἐφορμῶν
1362 1753 1461 1811 μητ’
1486 1747 1684 1797 ὀπισθό-

325 1880 360 1916 4.
387 1883 700 1929 μετεωριζομένης
726 1882 794 1927 ΟΡ,
819 1882 977 1919 correxi.
1134 1883 1168 1917 8.
1193 1885 1269 1920 τοῖς
1294 1878 1406 1927 ὅλοις]
1432 1880 1495 1914 w).
1520 1879 1559 1922 G,
1585 1890 1683 1915 corr.

327 1940 374 1963 m.
402 1931 434 1964 2.
557 1931 860 1978 ἐξαπορουμένην
885 1931 922 1974 C,
947 1942 1044 1967 corr.
1071 1943 1118 1967 m.
1148 1931 1181 1965 2.
1352 1930 1385 1965 9.
1411 1930 1473 1963 καὶ
1499 1924 1602 1974 ὅμως
1627 1927 1683 1973 0¹,

328 1973 431 2034 ὅμως
455 1980 516 2012 καὶ
533 1978 588 2014 0².
712 1980 767 2015 11.
794 1982 833 2014 αἱ
858 1980 921 2015 τοῦ
945 1992 991 2016 ex
1011 1976 1122 2015 αὐτοῦ
1137 1978 1172 2014 C.
1298 1979 1353 2013 14.
1384 1973 1629 2012 οὗδοπωσοῦν
1644 1975 1683 2019 C,

328 2026 571 2064 ουδεπωσοῦν
595 2027 635 2063 Ρ.
782 2051 784 2053 ·
808 2030 862 2064 19.
891 2023 1072 2076 ἕκεχήνει]
1101 2041 1122 2072 η
1147 2027 1187 2063 in
1215 2038 1287 2063 ras.
1314 2038 1362 2062 m.
1391 2027 1413 2061 2
1441 2025 1478 2062 C.
1625 2024 1683 2060 21.

325 2072 516 2122 μεμηνὼς]
547 2088 570 2112 ν
593 2076 678 2112 add.
704 2089 751 2112 m.
778 2077 801 2111 2
827 2076 864 2113 C.

194 2207 275 2231 eum
301 2195 457 2232 liberius
480 2197 574 2233 illud
597 2198 792 2234 horridum
819 2199 905 2245 rogi
923 2197 1175 2244 spectaculum
1200 2195 1343 2232 intueri
1367 2205 1475 2241 passa
1492 2196 1559 2239 est,
1585 2192 1684 2239 (nam

193 2256 213 2279 e
236 2243 442 2290 longinquo
470 2246 583 2281 sensit
616 2247 740 2293 ignem
779 2250 1067 2293 surgentemque
1103 2245 1291 2281 flammam
1330 2242 1525 2288 conspexit
1561 2241 1685 2276 fulmi-

192 2295 344 2328 nantem
374 2294 480 2338 quasi
506 2297 543 2330 et
580 2295 759 2331 scintillas
798 2295 971 2331 ardentes
1010 2295 1222 2330 vibrantem
1248 2294 1288 2329 in
1314 2303 1496 2328 summam
1522 2290 1685 2336 pyrami·

193 2341 277 2376 dem
313 2341 509 2386 lapideam,
548 2355 642 2388 quae
679 2344 719 2379 in
755 2344 877 2380 medio
917 2346 992 2379 stat
1017 2342 1282 2389 hippodromo)
1317 2346 1399 2376 tum
1439 2350 1524 2374 sane
1563 2338 1685 2374 audax

193 2390 263 2424 iste
300 2390 386 2435 igne
425 2392 652 2427 conterritus
685 2396 722 2427 et
756 2392 1001 2439 perturbatus
1041 2392 1080 2427 in
1105 2393 1264 2437 speeiem
1303 2389 1412 2435 plane
1451 2387 1685 2433 desperantis

193 2437 319 2473 oculos
343 2450 451 2484 saepe
479 2443 659 2485 avertere,
685 2441 922 2487 complodere
951 2451 1094 2485 manus,
1121 2439 1264 2475 femora
1289 2437 1467 2473 tundere:
1507 2438 1686 2480 attamen,

193 2486 361 2531 quamvis
388 2487 465 2522 solo
490 2487 725 2524 flammarum
745 2489 925 2535 adspectu
951 2491 1006 2524 ita
1029 2491 1124 2524 esset
1140 2487 1304 2532 affectus,
1332 2485 1541 2521 adamantis
1565 2485 1685 2519 instar

194 2538 272 2569 crat
297 2535 484 2580 immotus,
510 2549 593 2572 cum
619 2549 740 2583 neque
765 2538 916 2573 flamma
945 2537 1109 2573 molliret
1135 2536 1297 2572 ferreum
1324 2534 1404 2570 eius
1431 2533 1598 2568 animum
1616 2543 1684 2568 nec

192 2584 324 2618 missae
350 2583 396 2618 ab
420 2584 648 2629 imperatore
674 2586 950 2622 admonitiones
967 2597 1115 2622 movere
1131 2597 1217 2621 eum
1244 2586 1416 2630 possent:
1443 2581 1520 2616 sive
1537 2592 1682 2616 summa

192 2642 273 2665 eum
308 2632 453 2667 insania
491 2634 675 2679 corripuit
713 2635 932 2671 imminente
973 2634 1057 2670 dira
1094 2633 1315 2670 necessitate
1364 2630 1597 2675 interituque
1641 2639 1684 2664 ac

193 2679 394 2714 destitutus
420 2681 577 2723 ratione,
605 2683 695 2728 quid
721 2683 794 2729 ipsi
831 2683 942 2719 saluti
968 2686 1074 2728 esset,
1112 2694 1187 2717 non
1212 2681 1414 2724 intellexit,
1452 2678 1540 2723 sive,
1583 2677 1684 2724 quod

192 2727 432 2763 verisimilius
456 2730 617 2775 videtur,
642 2731 812 2767 diabolus
837 2731 952 2767 menti
979 2732 1058 2767 eius
1083 2730 1320 2767 densissimas
1343 2727 1518 2763 tenebras
1536 2725 1682 2761 offudit.

193 2787 237 2810 ac
262 2776 434 2811 constitit
472 2778 519 2812 ad
543 2779 662 2814 minas
702 2783 917 2826 metumque
957 2791 1104 2815 omnem
1143 2779 1305 2815 invictus
1342 2774 1577 2812 detestabilis
1612 2775 1683 2810 iste

195 2823 351 2858 Basilius
376 2837 475 2861 nunc
501 2827 649 2872 quidem
685 2828 723 2863 in
748 2840 882 2874 rogum
919 2828 1079 2873 inhians,
1121 2838 1220 2863 nunc
1247 2828 1286 2862 in
1313 2836 1385 2870 eos,
1423 2823 1490 2870 qui
1515 2822 1682 2858 aderant.

195 2871 439 2918 omnibusque
463 2885 591 2910 revera
617 2876 816 2911 videbatur
848 2877 1023 2922 insanire,
1046 2876 1107 2912 cui
1132 2887 1252 2922 neque
1277 2874 1325 2911 ad
1351 2871 1599 2909 accedendum
1624 2882 1683 2906 ro-

195 2931 285 2966 gum
310 2931 429 2968 neque
455 2922 501 2958 ad
527 2924 838 2962 retrocedendum
864 2925 1009 2964 animus
1034 2927 1140 2973 esset,
1158 2924 1224 2962 sed
1247 2922 1395 2974 torpuit
1419 2923 1458 2960 et
1481 2919 1683 2959 immobilis
1712 2926 1731 2935 ·’
