1806 3132
289 206 372 250 616
807 214 986 251 ennom
1015 215 1254 251 DUOANGII

287 330 400 386 apud
446 330 582 386 Caput
611 330 768 375 Arietis
800 329 1164 387 (Castclrtaudari)
1209 331 1347 375 castra
1391 332 1632 389 obtinuisse,
1676 345 1764 377 mox

287 388 450 443 direpto
468 388 674 432 Tolosano
706 401 815 444 pago
836 388 1038 431 invasisse
1063 387 1288 444 Uyernuwz,
1306 387 1551 433 Arelatense
1572 391 1764 442 castrum,

287 457 433 500 resque
463 445 632 488 cunctas
664 445 897 500 diripuisse,
929 445 1069 499 sicque
1097 457 1184 488 sese
1208 445 1320 488 infra
1343 446 1458 489 urbis
1477 446 1767 491 Nemausensis

286 501 506 545 inclusisse
533 514 687 545 muros.
745 500 947 557 Gregorio
993 501 1178 544 concinit
1219 502 1396 546 Ioannes
1423 502 1688 553 Biclariensis
1722 503 1766 545 in

289 557 439 602 Chron.
482 558 556 601 ubi
598 558 691 613 agit
731 558 782 601 de
825 557 968 601 eadem
999 558 1202 601 Recaredi
1242 558 1287 601 in
1327 558 1489 603 Gallias
1526 560 1765 615 irruptione,

287 614 469 658 scribens
500 615 698 668 castrum,
730 614 841 670 quod
869 613 1035 670 Ugerno
1064 615 1253 668 vocatur,
1285 615 1546 660 tutissimum
1577 616 1695 661 valde
1722 616 1767 658 in

286 671 379 727 ripa
407 671 603 715 Rhodani
630 670 815 714 fluminis
851 671 1018 726 cepisse.
1091 671 1206 725 Quae
1250 672 1418 727 quidem
1449 672 1510 717 Or
1539 674 1611 717 oui
1652 673 1767 716 nullo

286 728 409 771 modo
439 729 612 783 possunt
643 728 874 780 convenire,
906 728 970 771 uti
999 728 1204 784 Papyrius
1233 728 1465 782 Massonus„
1531 730 1679 774 atellus
1727 729 1769 772 et

287 785 373 838 alii,
406 786 477 840 qui
493 785 711 841 Ugernum
744 797 839 828 cum
858 784 1076 840 Ernagino
1103 798 1316 840 perperam
1337 786 1610 839 confundunt,
1639 786 1770 829 inter-

286 842 518 897 pretantur.
563 842 826 897 Ernaginum
854 841 1006 897 quippe
1035 841 1088 885 ad
1108 842 1359 886 Druentiam
1380 842 1554 886 fluvium
1576 843 1771 887 statuunt

286 899 527 941 Antoninus
547 898 590 940 in
606 898 750 941 Itiner.
768 899 808 941 et
828 899 948 942 vetus
968 899 1070 942 haec
1089 899 1336 954 Inscriptio:
1366 899 1612 944 PATRONO.
1643 900 1770 944 NAV-

287 965 466 999 TARVM.
504 955 907 1000 DRVENTICORVM.
931 966 1007 998 ET.
1029 956 1482 1001 VTRIOVLARIORVM.
1516 956 1656 1000 CORP.
1684 957 1770 1000 ER-

286 1021 637 1056 NAGINENSIVM.
689 1012 805 1055 Belle
835 1025 931 1055 vero
962 1011 1213 1055 describitur
1243 1012 1405 1069 Orgoni
1436 1013 1542 1057 situs
1568 1014 1612 1056 in
1641 1013 1771 1056 Itine-

285 1068 395 1112 rario
426 1068 619 1124 Gregorii
641 1068 715 1112 XI.
745 1069 830 1112 ΡΡ.

313 1141 368 1184 In
385 1140 551 1197 Oryoue
566 1145 682 1185 terra
697 1141 921 1185 abundans
939 1142 1165 1196 lapidibu3‚
1184 1143 1252 1186 die
1266 1144 1392 1187 tertia
1407 1142 1562 1186 Petrus
1576 1143 1742 1196 iacitur,

314 1197 399 1242 Sed
426 1199 474 1241 tu
504 1198 626 1242 humo
647 1202 800 1252 petrea
827 1199 1081 1254 spinosaque
1116 1213 1301 1255 ¹qrauum
1328 1201 1456 1244 inane
1484 1201 1650 1252 seritur,

313 1254 450 1298 Arcta
480 1259 541 1298 est
568 1256 649 1308 via,
680 1269 731 1298 ex
760 1269 846 1298 uno
870 1255 1000 1299 latere
1031 1256 1152 1300 alveo
1188 1256 1426 1301 Druentiae
1455 1257 1680 1308 clauditur,

314 1311 386 1355 Ex
404 1312 540 1355 altera
553 1312 654 1366 ripa
671 1326 802 1355 saxea
817 1313 996 1356 macerie
1010 1313 1338 1369 iuexpuyuabilt
1358 1313 1479 1357 modo
1491 1314 1745 1369 proteqitur.

288 1385 519 1428 Praedictis
549 1385 656 1429 addo
685 1386 872 1429 locorum
902 1386 1151 1436 intervalla3
1199 1400 1297 1430 nam
1334 1387 1618 1443 Aegidianum
1657 1386 1774 1441 oppi-

288 1442 388 1484 dum
416 1442 551 1485 tribus
581 1443 796 1486 Francicis
826 1443 1078 1487 milliaribus
1119 1444 1171 1487 ab
1197 1443 1370 1487 Arelate
1399 1444 1543 1496 distat,
1573 1457 1679 1499 quae
1707 1456 1775 1486 sex

288 1498 540 1542 milliaribus
570 1499 911 1554 Peutingerianis
945 1500 1210 1553 conveniunt,
1255 1501 1486 1544 numeratis
1529 1500 1574 1543 in
1607 1499 1775 1556 singula

288 1555 462 1608 duobuS‚
488 1582 491 1585 ·
515 1556 589 1598 aut
632 1556 827 1611 amplius,
877 1556 1079 1600 Romanis
1127 1557 1392 1600 milliaribus.
1462 1557 1622 1600 Deinde
1666 1557 1775 1599 sicut

288 1612 503 1667 Ugernum
535 1612 579 1654 in
609 1612 804 1656 Rhodani
834 1612 924 1668 ripa
957 1613 1187 1657 collocatur
1218 1627 1242 1657 a
1268 1613 1562 1669 Scriptoribus,
1593 1613 1655 1656 ita
1676 1626 1774 1656 con-

287 1669 374 1711 stat
404 1668 687 1723 Aegidianam
716 1669 860 1713 urbem
892 1670 1006 1713 haud
1036 1671 1182 1725 procul
1209 1671 1262 1713 ab
1292 1671 1561 1725 Hispaniensi
1581 1669 1775 1713 Rhodani

286 1725 416 1777 alveo,
448 1737 519 1768 seu
548 1726 687 1780 potius
717 1727 837 1778 ostio,
861 1726 972 1781 quod
1002 1727 1127 1771 hodie
1154 1727 1197 1770 ta
1217 1727 1380 1770 Robiue
1406 1727 1574 1771 Incolae
1605 1727 1772 1779 vocant,

287 1782 456 1825 distare.
519 1781 613 1825 Scio
643 1782 767 1825 aliter
801 1783 934 1826 videri
964 1783 1014 1826 de
1045 1785 1214 1839 Ugerno
1245 1784 1335 1827 viro
1365 1784 1488 1828 docto
1521 1785 1562 1827 et
1592 1784 1637 1826 in
1669 1783 1775 1827 Geo-

286 1838 498 1894 graphicis
527 1839 792 1893 peritissimo,
824 1840 896 1894 qui
933 1840 1241 1893 Bellocadrum‚
1273 1853 1345 1884 seu
1363 1841 1613 1893 Beoeucaire,
1644 1840 1775 1883 inter-

286 1896 489 1950 pretatur.
561 1895 757 1940 Meminit
804 1895 990 1939 Oatellus
1019 1898 1093 1940 lib.
1114 1898 1153 1940 4.
1194 1897 1350 1941 Rerum
1391 1898 1523 1942 Occit.
1560 1910 1656 1953 pag.
1676 1898 1771 1939 580.

287 1952 414 1995 castri
447 1951 590 2007 Uyeru
619 1952 722 1995 dicti
750 1953 796 1995 in
826 1951 1099 2008 Septimania,
1140 1954 1211 1997 sed
1249 1967 1303 1997 an
1346 1954 1399 1998 ad
1438 1954 1652 2010 Uyernum
1682 1966 1775 2009 per-

286 2008 432 2061 tineat,
463 2021 546 2052 non
577 2010 732 2052 temere
759 2009 923 2053 definio.

248 2084 275 2120 C
426 2077 513 2135 Τῆς
560 2077 705 2136 ψυχῆς
746 2074 987 2131 ὖπανοίξας
1027 2074 1195 2134 πύλας]
1255 2078 1461 2122 Comitem
1512 2078 1554 2123 S.
1591 2078 1775 2133 'Aegidii

286 2133 453 2188 propter
496 2134 684 2189 egregias
731 2134 863 2177 animi
905 2135 1022 2178 dotes
1066 2136 1227 2179 cultum
1268 2135 1495 2190 impensius
1545 2136 1598 2179 ab
1628 2134 1774 2178 Alexio

285 2190 496 2233 testantur
535 2191 698 2245 praeter
727 2190 897 2234 Annam
926 2192 1127 2235 Albertus
1157 2192 1243 2248 Aq.
1272 2192 1345 2235 lib.
1368 2193 1406 2236 2.
1438 2205 1527 2247 cap.
1548 2194 1615 2235 20.
1645 2192 1716 2235 lib.
1734 2193 1774 2235 8.

287 2259 376 2301 cap.
398 2247 438 2289 5.
468 2247 509 2289 et
531 2247 568 2290 7.
609 2247 857 2291 Tudebodus
895 2248 967 2292 lib.
996 2249 1034 2291 5.
1075 2249 1116 2292 et
1159 2248 1383 2292 Ordericus
1413 2249 1570 2292 Vitalis
1609 2248 1681 2291 lib.
1710 2249 1773 2291 10.

287 2315 382 2357 pag.
407 2303 500 2346 779.
559 2303 627 2346 Ab
654 2317 699 2347 eo
729 2304 872 2347 tamen
902 2318 1165 2360 nequaquam
1195 2306 1353 2349 adduci
1384 2306 1537 2361 potuit,
1575 2305 1624 2347 ut
1664 2305 1775 2359 quod

288 2359 426 2402 verbis
456 2360 666 2414 conceptis
686 2360 833 2404 Alexio
866 2362 1165 2416 praestiterant
1192 2362 1425 2405 hominium
1441 2362 1582 2418 Hug0‚
1614 2360 1774 2405 Gotho-

290 2416 429 2458 fredus
460 2417 693 2472 caeterique
717 2417 974 2461 Francorum
1008 2418 1218 2469 Proceres,
1245 2419 1333 2474 ipse
1362 2418 1533 2474 perinde
1562 2417 1774 2472 profitere-

291 2473 374 2524 tur,
401 2470 626 2516 Contentus
644 2474 809 2517 turasse
827 2474 980 2518 Alexio
1009 2476 1140 2518 vitam
1168 2479 1206 2519 et
1232 2476 1428 2519 honorem
1467 2475 1578 2530 quod
1597 2488 1671 2518 uec
1697 2488 1774 2528 per

291 2542 345 2581 se,
372 2542 444 2573 uec
471 2543 550 2584 per
578 2530 711 2574 alium
742 2531 937 2585 auferret,
970 2532 1033 2574 uti
1062 2532 1217 2575 habent
1244 2532 1518 2587 Raymundus
1549 2531 1599 2574 de
1628 2531 1774 2586 Agiles

293 2598 387 2640 pag.
420 2586 512 2630 141.
559 2587 764 2631 Robertus
805 2589 998 2631 Monach.
1040 2588 1113 2632 lib.
1147 2590 1184 2632 2.
1226 2589 1462 2643 Baldricus,
1507 2587 1771 2640 Tudebodus,

295 2641 495 2685 Willelm.
529 2642 728 2687 Gemetic.
761 2645 837 2688 etc.

50 2717 280 2766 Pag.306.A
424 2704 603 2754 Ἐὁεὸίει
632 2709 737 2768 γάρ]
769 2713 1030 2758 Sollicitatus
1051 2727 1076 2758 a
1093 2714 1330 2758 Raimundo
1348 2714 1403 2757 'et
1430 2713 1526 2756 aliis
1541 2712 1774 2756 Comitibus

292 2767 536 2821 Imperator,
569 2770 616 2811 ut
646 2782 730 2813 una
761 2783 856 2813 cum
877 2771 1050 2814 Francis
1080 2771 1124 2813 in
1154 2783 1316 2814 sacram
1333 2770 1648 2826 Expeditionem
1677 2781 1773 2824 pro-

293 2822 555 2877 ficisceretur,
600 2824 710 2869 sicut
756 2828 1017 2881 convenerat,
1063 2828 1142 2871 hac
1186 2841 1227 2871 se
1256 2827 1360 2870 texit
1403 2826 1687 2871 excusatione:
1731 2839 1775 2869 se
