1780 3138
539 250 806 286 ALEXIADIS
836 251 933 286 Lm.
962 252 1028 287 xl.
1062 250 1099 288 5.
1516 247 1572 290 93

73 367 266 416 οἷνέθετο
323 365 634 425 ὑποσχόμενος
677 364 750 421 ιῦς,
792 365 832 412 εἶ
872 368 1019 420 καλῶς
1056 362 1337 426 α’γωνίσοιτο,
1381 369 1574 430 ὁπηνίκα

71 440 152 499 τὴν
180 438 382 498 Σμύρνην
409 438 601 496 συμβαίη
631 434 808 490 ἁλῶναι,
842 435 1034 496 ἡγεμόνα
1059 441 1221 482 τοῦτον
1248 435 1384 500 αὐτῆς
1413 458 1461 485 τε
1492 444 1572 500 τῆς

73 506 279 568 Σμύρνης
306 508 380 552 καὶ
407 510 499 551 τῶν
527 504 814 563 ὁμορούντων
833 504 1015 550 πάντων
1042 502 1152 568 αἰτῇ
1181 511 1462 567 καταστῆσαι.
1504 510 1571 554 ἐκ·

73 581 247 637 πέμπει
275 579 424 624 τοίνυν
451 574 588 622 αὗτόν
622 574 886 622 διαπόντιον
915 574 1320 633 θαλασσοκράτορα
1359 580 1439 622 τοῦ
1469 575 1570 622 στό-

38 649 166 701 5λου,
200 645 264 701 ῶς
287 644 481 705 εἴρηται·
516 645 684 690 ἐκεῖνον
720 645 769 690 δὲ
804 642 1115 703 ταγματάρχην
1157 640 1274 700 εἶχεν
1308 643 1335 705 ἡ
1372 640 1570 706 ἤπειρος.

73 714 165 773 ἅμα
193 716 343 761 τοίνυν
369 712 450 759 τόν
477 732 526 760 τε
551 710 774 759 Κάσπακα
794 715 869 759 διὰ
901 717 987 758 ‘cos
1018 712 1184 759 στόλου
1220 715 1292 758 καὶ
1326 712 1406 759 τὸν
1431 715 1569 759 δοῦκα

3 776 20 788 ⁴
72 780 273 844 Ἰωάννην
300 782 373 830 διὰ
402 787 483 843 τῆς
511 779 700 843 ἠπείρου
722 780 764 828 οἱ
786 783 911 836 ἐντὸς
939 785 993 844 τῇ
1011 782 1187 843 Σμύρνῃ
1206 777 1345 843 ἄμφω
1364 801 1571 841 προσπε-

72 851 289 906 λάσαντας
331 850 606 909 θεασάμενοι
637 853 711 896 καὶ
750 850 831 896 τὸν
868 853 950 909 μὲν
980 850 1156 897 Aoi-nav
1195 849 1329 910 ἀγχοῦ
1364 856 1454 897 τῶν
1483 870 1569 897 τει-

72 926 163 978 χῶν
193 922 241 967 ἕκ
268 918 566 982 διαστήματός
597 938 716 974 τινος
743 919 822 966 τὸν
850 919 1018 978 χάρακα
1049 918 1315 980 πηξάμενον,
1338 919 1417 965 τὸν
1442 923 1492 966 δέ
1523 939 1570 980 γε

14 996 62 1031 10
75 989 301 1037 Κάσπακα
325 993 390 1050 τῷ
421 990 561 1047 λιμένι
590 991 955 1047 προσοκείλαντα,
989 991 1091 1035 ἐπεὶ
1122 993 1194 1035 καὶ
1225 989 1250 1046 ἡ
1279 994 1359 1051 τῆς
1382 992 1617 1045 ΝικαίαςΙ)

72 1058 238 1114 ἅλωσις
265 1054 347 1121 ἤδη
381 1057 587 1117 ἐγνώσθη
612 1053 779 1112 αὐτοῖς,
806 1059 897 1103 οὐδ’
929 1057 1046 1113 ὅλως
1073 1054 1439 1117 ἄντι-καταστῆναι
1469 1058 1572 1104 τού-

71 1146 169 1182 τοις
197 1122 434 1187 ἧθέλησαν,
466 1122 559 1171 ἄλλ’
591 1125 657 1180 εἷς
685 1127 844 1185 λόγους
862 1130 936 1172 καὶ
956 1128 1157 1182 σπονδὰς
1177 1126 1396 1187 εἰρηνικὰς
1417 1129 1571 1173 ἐλθεῖν

72 1196 332 1259 ᾑρετίσαντο
371 1193 686 1252 ὑποσχόμενοι,
719 1192 850 1252 εἴπερ
892 1191 1174 1253 ὀμωμοκέναι
1205 1193 1360 1250 αὐτοῖς
1397 1194 1421 1242 ὃ
1451 1194 1567 1242 Λού-

72 1283 152 1319 κας
178 1262 381 1324 Ἰωάννης
412 1262 616 1324 θηλήσει,
659 1261 774 1310 ὥστε
820 1269 1141 1324 παραχωρῆσαι
1180 1262 1384 1320 ἀπαθεῖς
1424 1269 1572 1311 κακῶν

0 1333 193 1392 ’15πρὸς
233 1333 290 1378 τὰ
333 1331 450 1379 οἷ’κοι
494 1330 681 1387 τούτους
724 1334 1025 1391 ἕπαναζεῦξαι,
1074 1331 1292 1392 ἀναιμωτὶ
1328 1337 1402 1380 καὶ
1431 1334 1572 1394 μάχης

72 1397 178 1460 ι’ίτερ
218 1401 299 1462 τὴν
334 1399 536 1460 Σμύρνην
572 1397 698 1461 αὐτῷ
729 1404 1023 1459 παραδοῦναι.
1077 1405 1334 1450 συντίθεται
1364 1405 1514 1449 τοίνυν
1544 1402 1569 1447 ὁ

73 1469 249 1526 Δούκας
283 1474 519 1530 τηνικαῦτα
555 1474 610 1532 τῇ
644 1475 731 1516 τοῦ
776 1473 923 1528 Τζαχᾶ
963 1470 1115 1533 γνώμῃ
1157 1472 1212 1517 τὰ
1255 1474 1367 1518 κατὰ
1397 1474 1587 1519 σκοπὸν·

72 1538 247 1585 ἅπαντα
278 1541 512 1599 πληρῶσαι
543 1537 865 1597 ὑποσχόμενος.
927 1543 1023 1598 μετ’
1062 1541 1239 1602 εἰρήνης
1279 1535 1362 1588 οὖν
1393 1544 1573 1588 ἐκεῖθεν

71 1604 234 1663 αὐτοὺς
252 1603 485 1662 ἀπελάσας
503 1611 568 1667 τῷ
585 1606 798 1654 Κάσπακι
831 1607 911 1668 τὴν
939 1613 1089 1655 πᾶσαν
1110 1611 1312 1667 ἐξουσίαν
1338 1615 1417 1670 τῆς
1429 1609 1570 1668 Σμὺρ·
1583 1617 1623 1653 Ρ.
1650 1619 1721 1654 323

0 1686 62 1723 220
73 1696 152 1737 νης
170 1674 376 1723 ἀνέθετο.
414 1678 578 1735 γίνεται
598 1678 647 1722 δέ
665 1694 708 1722 τι
728 1676 840 1721 κατὰ
858 1679 1091 1734 συντυχίαν
1108 1683 1326 1727 τοιοῦτον.
1354 1683 1434 1725 τοῦ
1453 1678 1573 1725 Κάσ-

72 1765 219 1801 πακος
246 1742 340 1792 ἀπὸ
370 1749 452 1791 τοῦ
482 1743 632 1791 Δοὺκα
658 1742 859 1791 Ἰωάννου
892 1745 1273 1809 ὑποστρέφοντος,
1307 1751 1570 1810 προσῆλθεν

72 1816 192 1875 αὐτῷ
221 1812 474 1873 Σμυρναῖός
499 1831 568 1868 τις
586 1816 827 1872 διεγκαλῶν
845 1810 1151 1876 ἀφαιρεθῆναι
1182 1819 1307 1875 παρά
1334 1836 1414 1862 του
1434 1823 1573 1876 Σαρα-

209 1932 245 1967 2.
271 1929 339 1976 τὴν
359 1926 543 1978 Σμύρνην
569 1934 733 1979 συμβαίη
758 1932 799 1977 F,
827 1936 991 1979 συμβαίη
1016 1930 1083 1977 τὴν
1105 1929 1287 1980 Σμύρνην
1308 1933 1351 1970 P.
1472 1934 1495 1968 9
1520 1946 1574 1980 sq.

208 1978 276 2016 τὸν
299 1977 421 2028 ἀγχοῦ
444 1980 520 2015 τῶν
542 1981 677 2027 τειχῶν
694 1981 736 2015 ἐκ
754 1977 1007 2028 διαστήματός
1023 1994 1122 2021 τινος
1131 1979 1282 2030 χάρακα
1299 1977 1516 2030 πηξάμενον
1527 1982 1571 2028 F,

208 2029 250 2064 ἐκ
275 2025 528 2076 διαστήματός
550 2041 650 2067 τινος
662 2027 729 2064 τὸν
748 2025 899 2088 χάρακα
914 2026 1130 2078 πηξιέμενον
1155 2029 1276 2078 ἀγχοῦ
1291 2031 1366 2067 τῶν
1383 2031 1518 2078 τειχῶν
1532 2031 1573 2077 C,

209 2078 251 2113 ἐκ
276 2073 529 2123 διαστήματός
551 2089 651 2116 τινος
673 2075 741 2113 τὸν
756 2079 877 2125 αγχοῦ
891 2075 1040 2125 χάρακα
1056 2076 1272 2127 πηξάμενον
1288 2080 1362 2116 τῶν
1379 2079 1571 2127 τειχῶνΡ;

208 2130 357 2163 secutus
381 2138 464 2162 sum
491 2126 536 2172 F,
560 2126 635 2162 nisi
658 2126 760 2173 quod
784 2127 852 2162 τὸν
878 2129 1106 2174 transposui.
1236 2130 1291 2164 15.
1318 2125 1503 2177 ἀναιμωτὶ
1526 2128 1570 2171 F,

207 2172 387 2222 ἄναιμα-τὶ
410 2174 451 2211 P.
604 2176 659 2211 19.
685 2176 855 2215 ἐξουσίαν
877 2175 949 2220 FC,
976 2173 1111 2213 οὗσίαν
1130 2177 1170 2212 Ρ.

2 2302 7 2317 2
71 2284 172 2321 foret
196 2283 366 2332 Smyrna,
391 2285 470 2320 eius
494 2285 662 2321 civitatis
687 2288 726 2321 et-
750 2285 998 2323 finitimarum
1031 2287 1198 2323 omnium
1237 2289 1435 2334 regionum
1469 2288 1574 2334 prin·

71 2334 239 2380 cipatnm
261 2334 448 2380 promisit.
497 2334 627 2380 itaque
654 2334 799 2370 dimisit
833 2347 929 2380 eum,
965 2336 1102 2381 classis,
1134 2339 1176 2371 ut
1202 2336 1293 2377 dixi,
1325 2337 1486 2382 imperio
1512 2349 1572 2373 or-

71 2386 221 2418 natum:
245 2382 326 2428 ipse
352 2383 597 2419 terrestribus
621 2384 740 2429 copiis
766 2383 941 2429 praefuit.
1003 2396 1090 2420 mox
1119 2389 1255 2427 autem,
1283 2386 1348 2430 qui
1376 2386 1571 2431 Smyrnam

71 2431 262 2472 tenebant,
290 2437 375 2466 cum
400 2435 439 2467 et
464 2431 642 2467 loannem
660 2431 803 2468 Ducam
831 2444 852 2467 a
876 2436 980 2468 terra
1006 2434 1376 2479 appropinquantem
1401 2446 1469 2470 nec
1484 2447 1570 2480 pro·

71 2479 131 2515 cul
154 2492 177 2515 a
203 2480 321 2515 muris
344 2483 470 2516 castra
494 2481 727 2516 munientem
754 2484 793 2517 et
818 2481 1016 2528 Caspacem
1036 2494 1059 2517 a
1076 2482 1171 2517 mari
1187 2483 1317 2528 portui
1341 2494 1426 2518 cum
1455 2483 1570 2519 classe

71 2529 326 2574 applicantem
351 2528 545 2574 vidissent,
570 2529 726 2575 vulgat-a
748 2530 825 2565 iam
850 2534 981 2576 captae
1006 2530 1168 2566 Nicaeae
1205 2530 1304 2566 fama
1331 2543 1568 2578 nequaquam

71 2576 132 2612 his
157 2577 340 2613 obsistere
364 2577 527 2622 voluere,
559 2577 623 2613 sed
661 2577 707 2613 de
732 2580 835 2624 pacis
866 2579 1149 2615 condicionibus
1187 2591 1300 2626 agere
1329 2581 1569 2626 cupiverunt.

71 2637 231 2672 cumque
254 2626 534 2671 promitterent,
560 2627 589 2662 si
617 2626 774 2662 Ioannes
790 2626 911 2662 Ducas
926 2639 1093 2663 securam
1110 2629 1157 2663 iis
1170 2627 1325 2663 domum
1342 2628 1570 2665 reditionem

71 2674 154 2710 iure
177 2673 338 2710 iurando
362 2673 631 2719 confirmasset,
665 2675 859 2722 Smyrnam
897 2687 936 2711 se
967 2677 1047 2711 sine
1071 2688 1206 2712 cruore
1230 2688 1274 2712 ac
1308 2689 1435 2724 pugna
1468 2677 1570 2714 dedi·

71 2725 179 2759 turos
203 2734 293 2765 esse,
318 2722 440 2759 Ducas
467 2722 635 2759 Tzachae
671 2725 909 2760 condiciones
947 2736 1023 2760 non
1051 2729 1272 2770 aspernatus
1298 2726 1483 2772 quidquid
1509 2738 1571 2772 pe—

71 2771 187 2807 tierat
230 2771 422 2817 pollicitus
460 2774 527 2808 est.
597 2772 734 2818 quibus
770 2773 851 2807 sine
882 2772 980 2808 bello
1019 2773 1184 2819 expulsis
1218 2785 1368 2810 omnem
1392 2777 1572 2820 Smyrnae

72 2819 281 2855 custodiam
317 2819 469 2865 Caspaci
504 2821 702 2856 commisit.
754 2820 855 2856 forte
883 2825 1010 2856 autem
1042 2821 1180 2857 accidit
1210 2822 1293 2858 hoc.
1343 2823 1518 2859 redeunti
1550 2835 1572 2858 a

72 2867 211 2904 Ioanne
237 2867 341 2904 Duca
366 2867 521 2914 Caspaci
546 2869 714 2905 occurrit
739 2869 964 2916 Smyrnaeus
1002 2870 1157 2915 quidam
1181 2882 1341 2917 querens
1365 2873 1439 2908 sibi
1460 2884 1482 2906 a
1507 2871 1571 2907 Sa-

69 2927 207 2954 nccuo
231 2918 460 2964 quingentos
484 2928 617 2954 aureos
643 2921 803 2954 stateres
827 2930 896 2965 per
919 2919 997 2955 vim
1022 2918 1168 2955 ablatos
1192 2931 1291 2966 oese3
1325 2932 1400 2967 quo
1427 2920 1573 2967 caspax

0 2990 17 3008 '2¹1
0 2732 19 2983 ἕψήῗψζψωωτ
2 2720 5 2721 ¹
0 2655 11 2711 :vu-⁷>
0 2642 1 2648 ⁴
0 2594 9 2634 ras¹¹
4 2563 6 2565 ,
0 2509 3 2513 Α

0 3089 18 3138 ινιτ
0 3040 15 3081 ³2⁸--
