1748 3100
156 217 239 259 808

159 341 290 431 ῥοῖζοῗ
325 338 343 374 Ι
385 339 468 384 381,
485 339 507 373 2
566 340 797 381 Πολέμωνος
835 339 873 375 II

159 437 372 497 ῥομφαία
359 435 377 471 Ι
402 435 553 479 455,17

156 498 178 529 η
206 485 304 531 ῥοπη
328 484 391 528 τῆς
415 487 517 528 νίκης
551 485 623 520 τινὶ
658 484 817 519 δοθεῖσα
855 483 872 519 Ι

206 534 290 578 214,
306 534 327 568 7
357 530 424 577 τὴν
466 531 588 580 ῥοπὴν
605 533 672 568 ἐπί
694 544 764 568 τινι
782 533 872 580 λαμ-

206 560 334 626 βὰνειν
372 581 409 617 ΙΙ
451 582 531 626 128,
544 582 589 616 23
641 582 727 617 ἐν(
717 581 816 629 ὅοπῇ
856 581 874 616 Ι

207 631 330 674 20,16
382 630 423 665 ἐν
439 608 538 676 ὀξείᾳ
563 630 661 679 ῥοπῆ
687 615 871 673 1208,15.

205 659 290 724 405,
305 680 326 713 2
377 678 418 714 ἐν
449 681 520 736 μία
554 667 682 725 καιροῦ
718 678 817 726 ροπῃ
855 677 874 713 Ι

210 727 355 767 114,16
404 727 446 763 ἐν
472 723 572 772 ὀξείᾳ
607 727 735 785 καιροῦ
775 726 873 782 ῥοπῇ

204 775 242 811 II
271 776 403 818 94,11.
429 775 513 821 222,
531 761 574 810 12
622 774 644 820 ἡ
672 787 749 811 ανω
776 770 874 822 ῥοπή

205 823 223 859 Ι
249 824 332 867 403,
348 824 370 858 6

159 852 436 920 ῥοφηματώδης
460 872 497 907 II
523 872 667 918 373,12

160 922 312 977 ῥοχῖέω
339 919 372 955 Π
404 921 484 965 118,
495 921 517 955 8

161 965 251 1016 ῥὺαξ
274 968 418 1004 rivulus
444 967 460 1003 I
488 969 571 1014 332,
591 968 647 1004 15.
679 968 762 1009 342,
778 968 800 1003 9

161 1019 316 1080 ῥυθμέω
330 1016 375 1063 (Ῥ)
400 1016 416 1051 Ι
445 1018 586 1062 143,16

158 1065 238 1101 κατ’
262 1068 383 1104 οἴκους
406 1077 445 1100 τε
471 1045 533 1100 καί
572 1066 802 1113 ῥυμοτομίας
836 1065 874 1100 Π

158 1158 264 1201 ολους
296 1161 449 1209 ῥυτῆρας
481 1159 633 1218 ἀφιέναι
672 1161 688 1197 I
727 1162 874 1206 377,17

209 1189 874 1320 3QQQQQ

211 1308 360 1353 101,14
426 1309 477 1346 εἰς
515 1303 681 1353 πρώτους
723 1306 876 1355 ῥυτῆρας

194 1356 330 1413 primo
354 1355 500 1401 impetu
524 1356 561 1391 ΙΙ
585 1357 645 1402 98,
659 1358 681 1392 9

160 1400 302 1451 ῥύομαί
321 1416 419 1443 τινος
442 1403 459 1438 I
487 1405 568 1449 115,
586 1404 608 1438 7

155 1454 316 1549 (Ξξιῶγμαὶὲ
335 1451 412 1536 ruhi
435 1464 526 1547 Ξτὲἒρ
529 1464 580 1536 αὲν
605 1451 622 1487 Ι
652 1453 731 1499 179,
746 1453 768 1488 7

256 1515 291 1535 αι
315 1512 370 1536 ειν

160 1515 449 1597 ῥωμαλεώτατος
473 1549 510 1585 II
538 1550 619 1594 139,
633 1550 655 1584 3
681 1548 691 1596 Ι

102 1625 105 1628 ,
156 1596 360 1656 Ρωμαιςια
364 1597 401 1632 11
422 1598 502 1643 129,
519 1599 575 1633 17.
602 1598 685 1644 234,
700 1598 733 1633 3
752 1598 836 1643 271,
851 1599 873 1633 4

648 224 804 258 INDEX
838 222 1158 258 GRAECITATIS

942 332 1246 383 σεβαστοκράτωρ
1271 335 1447 380 1147,11
1473 335 1606 381 Π223,
1617 336 1651 371 4.

939 431 981 469 τὸ
1009 434 1191 479 σεβαστοῦ
1216 429 1360 480 ἇξίωμα
1384 432 1402 467 Ι
1428 433 1510 478 310,
1525 432 1548 466 4
1594 443 1651 466 σε-

990 485 1125 528 βαστοί
1162 483 1199 517 II
1233 483 1316 523 237,
1334 483 1357 516 8
1407 479 1448 516 τὸ
1481 481 1556 516 τῶν
1594 491 1652 515 σε-

990 530 1140 576 βαστιόν
1167 527 1311 577 ἀξίωμα
1347 529 1384 564 II
1419 530 1503 574 248,
1523 528 1545 564 9
1596 540 1653 563 σε·

987 581 1119 624 βαστοὶ
1141 580 1304 624 βασιλεῖς
1332 578 1369 613 ΙΙ
1395 557 1541 620 238,'14
1581 575 1653 612 ἀει-

990 630 1167 672 σέβαστοι
1201 629 1379 672 σεβαστοί
1423 626 1461 661 II
1498 627 1652 671 230,19

990 673 1227 734 ἀεισέβαστοι
1276 685 1311 711 σ.
1343 679 1377 719 β.
1425 674 1463 710 II
1502 676 1583 717 240,
1610 676 1654 709 10

990 726 1026 759 οἱ
1050 721 1285 769 ἆεισέβαστοι
1310 724 1482 779 βασιλεῖς
1507 725 1568 757 καὶ
1597 734 1654 757 σε-

989 776 1125 817 βαστοί
1143 784 1187 819 γε
1202 774 1263 807 καὶ
1283 767 1479 818 αὕγουστοι
1503 772 1566 814 τῆς
1581 771 1655 807 τῶν

982 819 1177 868 Ῥωμαίων
1200 819 1402 868 ἡγεμονίας
1425 819 1463 855 II
1489 821 1572 861 244,
1587 821 1610 854 4

941 873 993 910 εἰς
1015 869 1082 914 τὴν
1104 869 1178 905 τῶν
1190 871 1403 926 Βρυεννίων
1417 866 1544 914 σειρὰν
1568 864 1654 904 ἀνά-

988 923 1126 976 γεσθμι
1158 918 1176 953 Ι
1205 918 1302 963 6,14
1349 915 1416 961 τὴν
1439 917 1502 951 τοῦ
1525 919 1656 963 γένους

992 965 1120 1013 σειρὰν
1165 969 1216 1005 εἴς
1260 978 1341 1002 τινα
1384 962 1590 1013 ἀναφέρειν
1638 965 1655 999 I

993 1017 1108 1073 145,1
1160 1013 1225 1054 τὰς
1261 1015 1325 1050 τοῦ
1361 1014 1492 1060 γένους
1532 1011 1656 1060 σειρὰς

990 1062 1084 1110 πρός
1107 1076 1189 1100 τινα
1214 1059 1393 1099 ἀνάπτειν
1419 1063 1435 1098 Ι
1460 1063 1518 1107 49,
1538 1064 1582 1098 16

943 1111 1083 1171 Σειρὴν
1104 1108 1335 1169 Ἰσοκράτους
1359 1110 1394 1146 ΙΙ
1419 1111 1503 1155 291,
1521 1113 1543 1147 6

943 1159 1101 1209 σεσηρὸς
1123 1155 1217 1206 ἦθος
1241 1160 1257 1195 1
1286 1161 1429 1205 132,10

943 1212 979 1245 οἱ
1004 1212 1209 1267 σεκρετικοί
1229 1209 1246 1245 I
1274 1209 1415 1252 158,15
1466 1205 1656 1254 σεκρετικὰ

969 1255 1197 1318 πράγματα
1224 1258 1240 1293 Ι
1271 1258 1350 1300 158,
1369 1257 1392 1291 6

941 1305 983 1344 τὸ
1022 1310 1196 1353 σέκρετον
1229 1306 1293 1341 τοῦ
1323 1302 1594 1352 Ἀντιφωνητοῦ
1638 1302 1656 1338 1

992 1357 1074 1399 278,
1095 1358 1116 1391 3
1183 1353 1227 1390 τὰ
1268 1357 1422 1400 σέκρετα
1466 1352 1483 1387 I
1522 1353 1655 1398 134,1.

994 1403 1435 1462 158,14.159,4.160,1
1462 1401 1654 1444 11348,11

990 1450 1034 1487 τὰ
1078 1454 1232 1498 σέκρετα
1269 1453 1331 1487 καὶ
1368 1448 1412 1486 τὰ
1451 1452 1601 1498 θέματα
1639 1448 1655 1483 I

994 1502 1075 1547 159,
1090 1502 1122 1537 5.
1137 1502 1159 1535 8
1209 1502 1411 1547 λογοθέτης
1433 1499 1507 1534 τῶν
1532 1499 1655 1555 σεκρέ-

991 1561 1065 1585 των
1090 1549 1251 1594 1134,1.
1281 1549 1360 1591 159,
1377 1549 1422 1583 21
1468 1543 1659 1594 προεστὼς

990 1599 1066 1634 τῶν
1091 1600 1274 1655 σεκρέτων
1299 1597 1316 1632 I
1345 1577 1487 1642 158,14

158 1644 180 1691 ἦ
205 1648 272 1683 νέα
294 1641 416 1704 Ῥώμη
440 1646 478 1681 II
503 1646 587 1692 240,
600 1648 623 1682 8
662 1646 683 1692 ἡ
709 1659 739 1681 π
740 1651 873 1693 ρεσβυ-
855 1640 1138 1703 -ᾞσεληνιακὴ
1155 1623 1495 1703 περίοδος1186,5.
1519 1644 1656 1688 102,18

204 1691 293 1739 τάτη
316 1690 437 1742 Ρώμη
462 1694 481 1730 Ι
507 1696 565 1741 67,
577 1673 625 1730 '22

161 1787 458 1847 σάββατονΙ98,
471 1793 526 1827 16.
553 1791 636 1838 295,
654 1793 708 1827 11.
737 1793 819 1838 388,
827 1793 874 1827 20

159 1835 349 1896 σαγηνεὺω
373 1839 411 1875 Π
434 1841 578 1886 244,12

158 1889 201 1925 ἐν
226 1884 352 1945 σάκκῳ
382 1890 443 1923 καὶ
469 1888 605 1934 σποδῷ
630 1887 667 1923 II
695 1889 836 1934 100,12

160 1932 327 1973 σαλευειν
350 1934 418 1980 τὴν
441 1938 514 1983 γῆν
540 1936 556 1972 I
582 1923 702 1982 225,1

159 1983 350 2033 (ταραχὴν
387 1985 473 2032 καὶ)
523 1980 638 2020 σαλον
679 1985 780 2031 ἔχειν
827 1984 875 2020 de

207 2035 336 2080 equite
361 2033 539 2080 imperito
565 2033 582 2068 Ι
608 2034 752 2077 431,11
807 2045 872 2068 σα-

207 2083 273 2118 λον
314 2086 461 2139 ψυχαῖς
498 2082 672 2138 ἐμποιεῖν
720 2081 758 2117 Π
801 2083 833 2127 1,
851 2082 873 2116 2

209 2130 250 2167 ἒν
275 2126 376 2177 σαλῳ
401 2133 463 2166 καὶ
487 2126 646 2167 κλύδωνι
678 2129 716 2165 Π
749 2131 871 2176 374,1

161 2165 419 2226 σαρὸωνύχιον
444 2182 596 2215 καυκίον
619 2179 637 2214 Ι
667 2179 747 2225 177,
762 2179 784 2214 5

160 2227 310 2285 σαρκῶν
334 2228 517 2275 φείδομαι
541 2227 560 2263 Ι
588 2229 668 2273 111,
685 2228 728 2262 19

157 2273 224 2311 τὸν
247 2272 361 2311 αὐτοῦ
385 2274 581 2321 Σαταναὴλ
610 2254 874 2323 ἆγκαλίζεσθαι

159 2351 355 2420 σατράπαι
369 2372 577 2409 'furcarum
597 2372 709 2409 duces
735 2371 874 2429 (saepe)

207 2421 365 2467 ἔκκριτοι
391 2417 575 2469 σατράπαι
597 2431 874 2478 τεσσαρακοντα

205 2435 388 2526 χιλιάδων
411 2469 446 2505 II
474 2471 557 2526 279,
571 2471 593 2506 9
633 2470 669 2504 οἱ
688 2469 752 2504 τοῦ
770 2466 873 2504 αὖτο-

208 2514 398 2574 κράτορος
425 2498 622 2576 σατράπαι
652 2518 671 2553 Ι
713 2519 870 2563 303,11

207 2567 243 2600 οι
282 2576 468 2613 σατραπαι
504 2568 579 2604 τῶν
613 2564 806 2614 Ῥωμαίων
856 2566 872 2601 Ι

161 2642 306 2698 σάττειν
328 2661 521 2699 subsidere
546 2663 583 2698 II
608 2664 726 2707 73,17

161 2713 350 2757 σεβασμία
376 2708 527 2767 ἡμερῶν
551 2711 588 2746 ΙΙ
614 2713 735 2756 49,16

160 2761 348 2815 σεβασμία
373 2757 471 2815 μονή
496 2760 533 2794 II
561 2761 643 2805 245,
662 2761 708 2795 22
752 2757 793 2796 τὸ
811 2761 874 2807 τῆς

207 2805 348 2855 ἡμέρας
363 2803 573 2855 σεβασμιον
598 2808 635 2845 ΙΙ
651 2809 709 2855 50,
724 2809 771 2845 20

993 1691 1181 1743 περιφορά
1206 1695 1222 1730 Ι
1248 1695 1331 1740 426,
1346 1694 1369 1728 4

943 1746 984 1780 αἱ
1023 1746 1154 1779 σεπτοὶ
1192 1722 1332 1782 εἰκόνες
1366 1741 1441 1777 τῶν
1478 1737 1595 1786 ἆγίων
1639 1739 1656 1774 I

991 1794 1151 1836 267,10
1208 1792 1271 1836 τῆς
1311 1786 1490 1826 ιλεοτόκου
1533 1788 1658 1834 σεπτῷ

943 1854 946 1858 ·
991 1842 1059 1887 (sic
1090 1852 1160 1887 pro
1202 1841 1330 1888 σεμνῷ
1361 1838 1558 1885 legendum
1585 1822 1655 1882 esf)

991 1892 1242 1952 εἰκονίσματι
1238 1890 1493 1944 ἐπαγρυπνεῖν
1503 1886 1656 1930 1258,13

991 1953 1011 1973 ο
1035 1948 1170 1976 σεπτος
1185 1940 1246 1973 καὶ
1263 1941 1366 1976 (λεῖος
1378 1926 1463 1981 ηλος
1486 1935 1524 1970 II
1541 1912 1620 1977 101,
1632 1933 1655 1968 4

944 1989 1154 2033 σεργέντιος
1178 1987 1214 2022 ΙΙ
1237 1986 1383 2031 220,15

941 2035 963 2081 ἡ
987 2032 1175 2079 Ἑλληνικὴ
1203 2045 1227 2069 σ
1228 2037 1372 2082 ημασία
1395 2031 1412 2067 Ι
1435 2031 1518 2075 343,
1537 2030 1560 2065 6

944 2080 1063 2132 σήμερ
1067 2084 1138 2119 ονΙ
1154 2084 1236 2129 239,
1245 2084 1267 2119 5
1281 2083 1318 2118 II
1332 2081 1484 2124 231,13
1501 2058 1583 2122 259,
1591 2079 1624 2113 4
1633 2078 1655 2112 6

944 2136 1077 2188 σίγνον
1101 2132 1139 2167 II
1166 2111 1250 2176 246,
1266 2132 1298 2167 2.
1315 2132 1339 2166 4

943 2177 1111 2226 σιδήριον
1151 2181 1189 2216 Π
1218 2182 1297 2226 179,
1317 2181 1339 2216 7
1382 2177 1653 2213 ferramenbum

944 2256 1182 2324 σιδηρόδετος
1199 2276 1215 2312 Ι
1231 2278 1314 2322 401,
1329 2277 1350 2311 2
1367 2275 1404 2311 ΙΙ
1420 2275 1476 2319 19,
1489 2275 1520 2308 l.
1543 2273 1622 2317 162,
1632 2272 1653 2305 2

943 2326 1211 2374 σιδηροφορεῖν
1252 2325 1393 2360 armari
1442 2322 1459 2357 I
1497 2322 1654 2367 201,16.

991 2376 1074 2420 284,
1093 2376 1148 2411 19.
1174 2374 1257 2419 382,
1271 2375 1294 2408 4
1325 2374 1362 2408 ΙΙ
1387 2372 1509 2415 76,18

942 2402 1149 2480 O‘LO'UQO'CpO'Q
1153 2425 1201 2458 έω
1226 2401 1263 2457 ΙΙ
1289 2422 1381 2466 6,11

943 2467 1196 2529 σισυροφόρος
1217 2470 1255 2506 II
1284 2448 1401 2515 146,1

942 2517 1137 2576 σιτόχρους
1161 2517 1227 2563 τὴν
1255 2514 1351 2564 όψιν
1374 2517 1390 2552 I
1416 2517 1499 2560 446,
1513 2519 1535 2555 9

942 2564 1136 2615 σκαιώρημ
1139 2582 1163 2603 α
1189 2567 1205 2602 I
1231 2568 1315 2612 434,
1333 2569 1354 2602 7

943 2620 1121 2673 σκαιωρία
1146 2616 1183 2652 ΙΙ
1212 2617 1292 2661 156,
1311 2617 1333 2651 7

944 2660 1076 2700 σκαλαι
1101 2664 1117 2699 Ι
1143 2665 1288 2705 286,19

941 2723 1101 2769 σκαμμα
1113 2706 1303 2758 εᾶθλον,
1328 2723 1377 2756 ay
1379 2706 1431 2745 ών
1454 2710 1491 2745 II
1511 2710 1593 2752 366,
1610 2710 1654 2744 10

941 2758 1154 2798 σκανδαλον
1177 2760 1195 2795 Ι
1222 2761 1303 2804 356,
1325 2761 1366 2795 13
1393 2758 1429 2793 II
1447 2759 1530 2804 275,
1548 2759 1589 2793 11

941 2806 1152 2852 σκαπανεὺς
1177 2809 1296 2847 fossor
1321 2808 1358 2843 II
1384 2808 1467 2853 305,
1485 2808 1507 2842 2
