<?xml version="1.0" encoding="UTF-8"?>
<!DOCTYPE html PUBLIC "-//W3C//DTD XHTML 1.0 Transitional//EN"
    "http://www.w3.org/TR/xhtml1/DTD/xhtml1-transitional.dtd">
<html xmlns="http://www.w3.org/1999/xhtml" xml:lang="en" lang="en">
 <head>
  <title>
</title>
<meta http-equiv="Content-Type" content="text/html;charset=utf-8" />
  <meta name='ocr-system' content='tesseract 3.04.00' />
  <meta name='ocr-capabilities' content='ocr_page ocr_carea ocr_par ocr_line ocrx_word'/>
</head>
<body>
  <div class='ocr_page' id='page_1' title='image "./corpusscriptorum03niebuoft_0316.png"; bbox 0 0 1734 3120; ppageno 0'>
   <div class='ocr_carea' id='block_1_1' title="bbox 229 164 1200 223">
    <p class='ocr_par' dir='ltr' id='par_1_1' title="bbox 229 164 1200 223">
     <span class='ocr_line' id='line_1_1' title="bbox 229 164 1200 223; baseline -0.003 0"><span class='ocrx_word' id='word_1_1' title='bbox 229 183 311 223; x_wconf 83' lang='lat'><strong>298</strong></span> <span class='ocrx_word' id='word_1_2' title='bbox 477 164 479 167; x_wconf 12' lang='grc' dir='ltr'><em>Α</em></span> <span class='ocrx_word' id='word_1_3' title='bbox 735 185 900 220; x_wconf 79' lang='lat' dir='ltr'>ANNAE</span> <span class='ocrx_word' id='word_1_4' title='bbox 934 186 1200 221; x_wconf 76' lang='lat' dir='ltr'><strong>coMNENAE</strong></span> 
     </span>
    </p>
   </div>
   <div class='ocr_carea' id='block_1_2' title="bbox 79 292 1734 1597">
    <p class='ocr_par' dir='ltr' id='par_1_2' title="bbox 227 292 1712 363">
     <span class='ocr_line' id='line_1_2' title="bbox 227 292 1712 363; baseline -0.007 -13"><span class='ocrx_word' id='word_1_5' title='bbox 227 301 364 363; x_wconf 80' lang='grc' dir='ltr'><em>ἆρχὰς</em></span> <span class='ocrx_word' id='word_1_6' title='bbox 404 306 661 363; x_wconf 76' lang='grc' dir='ltr'><em>ἑγκοσμίους</em></span> <span class='ocrx_word' id='word_1_7' title='bbox 698 321 746 347; x_wconf 86' lang='grc' dir='ltr'><strong>τε</strong></span> <span class='ocrx_word' id='word_1_8' title='bbox 784 303 857 346; x_wconf 83' lang='grc' dir='ltr'><em>καὶ</em></span> <span class='ocrx_word' id='word_1_9' title='bbox 899 299 1239 357; x_wconf 63' lang='grc' dir='ltr'><em>ὑπερκοσμίοιπς.</em></span> <span class='ocrx_word' id='word_1_10' title='bbox 1305 293 1416 342; x_wconf 69' lang='grc' dir='ltr'><em>ἄλλα</em></span> <span class='ocrx_word' id='word_1_11' title='bbox 1447 294 1631 348; x_wconf 80' lang='grc' dir='ltr'><em>τούτους</em></span> <span class='ocrx_word' id='word_1_12' title='bbox 1659 292 1712 355; x_wconf 73' lang='grc' dir='ltr'><strong>ὃν)</strong></span> 
     </span>
    </p>

    <p class='ocr_par' dir='ltr' id='par_1_3' title="bbox 228 363 1716 500">
     <span class='ocr_line' id='line_1_3' title="bbox 228 363 1715 428; baseline -0.008 -9"><span class='ocrx_word' id='word_1_13' title='bbox 228 373 332 428; x_wconf 69' lang='grc' dir='ltr'><em>τοί-ς</em></span> <span class='ocrx_word' id='word_1_14' title='bbox 375 370 466 418; x_wconf 75' lang='grc' dir='ltr'><strong>ἅπό</strong></span> <span class='ocrx_word' id='word_1_15' title='bbox 516 371 746 424; x_wconf 81' lang='grc' dir='ltr'><em>Μάνεντος</em></span> <span class='ocrx_word' id='word_1_16' title='bbox 790 371 862 414; x_wconf 82' lang='grc' dir='ltr'><em>καὶ</em></span> <span class='ocrx_word' id='word_1_17' title='bbox 907 367 1087 413; x_wconf 75' lang='grc' dir='ltr'><em>Παύλου</em></span> <span class='ocrx_word' id='word_1_18' title='bbox 1130 368 1203 412; x_wconf 82' lang='grc' dir='ltr'><em>καὶ</em></span> <span class='ocrx_word' id='word_1_19' title='bbox 1244 363 1455 419; x_wconf 79' lang='grc' dir='ltr'><em>Ἰωάννου,</em></span> <span class='ocrx_word' id='word_1_20' title='bbox 1501 368 1591 408; x_wconf 82' lang='grc' dir='ltr'><em>τῶν</em></span> <span class='ocrx_word' id='word_1_21' title='bbox 1634 365 1715 422; x_wconf 82' lang='grc' dir='ltr'><strong>τῆς</strong></span> 
     </span>
     <span class='ocr_line' id='line_1_4' title="bbox 231 428 1716 500; baseline -0.009 -12"><span class='ocrx_word' id='word_1_22' title='bbox 231 443 504 500; x_wconf 86' lang='grc' dir='ltr'><em>Καλλινίκης,</em></span> <span class='ocrx_word' id='word_1_23' title='bbox 546 437 837 498; x_wconf 71' lang='grc' dir='ltr'><em>ἀγριωτέρους</em></span> <span class='ocrx_word' id='word_1_24' title='bbox 875 433 1003 490; x_wconf 63' lang='grc' dir='ltr'><em>ὄντας</em></span> <span class='ocrx_word' id='word_1_25' title='bbox 1031 435 1110 490; x_wconf 80' lang='grc' dir='ltr'><strong>τὰς</strong></span> <span class='ocrx_word' id='word_1_26' title='bbox 1151 433 1323 494; x_wconf 80' lang='grc' dir='ltr'><em>γνώμας</em></span> <span class='ocrx_word' id='word_1_27' title='bbox 1363 435 1433 479; x_wconf 84' lang='grc' dir='ltr'><em>καὶ</em></span> <span class='ocrx_word' id='word_1_28' title='bbox 1462 428 1612 490; x_wconf 70' lang='grc' dir='ltr'><em>ω’μούς</em></span> <span class='ocrx_word' id='word_1_29' title='bbox 1643 432 1716 476; x_wconf 85' lang='grc' dir='ltr'><em>καὶ</em></span> 
     </span>
    </p>

    <p class='ocr_par' dir='ltr' id='par_1_4' title="bbox 79 502 1734 704">
     <span class='ocr_line' id='line_1_5' title="bbox 79 502 1716 568; baseline -0.01 -8"><span class='ocrx_word' id='word_1_30' title='bbox 79 522 122 560; x_wconf 91' lang='lat' dir='ltr'><strong>V.</strong></span> <span class='ocrx_word' id='word_1_31' title='bbox 148 523 216 559; x_wconf 83' lang='lat'><strong>357</strong></span> <span class='ocrx_word' id='word_1_32' title='bbox 229 512 380 568; x_wconf 79' lang='grc' dir='ltr'><em>μέχρις</em></span> <span class='ocrx_word' id='word_1_33' title='bbox 422 513 608 568; x_wconf 82' lang='grc' dir='ltr'><em>αἵματος</em></span> <span class='ocrx_word' id='word_1_34' title='bbox 653 505 1054 560; x_wconf 74' lang='grc' dir='ltr'><em>διακινδυνεύοντας</em></span> <span class='ocrx_word' id='word_1_35' title='bbox 1096 504 1120 550; x_wconf 84' lang='grc' dir='ltr'>ὁ</span> <span class='ocrx_word' id='word_1_36' title='bbox 1165 506 1210 550; x_wconf 78' lang='grc' dir='ltr'><strong>ἐν</strong></span> <span class='ocrx_word' id='word_1_37' title='bbox 1252 505 1504 561; x_wconf 79' lang='grc' dir='ltr'><em>βασιλεῦσιν</em></span> <span class='ocrx_word' id='word_1_38' title='bbox 1549 502 1716 553; x_wconf 78' lang='grc' dir='ltr'><em>ἐκεῖνος</em></span> 
     </span>
     <span class='ocr_line' id='line_1_6' title="bbox 192 570 1734 636; baseline -0.008 -11"><span class='ocrx_word' id='word_1_39' title='bbox 192 578 482 636; x_wconf 75' lang='grc' dir='ltr'><em>Οθαυμάσιος</em></span> <span class='ocrx_word' id='word_1_40' title='bbox 509 575 706 635; x_wconf 81' lang='grc' dir='ltr'><em>Ἰωάννης</em></span> <span class='ocrx_word' id='word_1_41' title='bbox 735 574 758 621; x_wconf 88' lang='grc' dir='ltr'>ὁ</span> <span class='ocrx_word' id='word_1_42' title='bbox 798 578 1033 635; x_wconf 77' lang='grc' dir='ltr'><em>Τζιμισκῆς</em></span> <span class='ocrx_word' id='word_1_43' title='bbox 1072 574 1255 632; x_wconf 79' lang='grc' dir='ltr'><em>πολέμῳ</em></span> <span class='ocrx_word' id='word_1_44' title='bbox 1294 570 1474 630; x_wconf 82' lang='grc' dir='ltr'><em>νικήσας</em></span> <span class='ocrx_word' id='word_1_45' title='bbox 1513 571 1734 626; x_wconf 50' lang='lat' dir='ltr'><strong>&amp;ganum-³</strong></span> 
     </span>
     <span class='ocr_line' id='line_1_7' title="bbox 231 636 1717 704; baseline -0.007 -13"><span class='ocrx_word' id='word_1_46' title='bbox 231 645 528 704; x_wconf 78' lang='grc' dir='ltr'><em>ποδισάμενος</em></span> <span class='ocrx_word' id='word_1_47' title='bbox 559 646 605 691; x_wconf 77' lang='grc' dir='ltr'><strong>ἐκ</strong></span> <span class='ocrx_word' id='word_1_48' title='bbox 635 649 712 704; x_wconf 82' lang='grc' dir='ltr'><strong>τῆς</strong></span> <span class='ocrx_word' id='word_1_49' title='bbox 738 640 892 697; x_wconf 74' lang='grc' dir='ltr'><em>Ἄσίας</em></span> <span class='ocrx_word' id='word_1_50' title='bbox 922 644 1099 688; x_wconf 71' lang='grc' dir='ltr'><em>ἐκεῖθεν</em></span> <span class='ocrx_word' id='word_1_51' title='bbox 1139 638 1230 686; x_wconf 74' lang='lat' dir='ltr'><strong>a&#39;m)</strong></span> <span class='ocrx_word' id='word_1_52' title='bbox 1271 644 1360 686; x_wconf 82' lang='grc' dir='ltr'><em>τῶν</em></span> <span class='ocrx_word' id='word_1_53' title='bbox 1389 636 1609 694; x_wconf 78' lang='grc' dir='ltr'><em>Χαλύβων</em></span> <span class='ocrx_word' id='word_1_54' title='bbox 1645 637 1717 681; x_wconf 83' lang='grc' dir='ltr'><em>καὶ</em></span> 
     </span>
    </p>

    <p class='ocr_par' dir='ltr' id='par_1_5' title="bbox 229 703 1718 773">
     <span class='ocr_line' id='line_1_8' title="bbox 229 703 1718 773; baseline -0.009 -12"><span class='ocrx_word' id='word_1_55' title='bbox 229 718 319 761; x_wconf 79' lang='grc' dir='ltr'><em>τῶν</em></span> <span class='ocrx_word' id='word_1_56' title='bbox 344 712 646 772; x_wconf 81' lang='grc' dir='ltr'><em>Ἀρμενιακῶν</em></span> <span class='ocrx_word' id='word_1_57' title='bbox 671 712 826 759; x_wconf 87' lang='grc' dir='ltr'><em>τόπων</em></span> <span class='ocrx_word' id='word_1_58' title='bbox 856 712 919 766; x_wconf 86' lang='grc' dir='ltr'><strong>εἰς</strong></span> <span class='ocrx_word' id='word_1_59' title='bbox 956 713 1035 773; x_wconf 75' lang='grc' dir='ltr'><em>τὴν</em></span> <span class='ocrx_word' id='word_1_60' title='bbox 1065 709 1240 772; x_wconf 80' lang='grc' dir='ltr'><em>Θρᾴκην</em></span> <span class='ocrx_word' id='word_1_61' title='bbox 1279 707 1512 767; x_wconf 77' lang='grc' dir='ltr'><em>μετήνεγκε</em></span> <span class='ocrx_word' id='word_1_62' title='bbox 1553 707 1625 751; x_wconf 84' lang='grc' dir='ltr'><em>καὶ</em></span> <span class='ocrx_word' id='word_1_63' title='bbox 1663 703 1718 750; x_wconf 79' lang='grc' dir='ltr'><em>τὰ</em></span> 
     </span>
    </p>

    <p class='ocr_par' dir='ltr' id='par_1_6' title="bbox 229 773 1718 845">
     <span class='ocr_line' id='line_1_9' title="bbox 229 773 1718 845; baseline -0.007 -16"><span class='ocrx_word' id='word_1_64' title='bbox 229 786 336 841; x_wconf 82' lang='grc' dir='ltr'><em>περὶ</em></span> <span class='ocrx_word' id='word_1_65' title='bbox 365 782 443 845; x_wconf 86' lang='grc' dir='ltr'><em>τὴν</em></span> <span class='ocrx_word' id='word_1_66' title='bbox 466 780 832 828; x_wconf 78' lang='grc' dir='ltr'><em>Φιλιππούπολιν</em></span> <span class='ocrx_word' id='word_1_67' title='bbox 863 777 1123 838; x_wconf 71' lang='grc' dir='ltr'><em>αὐλίζεσθαι</em></span> <span class='ocrx_word' id='word_1_68' title='bbox 1155 776 1487 838; x_wconf 80' lang='grc' dir='ltr'><em>κατηνάγκασεν,</em></span> <span class='ocrx_word' id='word_1_69' title='bbox 1520 773 1610 833; x_wconf 79' lang='grc' dir='ltr'><em>ἅμα</em></span> <span class='ocrx_word' id='word_1_70' title='bbox 1639 774 1718 831; x_wconf 80' lang='grc' dir='ltr'><strong>μὲν</strong></span> 
     </span>
    </p>

    <p class='ocr_par' dir='ltr' id='par_1_7' title="bbox 229 842 1719 1042">
     <span class='ocr_line' id='line_1_10' title="bbox 229 842 1719 909; baseline -0.007 -12"><span class='ocrx_word' id='word_1_71' title='bbox 229 856 318 897; x_wconf 84' lang='grc' dir='ltr'><em>τῶν</em></span> <span class='ocrx_word' id='word_1_72' title='bbox 348 849 656 909; x_wconf 73' lang='grc' dir='ltr'><em>ἐρυμνοτάτων</em></span> <span class='ocrx_word' id='word_1_73' title='bbox 694 849 872 896; x_wconf 87' lang='grc' dir='ltr'><em>πόλεων</em></span> <span class='ocrx_word' id='word_1_74' title='bbox 911 851 983 894; x_wconf 84' lang='grc' dir='ltr'><em>καὶ</em></span> <span class='ocrx_word' id='word_1_75' title='bbox 1022 849 1262 908; x_wconf 85' lang='grc' dir='ltr'><em>φρουρίων,</em></span> <span class='ocrx_word' id='word_1_76' title='bbox 1284 842 1312 892; x_wconf 68' lang='grc' dir='ltr'><em>ἃ</em></span> <span class='ocrx_word' id='word_1_77' title='bbox 1331 850 1533 901; x_wconf 86' lang='grc' dir='ltr'><em>κατεῖχον</em></span> <span class='ocrx_word' id='word_1_78' title='bbox 1564 861 1719 900; x_wconf 85' lang='grc' dir='ltr'><em>τυραν-</em></span> 
     </span>
     <span class='ocr_line' id='line_1_11' title="bbox 231 908 1719 978; baseline -0.006 -13"><span class='ocrx_word' id='word_1_79' title='bbox 231 922 420 974; x_wconf 78' lang='grc' dir='ltr'><em>νιιῦντες,</em></span> <span class='ocrx_word' id='word_1_80' title='bbox 455 915 705 978; x_wconf 70' lang='grc' dir='ltr'><em>α’παγαγών,</em></span> <span class='ocrx_word' id='word_1_81' title='bbox 747 917 837 976; x_wconf 75' lang='grc' dir='ltr'><em>ἅμα</em></span> <span class='ocrx_word' id='word_1_82' title='bbox 869 919 917 964; x_wconf 78' lang='grc' dir='ltr'><strong>δὲ</strong></span> <span class='ocrx_word' id='word_1_83' title='bbox 948 919 1020 963; x_wconf 81' lang='grc' dir='ltr'><em>καὶ</em></span> <span class='ocrx_word' id='word_1_84' title='bbox 1057 915 1255 977; x_wconf 77' lang='grc' dir='ltr'><em>φύλακας</em></span> <span class='ocrx_word' id='word_1_85' title='bbox 1295 912 1535 973; x_wconf 71' lang='grc' dir='ltr'><em>ἐπιστήσας</em></span> <span class='ocrx_word' id='word_1_86' title='bbox 1573 908 1719 971; x_wconf 74' lang='grc' dir='ltr'><em>ἄσφα-</em></span> 
     </span>
     <span class='ocr_line' id='line_1_12' title="bbox 231 978 1719 1042; baseline -0.007 -9"><span class='ocrx_word' id='word_1_87' title='bbox 231 986 467 1041; x_wconf 83' lang='grc' dir='ltr'><em>λεστάτους</em></span> <span class='ocrx_word' id='word_1_88' title='bbox 486 990 576 1032; x_wconf 79' lang='grc' dir='ltr'><em>τῶν</em></span> <span class='ocrx_word' id='word_1_89' title='bbox 596 991 830 1032; x_wconf 71' lang='grc' dir='ltr'><em>Σκυθικῶν</em></span> <span class='ocrx_word' id='word_1_90' title='bbox 852 987 1029 1032; x_wconf 75' lang='grc' dir='ltr'><em>ἐκείνων</em></span> <span class='ocrx_word' id='word_1_91' title='bbox 1049 987 1334 1042; x_wconf 79' lang='grc' dir='ltr'><em>ὄιεκὸρομῶν,</em></span> <span class='ocrx_word' id='word_1_92' title='bbox 1373 978 1424 1036; x_wconf 70' lang='grc' dir='ltr'><em>ἃς</em></span> <span class='ocrx_word' id='word_1_93' title='bbox 1453 978 1719 1036; x_wconf 80' lang='grc' dir='ltr'><em>ὑποσύχνως</em></span> 
     </span>
    </p>

    <p class='ocr_par' dir='ltr' id='par_1_8' title="bbox 231 1050 1720 1117">
     <span class='ocr_line' id='line_1_13' title="bbox 231 1050 1720 1117; baseline -0.007 -15"><span class='ocrx_word' id='word_1_94' title='bbox 231 1055 321 1102; x_wconf 75' lang='grc' dir='ltr'><strong>ὑπὸ</strong></span> <span class='ocrx_word' id='word_1_95' title='bbox 351 1054 586 1114; x_wconf 79' lang='grc' dir='ltr'><em>βαρβάρων</em></span> <span class='ocrx_word' id='word_1_96' title='bbox 615 1052 730 1101; x_wconf 82' lang='grc' dir='ltr'><strong>τοῖπὶ</strong></span> <span class='ocrx_word' id='word_1_97' title='bbox 753 1053 928 1117; x_wconf 80' lang='grc' dir='ltr'><em>Θρᾴκης</em></span> <span class='ocrx_word' id='word_1_98' title='bbox 959 1052 1210 1101; x_wconf 70' lang='grc' dir='ltr'><em>ἐπεπόνθει</em></span> <span class='ocrx_word' id='word_1_99' title='bbox 1240 1055 1399 1111; x_wconf 88' lang='grc' dir='ltr'><em>χωρία·</em></span> <span class='ocrx_word' id='word_1_100' title='bbox 1431 1050 1720 1107; x_wconf 74' lang='grc' dir='ltr'><em>ὑπερβαίνον-</em></span> 
     </span>
    </p>

    <p class='ocr_par' dir='ltr' id='par_1_9' title="bbox 186 1115 1723 1457">
     <span class='ocr_line' id='line_1_14' title="bbox 231 1115 1720 1183; baseline -0.005 -13"><span class='ocrx_word' id='word_1_101' title='bbox 231 1144 303 1179; x_wconf 87' lang='grc' dir='ltr'><em>τες</em></span> <span class='ocrx_word' id='word_1_102' title='bbox 331 1124 410 1183; x_wconf 81' lang='grc' dir='ltr'><strong>γὰρ</strong></span> <span class='ocrx_word' id='word_1_103' title='bbox 449 1127 503 1169; x_wconf 79' lang='grc' dir='ltr'><em>τὰ</em></span> <span class='ocrx_word' id='word_1_104' title='bbox 547 1126 693 1183; x_wconf 81' lang='grc' dir='ltr'><em>τέμπη</em></span> <span class='ocrx_word' id='word_1_105' title='bbox 735 1127 814 1169; x_wconf 77' lang='grc' dir='ltr'><em>τοῦ</em></span> <span class='ocrx_word' id='word_1_106' title='bbox 846 1126 1008 1180; x_wconf 77' lang='grc' dir='ltr'><em>Αἵμου</em></span> <span class='ocrx_word' id='word_1_107' title='bbox 1051 1122 1130 1176; x_wconf 80' lang='grc' dir='ltr'><strong>τὰς</strong></span> <span class='ocrx_word' id='word_1_108' title='bbox 1172 1121 1262 1167; x_wconf 71' lang='grc' dir='ltr'><strong>ὑπὸ</strong></span> <span class='ocrx_word' id='word_1_109' title='bbox 1307 1124 1465 1166; x_wconf 83' lang='grc' dir='ltr'><em>τοῦτον</em></span> <span class='ocrx_word' id='word_1_110' title='bbox 1507 1115 1720 1169; x_wconf 80' lang='grc' dir='ltr'><em>πεόιάόας</em></span> 
     </span>
     <span class='ocr_line' id='line_1_15' title="bbox 232 1183 1720 1250; baseline -0.006 -12"><span class='ocrx_word' id='word_1_111' title='bbox 232 1195 503 1250; x_wconf 77' lang='grc' dir='ltr'><em>κατέτρεχον.</em></span> <span class='ocrx_word' id='word_1_112' title='bbox 557 1192 581 1238; x_wconf 83' lang='grc' dir='ltr'>ὁ</span> <span class='ocrx_word' id='word_1_113' title='bbox 613 1195 650 1238; x_wconf 75' lang='grc' dir='ltr'><strong>δ’</strong></span> <span class='ocrx_word' id='word_1_114' title='bbox 683 1189 847 1250; x_wconf 83' lang='grc' dir='ltr'><em>Αἶμος</em></span> <span class='ocrx_word' id='word_1_115' title='bbox 881 1184 1011 1246; x_wconf 67' lang='grc' dir='ltr'><em>οὗτος</em></span> <span class='ocrx_word' id='word_1_116' title='bbox 1041 1187 1148 1248; x_wconf 76' lang='grc' dir='ltr'><em>ὅρος</em></span> <span class='ocrx_word' id='word_1_117' title='bbox 1180 1192 1274 1237; x_wconf 73' lang='grc' dir='ltr'><em>ἐστὶ</em></span> <span class='ocrx_word' id='word_1_118' title='bbox 1304 1187 1581 1247; x_wconf 68' lang='grc' dir='ltr'><em>,μακρότατον</em></span> <span class='ocrx_word' id='word_1_119' title='bbox 1611 1183 1720 1230; x_wconf 79' lang='grc' dir='ltr'><em>κατὰ</em></span> 
     </span>
     <span class='ocr_line' id='line_1_16' title="bbox 186 1251 1719 1322; baseline -0.004 -17"><span class='ocrx_word' id='word_1_120' title='bbox 186 1260 430 1322; x_wconf 79' lang='grc' dir='ltr'><em>Βγραμμὴν</em></span> <span class='ocrx_word' id='word_1_121' title='bbox 457 1260 737 1321; x_wconf 80' lang='grc' dir='ltr'><em>παράλληλον</em></span> <span class='ocrx_word' id='word_1_122' title='bbox 766 1266 819 1322; x_wconf 76' lang='grc' dir='ltr'><em>τῇ</em></span> <span class='ocrx_word' id='word_1_123' title='bbox 846 1260 1038 1322; x_wconf 77' lang='grc' dir='ltr'><em>Ῥοδόπῃ</em></span> <span class='ocrx_word' id='word_1_124' title='bbox 1060 1263 1275 1318; x_wconf 88' lang='grc' dir='ltr'><em>κείμενον.</em></span> <span class='ocrx_word' id='word_1_125' title='bbox 1319 1254 1496 1316; x_wconf 66' lang='grc' dir='ltr'><em>ἆρχε-ται</em></span> <span class='ocrx_word' id='word_1_126' title='bbox 1516 1258 1595 1314; x_wconf 73' lang='grc' dir='ltr'><strong>μὲν</strong></span> <span class='ocrx_word' id='word_1_127' title='bbox 1623 1251 1719 1299; x_wconf 80' lang='grc' dir='ltr'><strong>οἷπὸ</strong></span> 
     </span>
     <span class='ocr_line' id='line_1_17' title="bbox 232 1321 1723 1387; baseline -0.005 -12"><span class='ocrx_word' id='word_1_128' title='bbox 232 1334 310 1375; x_wconf 81' lang='grc' dir='ltr'><em>τοῦ</em></span> <span class='ocrx_word' id='word_1_129' title='bbox 339 1326 546 1387; x_wconf 68' lang='grc' dir='ltr'><em>Εὐξείνου</em></span> <span class='ocrx_word' id='word_1_130' title='bbox 578 1329 757 1376; x_wconf 86' lang='grc' dir='ltr'><em>Πόντου</em></span> <span class='ocrx_word' id='word_1_131' title='bbox 788 1329 839 1377; x_wconf 80' lang='grc' dir='ltr'><em>τὸ</em></span> <span class='ocrx_word' id='word_1_132' title='bbox 881 1325 987 1387; x_wconf 72' lang='grc' dir='ltr'><em>ὅρος</em></span> <span class='ocrx_word' id='word_1_133' title='bbox 1012 1331 1084 1374; x_wconf 79' lang='grc' dir='ltr'><em>καὶ</em></span> <span class='ocrx_word' id='word_1_134' title='bbox 1113 1327 1271 1386; x_wconf 76' lang='grc' dir='ltr'><em>μικρὸν</em></span> <span class='ocrx_word' id='word_1_135' title='bbox 1299 1327 1589 1384; x_wconf 83' lang='grc' dir='ltr'><em>παραμείβων</em></span> <span class='ocrx_word' id='word_1_136' title='bbox 1619 1321 1723 1376; x_wconf 73' lang='grc' dir='ltr'><em>τούς</em></span> 
     </span>
     <span class='ocr_line' id='line_1_18' title="bbox 233 1390 1723 1457; baseline -0.005 -13"><span class='ocrx_word' id='word_1_137' title='bbox 233 1398 533 1457; x_wconf 82' lang='grc' dir='ltr'><em>καταρράκτας</em></span> <span class='ocrx_word' id='word_1_138' title='bbox 563 1401 713 1457; x_wconf 81' lang='grc' dir='ltr'><em>μέχρις</em></span> <span class='ocrx_word' id='word_1_139' title='bbox 742 1396 889 1444; x_wconf 68' lang='grc' dir='ltr'><em>αι”τιῦν</em></span> <span class='ocrx_word' id='word_1_140' title='bbox 918 1396 1164 1455; x_wconf 78' lang='grc' dir='ltr'><em>Ἰλλυρικῶν</em></span> <span class='ocrx_word' id='word_1_141' title='bbox 1197 1395 1340 1456; x_wconf 83' lang='grc' dir='ltr'><em>διήκει</em></span> <span class='ocrx_word' id='word_1_142' title='bbox 1358 1410 1390 1422; x_wconf 90' lang='lat'><strong>··</strong></span> <span class='ocrx_word' id='word_1_143' title='bbox 1412 1391 1537 1452; x_wconf 83' lang='grc' dir='ltr'><em>οἶμαι</em></span> <span class='ocrx_word' id='word_1_144' title='bbox 1566 1395 1618 1446; x_wconf 79' lang='grc' dir='ltr'><strong>δ’,</strong></span> <span class='ocrx_word' id='word_1_145' title='bbox 1651 1390 1723 1437; x_wconf 78' lang='grc' dir='ltr'><em>ὅτι</em></span> 
     </span>
    </p>

    <p class='ocr_par' dir='ltr' id='par_1_10' title="bbox 84 1456 1723 1597">
     <span class='ocr_line' id='line_1_19' title="bbox 84 1456 1723 1528; baseline -0.004 -18"><span class='ocrx_word' id='word_1_146' title='bbox 84 1475 123 1511; x_wconf 95' lang='lat' dir='ltr'><strong>P.</strong></span> <span class='ocrx_word' id='word_1_147' title='bbox 150 1477 222 1512; x_wconf 87' lang='lat'><strong>452</strong></span> <span class='ocrx_word' id='word_1_148' title='bbox 233 1469 305 1512; x_wconf 85' lang='grc' dir='ltr'><em>καὶ</em></span> <span class='ocrx_word' id='word_1_149' title='bbox 331 1467 683 1526; x_wconf 81' lang='grc' dir='ltr'><em>ὁιακοπτόμενον</em></span> <span class='ocrx_word' id='word_1_150' title='bbox 711 1471 775 1528; x_wconf 76' lang='grc' dir='ltr'><em>τῷ</em></span> <span class='ocrx_word' id='word_1_151' title='bbox 799 1464 1087 1526; x_wconf 75' lang='grc' dir='ltr'><em>Ἀδριαντικῴ</em></span> <span class='ocrx_word' id='word_1_152' title='bbox 1125 1465 1305 1524; x_wconf 83' lang='grc' dir='ltr'><em>πελάγει</em></span> <span class='ocrx_word' id='word_1_153' title='bbox 1332 1462 1467 1509; x_wconf 84' lang='grc' dir='ltr'><em>πάλιν</em></span> <span class='ocrx_word' id='word_1_154' title='bbox 1506 1461 1570 1515; x_wconf 82' lang='grc' dir='ltr'><strong>εἷς</strong></span> <span class='ocrx_word' id='word_1_155' title='bbox 1606 1456 1723 1505; x_wconf 76' lang='grc' dir='ltr'><em>ἅντι-</em></span> 
     </span>
     <span class='ocr_line' id='line_1_20' title="bbox 233 1529 1723 1597; baseline -0.007 -15"><span class='ocrx_word' id='word_1_156' title='bbox 233 1536 373 1593; x_wconf 78' lang='grc' dir='ltr'><em>πέραν</em></span> <span class='ocrx_word' id='word_1_157' title='bbox 419 1531 604 1597; x_wconf 74' lang='grc' dir='ltr'><em>ἤπειρον</em></span> <span class='ocrx_word' id='word_1_158' title='bbox 644 1533 938 1594; x_wconf 70' lang='grc' dir='ltr'><em>ἀναλαμβάνει</em></span> <span class='ocrx_word' id='word_1_159' title='bbox 994 1537 1064 1581; x_wconf 86' lang='grc' dir='ltr'><em>καὶ</em></span> <span class='ocrx_word' id='word_1_160' title='bbox 1109 1536 1261 1593; x_wconf 81' lang='grc' dir='ltr'><em>μέχρις</em></span> <span class='ocrx_word' id='word_1_161' title='bbox 1299 1529 1444 1578; x_wconf 72' lang='grc' dir='ltr'><em>αὐτῶν</em></span> <span class='ocrx_word' id='word_1_162' title='bbox 1490 1530 1723 1589; x_wconf 81' lang='grc' dir='ltr'><em>Ἑρκυνίων</em></span> 
     </span>
    </p>
   </div>
   <div class='ocr_carea' id='block_1_3' title="bbox 368 1676 1726 2118">
    <p class='ocr_par' dir='ltr' id='par_1_11' title="bbox 368 1676 1726 2118">
     <span class='ocr_line' id='line_1_21' title="bbox 372 1676 1723 1730; baseline -0.004 -14"><span class='ocrx_word' id='word_1_163' title='bbox 372 1683 402 1717; x_wconf 90' lang='lat'><strong>1.</strong></span> <span class='ocrx_word' id='word_1_164' title='bbox 430 1682 655 1728; x_wconf 77' lang='grc' dir='ltr'><em>ἐγκοσμίους</em></span> <span class='ocrx_word' id='word_1_165' title='bbox 679 1682 827 1729; x_wconf 81' lang='lat' dir='ltr'>scripsi:</span> <span class='ocrx_word' id='word_1_166' title='bbox 853 1683 1065 1730; x_wconf 74' lang='grc' dir='ltr'><em>ἑγκοσμίως</em></span> <span class='ocrx_word' id='word_1_167' title='bbox 1089 1682 1130 1718; x_wconf 91' lang='grc' dir='ltr'><strong>Ρ.</strong></span> <span class='ocrx_word' id='word_1_168' title='bbox 1270 1678 1544 1727; x_wconf 78' lang='grc' dir='ltr'><em>ὑπερκοσμίους</em></span> <span class='ocrx_word' id='word_1_169' title='bbox 1572 1676 1723 1722; x_wconf 83' lang='lat' dir='ltr'><strong>scripsi:</strong></span> 
     </span>
     <span class='ocr_line' id='line_1_22' title="bbox 370 1727 1723 1786; baseline -0.004 -22"><span class='ocrx_word' id='word_1_170' title='bbox 370 1728 629 1786; x_wconf 59' lang='lat' dir='ltr'><strong>ziffspzocrpclcuc</strong></span> <span class='ocrx_word' id='word_1_171' title='bbox 641 1731 681 1767; x_wconf 90' lang='lat' dir='ltr'><strong>P.</strong></span> <span class='ocrx_word' id='word_1_172' title='bbox 765 1733 797 1767; x_wconf 86' lang='lat'><strong>5.</strong></span> <span class='ocrx_word' id='word_1_173' title='bbox 825 1729 1085 1778; x_wconf 71' lang='grc' dir='ltr'><em>τζιμισχὴςΟῙ,</em></span> <span class='ocrx_word' id='word_1_174' title='bbox 1112 1728 1412 1777; x_wconf 56' lang='grc' dir='ltr'><em>τζυμισκῆςΟἳΡ.</em></span> <span class='ocrx_word' id='word_1_175' title='bbox 1487 1728 1520 1762; x_wconf 89' lang='grc'><strong>9.</strong></span> <span class='ocrx_word' id='word_1_176' title='bbox 1548 1727 1723 1772; x_wconf 58' lang='grc' dir='ltr'><em>ἐπρυμνο-</em></span> 
     </span>
     <span class='ocr_line' id='line_1_23' title="bbox 369 1775 1723 1827; baseline -0.004 -14"><span class='ocrx_word' id='word_1_177' title='bbox 369 1791 486 1814; x_wconf 82' lang='grc' dir='ltr'><em>τατων</em></span> <span class='ocrx_word' id='word_1_178' title='bbox 500 1779 539 1823; x_wconf 81' lang='lat' dir='ltr'><strong>G,</strong></span> <span class='ocrx_word' id='word_1_179' title='bbox 566 1776 846 1827; x_wconf 72' lang='grc' dir='ltr'><em>ἔκρυμνοτιίτων</em></span> <span class='ocrx_word' id='word_1_180' title='bbox 858 1780 897 1815; x_wconf 87' lang='grc' dir='ltr'><strong>Ρ.</strong></span> <span class='ocrx_word' id='word_1_181' title='bbox 997 1776 1143 1815; x_wconf 82' lang='grc' dir='ltr'><em>πόλεων</em></span> <span class='ocrx_word' id='word_1_182' title='bbox 1166 1779 1315 1824; x_wconf 84' lang='lat' dir='ltr'>scripsi:</span> <span class='ocrx_word' id='word_1_183' title='bbox 1342 1775 1506 1812; x_wconf 81' lang='grc' dir='ltr'><em>πυλῶνΟ</em></span> <span class='ocrx_word' id='word_1_184' title='bbox 1532 1775 1568 1821; x_wconf 88' lang='grc' dir='ltr'><strong>(υ</strong></span> <span class='ocrx_word' id='word_1_185' title='bbox 1593 1787 1612 1810; x_wconf 92' lang='lat' dir='ltr'><strong>e</strong></span> <span class='ocrx_word' id='word_1_186' title='bbox 1627 1785 1723 1810; x_wconf 85' lang='lat' dir='ltr'><strong>corr.</strong></span> 
     </span>
     <span class='ocr_line' id='line_1_24' title="bbox 370 1820 1725 1875; baseline -0.004 -13"><span class='ocrx_word' id='word_1_187' title='bbox 370 1840 415 1863; x_wconf 91' lang='lat' dir='ltr'><strong>m.</strong></span> <span class='ocrx_word' id='word_1_188' title='bbox 441 1828 480 1871; x_wconf 84' lang='lat'><strong>2)</strong></span> <span class='ocrx_word' id='word_1_189' title='bbox 494 1828 534 1863; x_wconf 90' lang='lat' dir='ltr'><strong>P.</strong></span> <span class='ocrx_word' id='word_1_190' title='bbox 632 1828 904 1875; x_wconf 80' lang='grc' dir='ltr'><em>τυραννιῶντες]</em></span> <span class='ocrx_word' id='word_1_191' title='bbox 935 1829 963 1864; x_wconf 82' lang='grc' dir='ltr'><em>ὦ</em></span> <span class='ocrx_word' id='word_1_192' title='bbox 988 1830 1028 1865; x_wconf 89' lang='lat' dir='ltr'><strong>in</strong></span> <span class='ocrx_word' id='word_1_193' title='bbox 1058 1828 1084 1864; x_wconf 84' lang='lat' dir='ltr'>G</span> <span class='ocrx_word' id='word_1_194' title='bbox 1108 1828 1147 1863; x_wconf 91' lang='lat' dir='ltr'><strong>in</strong></span> <span class='ocrx_word' id='word_1_195' title='bbox 1171 1840 1243 1863; x_wconf 89' lang='lat' dir='ltr'><strong>ras.</strong></span> <span class='ocrx_word' id='word_1_196' title='bbox 1270 1839 1317 1862; x_wconf 90' lang='lat' dir='ltr'><strong>m.</strong></span> <span class='ocrx_word' id='word_1_197' title='bbox 1345 1828 1378 1861; x_wconf 82' lang='lat'><strong>2.</strong></span> <span class='ocrx_word' id='word_1_198' title='bbox 1549 1825 1604 1859; x_wconf 90' lang='grc'><strong>10.</strong></span> <span class='ocrx_word' id='word_1_199' title='bbox 1631 1820 1725 1857; x_wconf 76' lang='grc' dir='ltr'><em>ἄπα-</em></span> 
     </span>
     <span class='ocr_line' id='line_1_25' title="bbox 368 1870 1725 1923; baseline -0.003 -11"><span class='ocrx_word' id='word_1_200' title='bbox 368 1872 498 1923; x_wconf 86' lang='grc' dir='ltr'><em>γαγών</em></span> <span class='ocrx_word' id='word_1_201' title='bbox 523 1877 674 1923; x_wconf 83' lang='lat' dir='ltr'>scripsi:</span> <span class='ocrx_word' id='word_1_202' title='bbox 708 1876 920 1923; x_wconf 79' lang='grc' dir='ltr'><em>ἀπαγαγεῖν</em></span> <span class='ocrx_word' id='word_1_203' title='bbox 949 1877 975 1913; x_wconf 84' lang='grc' dir='ltr'>Ο</span> <span class='ocrx_word' id='word_1_204' title='bbox 1000 1877 1078 1923; x_wconf 86' lang='lat' dir='ltr'><strong>(sed</strong></span> <span class='ocrx_word' id='word_1_205' title='bbox 1105 1881 1139 1912; x_wconf 77' lang='grc' dir='ltr'><strong>εἷ</strong></span> <span class='ocrx_word' id='word_1_206' title='bbox 1162 1877 1201 1912; x_wconf 85' lang='lat' dir='ltr'><strong>in</strong></span> <span class='ocrx_word' id='word_1_207' title='bbox 1226 1888 1297 1911; x_wconf 86' lang='lat' dir='ltr'><strong>ras.</strong></span> <span class='ocrx_word' id='word_1_208' title='bbox 1321 1887 1367 1911; x_wconf 90' lang='lat' dir='ltr'><strong>m.</strong></span> <span class='ocrx_word' id='word_1_209' title='bbox 1395 1874 1432 1919; x_wconf 88' lang='grc'><strong>2)</strong></span> <span class='ocrx_word' id='word_1_210' title='bbox 1456 1872 1497 1909; x_wconf 92' lang='lat' dir='ltr'><strong>P.</strong></span> <span class='ocrx_word' id='word_1_211' title='bbox 1670 1870 1725 1906; x_wconf 85' lang='lat'><strong>13.</strong></span> 
     </span>
     <span class='ocr_line' id='line_1_26' title="bbox 369 1919 1726 1981; baseline -0.004 -18"><span class='ocrx_word' id='word_1_212' title='bbox 369 1925 507 1981; x_wconf 47' lang='grc' dir='ltr'><em>τέμῃιη]</em></span> <span class='ocrx_word' id='word_1_213' title='bbox 536 1939 557 1969; x_wconf 87' lang='grc' dir='ltr'><em>η</em></span> <span class='ocrx_word' id='word_1_214' title='bbox 582 1926 622 1960; x_wconf 89' lang='lat' dir='ltr'><strong>in</strong></span> <span class='ocrx_word' id='word_1_215' title='bbox 649 1926 674 1962; x_wconf 86' lang='lat' dir='ltr'>C</span> <span class='ocrx_word' id='word_1_216' title='bbox 700 1938 720 1962; x_wconf 90' lang='lat' dir='ltr'><strong>e</strong></span> <span class='ocrx_word' id='word_1_217' title='bbox 748 1938 844 1962; x_wconf 91' lang='lat' dir='ltr'><strong>corr.</strong></span> <span class='ocrx_word' id='word_1_218' title='bbox 871 1938 919 1962; x_wconf 89' lang='lat' dir='ltr'><strong>m.</strong></span> <span class='ocrx_word' id='word_1_219' title='bbox 947 1927 980 1962; x_wconf 91' lang='lat'><strong>2.</strong></span> <span class='ocrx_word' id='word_1_220' title='bbox 1054 1926 1183 1961; x_wconf 82' lang='grc' dir='ltr'><em>τοῦτον</em></span> <span class='ocrx_word' id='word_1_221' title='bbox 1209 1924 1246 1968; x_wconf 87' lang='lat' dir='ltr'><strong>C,</strong></span> <span class='ocrx_word' id='word_1_222' title='bbox 1272 1919 1409 1959; x_wconf 75' lang='grc' dir='ltr'><em>τούτων</em></span> <span class='ocrx_word' id='word_1_223' title='bbox 1431 1921 1475 1958; x_wconf 89' lang='lat' dir='ltr'><strong>P.</strong></span> <span class='ocrx_word' id='word_1_224' title='bbox 1575 1920 1629 1954; x_wconf 85' lang='lat'><strong>14.</strong></span> <span class='ocrx_word' id='word_1_225' title='bbox 1655 1932 1726 1966; x_wconf 83' lang='grc' dir='ltr'><em>μα-</em></span> 
     </span>
     <span class='ocr_line' id='line_1_27' title="bbox 371 1967 1726 2022; baseline -0.004 -14"><span class='ocrx_word' id='word_1_226' title='bbox 371 1986 548 2020; x_wconf 82' lang='grc' dir='ltr'><em>κροτατον</em></span> <span class='ocrx_word' id='word_1_227' title='bbox 571 1974 612 2015; x_wconf 88' lang='lat' dir='ltr'><strong>P,</strong></span> <span class='ocrx_word' id='word_1_228' title='bbox 636 1971 886 2022; x_wconf 78' lang='grc' dir='ltr'><em>μακρόπατον</em></span> <span class='ocrx_word' id='word_1_229' title='bbox 911 1974 948 2010; x_wconf 92' lang='lat' dir='ltr'><strong>C.</strong></span> <span class='ocrx_word' id='word_1_230' title='bbox 1098 1975 1153 2010; x_wconf 87' lang='lat'><strong>15.</strong></span> <span class='ocrx_word' id='word_1_231' title='bbox 1178 1968 1350 2018; x_wconf 70' lang='grc' dir='ltr'><strong>Ῥοδόπη]</strong></span> <span class='ocrx_word' id='word_1_232' title='bbox 1376 1985 1396 2007; x_wconf 91' lang='grc' dir='ltr'><em>ο</em></span> <span class='ocrx_word' id='word_1_233' title='bbox 1423 1969 1609 2018; x_wconf 87' lang='lat' dir='ltr'><strong>posterius</strong></span> <span class='ocrx_word' id='word_1_234' title='bbox 1634 1969 1673 2003; x_wconf 92' lang='lat' dir='ltr'><strong>in</strong></span> <span class='ocrx_word' id='word_1_235' title='bbox 1700 1967 1726 2002; x_wconf 85' lang='lat' dir='ltr'>C</span> 
     </span>
     <span class='ocr_line' id='line_1_28' title="bbox 374 2011 1726 2078; baseline -0.006 -20"><span class='ocrx_word' id='word_1_236' title='bbox 374 2034 393 2058; x_wconf 82' lang='lat' dir='ltr'><strong>e</strong></span> <span class='ocrx_word' id='word_1_237' title='bbox 409 2034 514 2078; x_wconf 54' lang='lat' dir='ltr'><strong>&#39;corn</strong></span> <span class='ocrx_word' id='word_1_238' title='bbox 540 2034 589 2059; x_wconf 84' lang='lat' dir='ltr'><strong>m.</strong></span> <span class='ocrx_word' id='word_1_239' title='bbox 615 2025 650 2058; x_wconf 90' lang='grc'><strong>2.</strong></span> <span class='ocrx_word' id='word_1_240' title='bbox 800 2024 855 2059; x_wconf 91' lang='grc'><strong>16.</strong></span> <span class='ocrx_word' id='word_1_241' title='bbox 880 2022 921 2059; x_wconf 81' lang='grc' dir='ltr'><em>τὸ</em></span> <span class='ocrx_word' id='word_1_242' title='bbox 949 2018 1035 2070; x_wconf 75' lang='grc' dir='ltr'><em>ὅρος</em></span> <span class='ocrx_word' id='word_1_243' title='bbox 1061 2022 1099 2069; x_wconf 83' lang='lat' dir='ltr'><strong>C,</strong></span> <span class='ocrx_word' id='word_1_244' title='bbox 1126 2023 1190 2057; x_wconf 85' lang='grc' dir='ltr'><em>τοῦ</em></span> <span class='ocrx_word' id='word_1_245' title='bbox 1215 2017 1301 2068; x_wconf 74' lang='grc' dir='ltr'><em>ὄρος</em></span> <span class='ocrx_word' id='word_1_246' title='bbox 1317 2011 1365 2056; x_wconf 69' lang='lat' dir='ltr'><strong>¹P.</strong></span> <span class='ocrx_word' id='word_1_247' title='bbox 1513 2020 1567 2053; x_wconf 89' lang='lat'><strong>17.</strong></span> <span class='ocrx_word' id='word_1_248' title='bbox 1593 2030 1726 2062; x_wconf 82' lang='grc' dir='ltr'><em>καταρ-</em></span> 
     </span>
     <span class='ocr_line' id='line_1_29' title="bbox 374 2064 1725 2118; baseline -0.004 -12"><span class='ocrx_word' id='word_1_249' title='bbox 374 2084 506 2117; x_wconf 79' lang='grc' dir='ltr'><em>ρακτας</em></span> <span class='ocrx_word' id='word_1_250' title='bbox 531 2071 569 2116; x_wconf 84' lang='lat' dir='ltr'><strong>C,</strong></span> <span class='ocrx_word' id='word_1_251' title='bbox 596 2068 821 2118; x_wconf 74' lang='grc' dir='ltr'><em>καταράκτας</em></span> <span class='ocrx_word' id='word_1_252' title='bbox 846 2072 886 2107; x_wconf 89' lang='grc' dir='ltr'><strong>Ρ.</strong></span> <span class='ocrx_word' id='word_1_253' title='bbox 1005 2073 1058 2107; x_wconf 87' lang='grc'><strong>18.</strong></span> <span class='ocrx_word' id='word_1_254' title='bbox 1090 2069 1325 2117; x_wconf 68' lang='grc' dir='ltr'><em>Ἀδριαντικῷ</em></span> <span class='ocrx_word' id='word_1_255' title='bbox 1349 2069 1391 2112; x_wconf 89' lang='grc' dir='ltr'><strong>Ρ,</strong></span> <span class='ocrx_word' id='word_1_256' title='bbox 1416 2065 1660 2114; x_wconf 71' lang='grc' dir='ltr'><em>ἆνὸριανῑικῶ</em></span> <span class='ocrx_word' id='word_1_257' title='bbox 1686 2064 1725 2100; x_wconf 91' lang='lat' dir='ltr'><strong>C.</strong></span> 
     </span>
    </p>
   </div>
   <div class='ocr_carea' id='block_1_4' title="bbox 237 2210 1730 2891">
    <p class='ocr_par' dir='ltr' id='par_1_12' title="bbox 237 2210 1730 2891">
     <span class='ocr_line' id='line_1_30' title="bbox 239 2210 1727 2261; baseline -0.005 -10"><span class='ocrx_word' id='word_1_258' title='bbox 239 2215 378 2261; x_wconf 88' lang='lat' dir='ltr'><strong>quippe</strong></span> <span class='ocrx_word' id='word_1_259' title='bbox 402 2216 466 2261; x_wconf 91' lang='lat' dir='ltr'><strong>qui</strong></span> <span class='ocrx_word' id='word_1_260' title='bbox 492 2216 578 2252; x_wconf 86' lang='lat' dir='ltr'><strong>inde</strong></span> <span class='ocrx_word' id='word_1_261' title='bbox 606 2217 724 2253; x_wconf 84' lang='lat' dir='ltr'><strong>multa</strong></span> <span class='ocrx_word' id='word_1_262' title='bbox 748 2217 821 2252; x_wconf 87' lang='lat' dir='ltr'><strong>alia</strong></span> <span class='ocrx_word' id='word_1_263' title='bbox 845 2220 883 2253; x_wconf 89' lang='lat' dir='ltr'><strong>et</strong></span> <span class='ocrx_word' id='word_1_264' title='bbox 908 2218 1011 2253; x_wconf 88' lang='lat' dir='ltr'><strong>intra</strong></span> <span class='ocrx_word' id='word_1_265' title='bbox 1034 2219 1072 2252; x_wconf 85' lang='lat' dir='ltr'><strong>et</strong></span> <span class='ocrx_word' id='word_1_266' title='bbox 1097 2227 1211 2261; x_wconf 88' lang='lat' dir='ltr'><strong>supra</strong></span> <span class='ocrx_word' id='word_1_267' title='bbox 1229 2213 1409 2250; x_wconf 84' lang='lat' dir='ltr'><strong>mundum</strong></span> <span class='ocrx_word' id='word_1_268' title='bbox 1427 2210 1614 2258; x_wconf 85' lang='lat' dir='ltr'><strong>principia</strong></span> <span class='ocrx_word' id='word_1_269' title='bbox 1637 2212 1727 2255; x_wconf 86' lang='lat' dir='ltr'><strong>apta</strong></span> 
     </span>
     <span class='ocr_line' id='line_1_31' title="bbox 239 2258 1727 2318; baseline -0.005 -20"><span class='ocrx_word' id='word_1_270' title='bbox 239 2275 315 2318; x_wconf 74' lang='lat' dir='ltr'><strong>esse</strong></span> <span class='ocrx_word' id='word_1_271' title='bbox 352 2263 490 2299; x_wconf 82' lang='lat' dir='ltr'><strong>dicant.</strong></span> <span class='ocrx_word' id='word_1_272' title='bbox 555 2277 684 2300; x_wconf 89' lang='lat' dir='ltr'><strong>verum</strong></span> <span class='ocrx_word' id='word_1_273' title='bbox 722 2266 805 2301; x_wconf 89' lang='lat' dir='ltr'><strong>illos</strong></span> <span class='ocrx_word' id='word_1_274' title='bbox 844 2265 1003 2301; x_wconf 83' lang='lat' dir='ltr'><strong>Manetis</strong></span> <span class='ocrx_word' id='word_1_275' title='bbox 1048 2277 1090 2300; x_wconf 87' lang='lat' dir='ltr'><strong>ac</strong></span> <span class='ocrx_word' id='word_1_276' title='bbox 1128 2264 1235 2299; x_wconf 88' lang='lat' dir='ltr'><strong>Pauli</strong></span> <span class='ocrx_word' id='word_1_277' title='bbox 1273 2266 1311 2299; x_wconf 91' lang='lat' dir='ltr'><strong>et</strong></span> <span class='ocrx_word' id='word_1_278' title='bbox 1345 2260 1494 2298; x_wconf 87' lang='lat' dir='ltr'><strong>Ioannis</strong></span> <span class='ocrx_word' id='word_1_279' title='bbox 1533 2258 1727 2294; x_wconf 88' lang='lat' dir='ltr'><strong>Callinices</strong></span> 
     </span>
     <span class='ocr_line' id='line_1_32' title="bbox 239 2305 1726 2367; baseline -0.004 -21"><span class='ocrx_word' id='word_1_280' title='bbox 239 2311 401 2367; x_wconf 80' lang='lat' dir='ltr'><strong>filiorum</strong></span> <span class='ocrx_word' id='word_1_281' title='bbox 431 2316 644 2358; x_wconf 71' lang='lat' dir='ltr'><strong>sectatores,</strong></span> <span class='ocrx_word' id='word_1_282' title='bbox 658 2314 827 2350; x_wconf 83' lang='lat' dir='ltr'><strong>homines</strong></span> <span class='ocrx_word' id='word_1_283' title='bbox 857 2315 954 2350; x_wconf 83' lang='lat' dir='ltr'><strong>feres</strong></span> <span class='ocrx_word' id='word_1_284' title='bbox 980 2314 1174 2359; x_wconf 80' lang='lat' dir='ltr'><strong>rudesque,</strong></span> <span class='ocrx_word' id='word_1_285' title='bbox 1190 2313 1254 2358; x_wconf 88' lang='lat' dir='ltr'><strong>qui</strong></span> <span class='ocrx_word' id='word_1_286' title='bbox 1278 2322 1448 2347; x_wconf 87' lang='lat' dir='ltr'><strong>cruorem</strong></span> <span class='ocrx_word' id='word_1_287' title='bbox 1462 2308 1618 2344; x_wconf 87' lang='lat' dir='ltr'><strong>fundere</strong></span> <span class='ocrx_word' id='word_1_288' title='bbox 1632 2305 1726 2341; x_wconf 87' lang='lat' dir='ltr'>nihil</span> 
     </span>
     <span class='ocr_line' id='line_1_33' title="bbox 239 2357 1728 2409; baseline -0.004 -14"><span class='ocrx_word' id='word_1_289' title='bbox 239 2359 425 2404; x_wconf 84' lang='lat' dir='ltr'><strong>dubitant,</strong></span> <span class='ocrx_word' id='word_1_290' title='bbox 451 2361 601 2397; x_wconf 86' lang='lat' dir='ltr'><strong>inclitus</strong></span> <span class='ocrx_word' id='word_1_291' title='bbox 633 2362 694 2397; x_wconf 87' lang='lat' dir='ltr'><strong>ille</strong></span> <span class='ocrx_word' id='word_1_292' title='bbox 721 2363 928 2409; x_wconf 85' lang='lat' dir='ltr'><strong>imperator</strong></span> <span class='ocrx_word' id='word_1_293' title='bbox 943 2363 1096 2398; x_wconf 85' lang='lat' dir='ltr'><strong>Ioannes</strong></span> <span class='ocrx_word' id='word_1_294' title='bbox 1108 2361 1319 2401; x_wconf 81' lang='lat' dir='ltr'><strong>TzimisceS‚</strong></span> <span class='ocrx_word' id='word_1_295' title='bbox 1346 2370 1431 2395; x_wconf 86' lang='lat' dir='ltr'><strong>cum</strong></span> <span class='ocrx_word' id='word_1_296' title='bbox 1456 2357 1652 2393; x_wconf 78' lang='lat' dir='ltr'><strong>devicisset</strong></span> <span class='ocrx_word' id='word_1_297' title='bbox 1667 2367 1728 2390; x_wconf 87' lang='lat' dir='ltr'><strong>eos</strong></span> 
     </span>
     <span class='ocr_line' id='line_1_34' title="bbox 240 2404 1728 2464; baseline -0.005 -20"><span class='ocrx_word' id='word_1_298' title='bbox 240 2409 480 2464; x_wconf 77' lang='lat' dir='ltr'><strong>captivosque</strong></span> <span class='ocrx_word' id='word_1_299' title='bbox 507 2422 551 2445; x_wconf 88' lang='lat' dir='ltr'><strong>ex</strong></span> <span class='ocrx_word' id='word_1_300' title='bbox 574 2410 664 2446; x_wconf 86' lang='lat' dir='ltr'><strong>Asia</strong></span> <span class='ocrx_word' id='word_1_301' title='bbox 691 2411 867 2455; x_wconf 82' lang='lat' dir='ltr'><strong>duxisset,</strong></span> <span class='ocrx_word' id='word_1_302' title='bbox 894 2423 913 2447; x_wconf 90' lang='lat' dir='ltr'><strong>e</strong></span> <span class='ocrx_word' id='word_1_303' title='bbox 941 2411 1165 2457; x_wconf 83' lang='lat' dir='ltr'><strong>Chalybibus</strong></span> <span class='ocrx_word' id='word_1_304' title='bbox 1184 2408 1446 2454; x_wconf 81' lang='lat' dir='ltr'><strong>Armeniisque</strong></span> <span class='ocrx_word' id='word_1_305' title='bbox 1474 2407 1513 2440; x_wconf 90' lang='lat' dir='ltr'><strong>in</strong></span> <span class='ocrx_word' id='word_1_306' title='bbox 1531 2404 1728 2439; x_wconf 84' lang='lat' dir='ltr'><strong>Thraciam</strong></span> 
     </span>
     <span class='ocr_line' id='line_1_35' title="bbox 239 2452 1728 2513; baseline -0.003 -22"><span class='ocrx_word' id='word_1_307' title='bbox 239 2458 432 2513; x_wconf 75' lang='lat' dir='ltr'><strong>transtulit</strong></span> <span class='ocrx_word' id='word_1_308' title='bbox 456 2470 499 2494; x_wconf 87' lang='lat' dir='ltr'><strong>ac</strong></span> <span class='ocrx_word' id='word_1_309' title='bbox 523 2460 622 2495; x_wconf 86' lang='lat' dir='ltr'><strong>circa</strong></span> <span class='ocrx_word' id='word_1_310' title='bbox 640 2459 920 2506; x_wconf 85' lang='lat' dir='ltr'><strong>Philippopolin</strong></span> <span class='ocrx_word' id='word_1_311' title='bbox 946 2460 1118 2495; x_wconf 83' lang='lat' dir='ltr'><strong>habitare</strong></span> <span class='ocrx_word' id='word_1_312' title='bbox 1144 2459 1277 2504; x_wconf 83' lang='lat' dir='ltr'><strong>coegit,</strong></span> <span class='ocrx_word' id='word_1_313' title='bbox 1302 2456 1442 2503; x_wconf 76' lang='lat' dir='ltr'><strong>partim</strong></span> <span class='ocrx_word' id='word_1_314' title='bbox 1469 2457 1512 2489; x_wconf 90' lang='lat' dir='ltr'><strong>ut</strong></span> <span class='ocrx_word' id='word_1_315' title='bbox 1537 2465 1581 2489; x_wconf 88' lang='lat' dir='ltr'><strong>ex</strong></span> <span class='ocrx_word' id='word_1_316' title='bbox 1609 2452 1728 2487; x_wconf 89' lang='lat' dir='ltr'><strong>muni-</strong></span> 
     </span>
     <span class='ocr_line' id='line_1_36' title="bbox 239 2500 1727 2554; baseline -0.003 -14"><span class='ocrx_word' id='word_1_317' title='bbox 239 2509 393 2541; x_wconf 76' lang='lat' dir='ltr'><strong>tissimis</strong></span> <span class='ocrx_word' id='word_1_318' title='bbox 419 2518 479 2542; x_wconf 87' lang='lat' dir='ltr'><strong>eos</strong></span> <span class='ocrx_word' id='word_1_319' title='bbox 510 2507 668 2543; x_wconf 86' lang='lat' dir='ltr'><strong>urbibus</strong></span> <span class='ocrx_word' id='word_1_320' title='bbox 694 2512 733 2544; x_wconf 87' lang='lat' dir='ltr'><strong>et</strong></span> <span class='ocrx_word' id='word_1_321' title='bbox 758 2509 917 2552; x_wconf 75' lang='lat' dir='ltr'><strong>arcibus,</strong></span> <span class='ocrx_word' id='word_1_322' title='bbox 948 2521 1038 2554; x_wconf 85' lang='lat' dir='ltr'><strong>quas</strong></span> <span class='ocrx_word' id='word_1_323' title='bbox 1076 2507 1269 2554; x_wconf 78' lang='lat' dir='ltr'><strong>tyrannice</strong></span> <span class='ocrx_word' id='word_1_324' title='bbox 1294 2508 1381 2541; x_wconf 85' lang='lat' dir='ltr'><strong>aute</strong></span> <span class='ocrx_word' id='word_1_325' title='bbox 1407 2504 1616 2543; x_wconf 79' lang='lat' dir='ltr'><strong>tenuerant.</strong></span> <span class='ocrx_word' id='word_1_326' title='bbox 1642 2500 1727 2536; x_wconf 88' lang='lat' dir='ltr'><strong>edu-</strong></span> 
     </span>
     <span class='ocr_line' id='line_1_37' title="bbox 238 2551 1728 2608; baseline -0.003 -21"><span class='ocrx_word' id='word_1_327' title='bbox 238 2557 348 2608; x_wconf 73' lang='lat' dir='ltr'><strong>ceret,</strong></span> <span class='ocrx_word' id='word_1_328' title='bbox 375 2556 513 2600; x_wconf 86' lang='lat' dir='ltr'><strong>partim</strong></span> <span class='ocrx_word' id='word_1_329' title='bbox 539 2559 582 2591; x_wconf 87' lang='lat' dir='ltr'><strong>ut</strong></span> <span class='ocrx_word' id='word_1_330' title='bbox 605 2556 811 2592; x_wconf 86' lang='lat' dir='ltr'><strong>tutissimos</strong></span> <span class='ocrx_word' id='word_1_331' title='bbox 835 2557 1005 2593; x_wconf 82' lang='lat' dir='ltr'><strong>custodes</strong></span> <span class='ocrx_word' id='word_1_332' title='bbox 1044 2568 1105 2592; x_wconf 88' lang='lat' dir='ltr'><strong>eos</strong></span> <span class='ocrx_word' id='word_1_333' title='bbox 1144 2556 1320 2591; x_wconf 76' lang='lat' dir='ltr'><strong>adver-sus</strong></span> <span class='ocrx_word' id='word_1_334' title='bbox 1346 2553 1564 2598; x_wconf 85' lang='lat' dir='ltr'><strong>Scytharum</strong></span> <span class='ocrx_word' id='word_1_335' title='bbox 1604 2551 1728 2585; x_wconf 86' lang='lat' dir='ltr'><strong>incur-</strong></span> 
     </span>
     <span class='ocr_line' id='line_1_38' title="bbox 239 2597 1728 2656; baseline -0.003 -20"><span class='ocrx_word' id='word_1_336' title='bbox 239 2613 358 2637; x_wconf 78' lang='lat' dir='ltr'><strong>siones</strong></span> <span class='ocrx_word' id='word_1_337' title='bbox 382 2603 593 2656; x_wconf 77' lang='lat' dir='ltr'><strong>collocaret,</strong></span> <span class='ocrx_word' id='word_1_338' title='bbox 621 2605 757 2651; x_wconf 82' lang='lat' dir='ltr'><strong>quibus</strong></span> <span class='ocrx_word' id='word_1_339' title='bbox 782 2617 889 2652; x_wconf 83' lang='lat' dir='ltr'><strong>saepe</strong></span> <span class='ocrx_word' id='word_1_340' title='bbox 903 2605 1084 2641; x_wconf 86' lang='lat' dir='ltr'><strong>Thraciae</strong></span> <span class='ocrx_word' id='word_1_341' title='bbox 1100 2604 1269 2651; x_wconf 83' lang='lat' dir='ltr'><strong>regiones</strong></span> <span class='ocrx_word' id='word_1_342' title='bbox 1286 2602 1566 2648; x_wconf 85' lang='lat' dir='ltr'><strong>premebantur.</strong></span> <span class='ocrx_word' id='word_1_343' title='bbox 1591 2597 1728 2634; x_wconf 88' lang='lat' dir='ltr'><strong>etenim</strong></span> 
     </span>
     <span class='ocr_line' id='line_1_39' title="bbox 239 2646 1727 2700; baseline -0.003 -16"><span class='ocrx_word' id='word_1_344' title='bbox 239 2649 390 2685; x_wconf 80' lang='lat' dir='ltr'><strong>barbari</strong></span> <span class='ocrx_word' id='word_1_345' title='bbox 416 2651 546 2687; x_wconf 78' lang='lat' dir='ltr'><strong>Haemi</strong></span> <span class='ocrx_word' id='word_1_346' title='bbox 572 2654 764 2699; x_wconf 81' lang='lat' dir='ltr'><strong>angustias</strong></span> <span class='ocrx_word' id='word_1_347' title='bbox 790 2655 1015 2700; x_wconf 82' lang='lat' dir='ltr'><strong>transgressi</strong></span> <span class='ocrx_word' id='word_1_348' title='bbox 1036 2654 1075 2689; x_wconf 91' lang='lat' dir='ltr'><strong>in</strong></span> <span class='ocrx_word' id='word_1_349' title='bbox 1094 2665 1244 2699; x_wconf 85' lang='lat' dir='ltr'><strong>campos</strong></span> <span class='ocrx_word' id='word_1_350' title='bbox 1263 2652 1319 2687; x_wconf 90' lang='lat' dir='ltr'><strong>illi</strong></span> <span class='ocrx_word' id='word_1_351' title='bbox 1338 2650 1523 2686; x_wconf 86' lang='lat' dir='ltr'><strong>subiectos</strong></span> <span class='ocrx_word' id='word_1_352' title='bbox 1549 2659 1587 2682; x_wconf 90' lang='lat' dir='ltr'><strong>se</strong></span> <span class='ocrx_word' id='word_1_353' title='bbox 1613 2646 1727 2681; x_wconf 87' lang='lat' dir='ltr'><strong>effun-</strong></span> 
     </span>
     <span class='ocr_line' id='line_1_40' title="bbox 239 2695 1728 2754; baseline -0.001 -23"><span class='ocrx_word' id='word_1_354' title='bbox 239 2697 387 2733; x_wconf 83' lang='lat' dir='ltr'><strong>debant.</strong></span> <span class='ocrx_word' id='word_1_355' title='bbox 453 2701 598 2754; x_wconf 78' lang='lat' dir='ltr'><strong>obiacet</strong></span> <span class='ocrx_word' id='word_1_356' title='bbox 637 2702 797 2737; x_wconf 85' lang='lat' dir='ltr'><strong>Haemus</strong></span> <span class='ocrx_word' id='word_1_357' title='bbox 840 2715 945 2738; x_wconf 88' lang='lat' dir='ltr'><strong>mons</strong></span> <span class='ocrx_word' id='word_1_358' title='bbox 982 2702 1220 2749; x_wconf 83' lang='lat' dir='ltr'><strong>longissimus</strong></span> <span class='ocrx_word' id='word_1_359' title='bbox 1258 2700 1305 2736; x_wconf 79' lang='lat' dir='ltr'><strong>ad.</strong></span> <span class='ocrx_word' id='word_1_360' title='bbox 1344 2696 1559 2745; x_wconf 82' lang='lat' dir='ltr'><strong>parallelam</strong></span> <span class='ocrx_word' id='word_1_361' title='bbox 1597 2695 1728 2730; x_wconf 86' lang='lat' dir='ltr'><strong>liniam</strong></span> 
     </span>
     <span class='ocr_line' id='line_1_41' title="bbox 238 2744 1730 2803; baseline -0.001 -23"><span class='ocrx_word' id='word_1_362' title='bbox 238 2745 440 2802; x_wconf 77' lang='lat' dir='ltr'><strong>Rhodopae</strong></span> <span class='ocrx_word' id='word_1_363' title='bbox 466 2749 670 2803; x_wconf 68' lang='lat' dir='ltr'><strong>incipitque</strong></span> <span class='ocrx_word' id='word_1_364' title='bbox 696 2762 717 2785; x_wconf 84' lang='lat' dir='ltr'><strong>a</strong></span> <span class='ocrx_word' id='word_1_365' title='bbox 743 2750 863 2786; x_wconf 87' lang='lat' dir='ltr'><strong>Ponto</strong></span> <span class='ocrx_word' id='word_1_366' title='bbox 882 2750 1043 2789; x_wconf 82' lang='lat' dir='ltr'><strong>Euxino.</strong></span> <span class='ocrx_word' id='word_1_367' title='bbox 1069 2750 1167 2786; x_wconf 83' lang='lat' dir='ltr'><strong>unde</strong></span> <span class='ocrx_word' id='word_1_368' title='bbox 1194 2751 1400 2786; x_wconf 83' lang='lat' dir='ltr'><strong>cataractas</strong></span> <span class='ocrx_word' id='word_1_369' title='bbox 1425 2744 1597 2792; x_wconf 86' lang='lat' dir='ltr'><strong>proxime</strong></span> <span class='ocrx_word' id='word_1_370' title='bbox 1624 2754 1730 2789; x_wconf 85' lang='lat' dir='ltr'><strong>prae·</strong></span> 
     </span>
     <span class='ocr_line' id='line_1_42' title="bbox 237 2792 1724 2850; baseline -0.001 -22"><span class='ocrx_word' id='word_1_371' title='bbox 237 2797 374 2850; x_wconf 75' lang='lat' dir='ltr'><strong>tenens</strong></span> <span class='ocrx_word' id='word_1_372' title='bbox 400 2807 438 2830; x_wconf 81' lang='lat' dir='ltr'><strong>in</strong></span> <span class='ocrx_word' id='word_1_373' title='bbox 465 2809 586 2841; x_wconf 77' lang='lat' dir='ltr'><strong>ipsum</strong></span> <span class='ocrx_word' id='word_1_374' title='bbox 612 2798 801 2844; x_wconf 86' lang='lat' dir='ltr'><strong>Illyricum</strong></span> <span class='ocrx_word' id='word_1_375' title='bbox 828 2802 1012 2843; x_wconf 77' lang='lat' dir='ltr'><strong>excurrit3</strong></span> <span class='ocrx_word' id='word_1_376' title='bbox 1039 2800 1129 2845; x_wconf 87' lang='lat' dir='ltr'><strong>quin</strong></span> <span class='ocrx_word' id='word_1_377' title='bbox 1158 2799 1329 2844; x_wconf 83' lang='lat' dir='ltr'><strong>emergit,</strong></span> <span class='ocrx_word' id='word_1_378' title='bbox 1355 2796 1502 2842; x_wconf 84' lang='lat' dir='ltr'><strong>opinor,</strong></span> <span class='ocrx_word' id='word_1_379' title='bbox 1530 2792 1724 2828; x_wconf 84' lang='lat' dir='ltr'><strong>Adriatico</strong></span> 
     </span>
     <span class='ocr_line' id='line_1_43' title="bbox 239 2841 1728 2891; baseline -0.001 -13"><span class='ocrx_word' id='word_1_380' title='bbox 239 2854 336 2878; x_wconf 77' lang='lat' dir='ltr'><strong>mari</strong></span> <span class='ocrx_word' id='word_1_381' title='bbox 363 2847 599 2891; x_wconf 87' lang='lat' dir='ltr'><strong>mterruptus</strong></span> <span class='ocrx_word' id='word_1_382' title='bbox 625 2847 763 2885; x_wconf 82' lang='lat' dir='ltr'><strong>iterum</strong></span> <span class='ocrx_word' id='word_1_383' title='bbox 789 2848 827 2885; x_wconf 86' lang='lat' dir='ltr'><strong>in</strong></span> <span class='ocrx_word' id='word_1_384' title='bbox 846 2848 1039 2885; x_wconf 81' lang='lat' dir='ltr'><strong>adversam</strong></span> <span class='ocrx_word' id='word_1_385' title='bbox 1058 2849 1313 2884; x_wconf 85' lang='lat' dir='ltr'><strong>coutinentem</strong></span> <span class='ocrx_word' id='word_1_386' title='bbox 1339 2847 1452 2891; x_wconf 88' lang='lat' dir='ltr'><strong>atque</strong></span> <span class='ocrx_word' id='word_1_387' title='bbox 1468 2843 1507 2878; x_wconf 89' lang='lat' dir='ltr'><strong>in</strong></span> <span class='ocrx_word' id='word_1_388' title='bbox 1524 2841 1728 2887; x_wconf 82' lang='lat' dir='ltr'><strong>Hercynias</strong></span> 
     </span>
    </p>
   </div>
  </div>
 </body>
</html>
