1780 3138
477 225 744 261 ALEXIADIS
771 226 868 260 Lm.
895 226 981 260 ΠΙ.
1013 221 1052 261 7.
1435 218 1511 258 161

26 342 99 387 καὶ
126 339 266 402 μήπω
289 345 381 387 τῶν
408 344 489 403 τῆς
519 341 870 403 φιλανθρωπίας
897 341 1059 396 χειρῶν
1086 335 1370 387 ἀπολέλυκεν.
1413 339 1453 386 εἶ
1483 343 1522 387 δ’

25 408 270 468 ὗπερβαῖεν
298 411 477 464 ἐκείνας,
508 407 735 468 σύμβολόν
763 410 858 455 ἐστι
885 412 1034 463 τοῦτο,
1077 407 1139 462 ὡς
1178 411 1324 467 δῆθεν
1360 413 1433 456 καὶ
1467 410 1520 456 τὸ

24 480 252 534 βασίλειον
278 477 443 537 κράτος
470 477 659 532 τούτους
685 474 917 524 ἀπώσατο.
958 480 1038 537 τῆς
1071 476 1212 537 Τύχης
1241 470 1319 523 οὖν
1347 479 1442 524 ἐστι
1467 478 1567 524 τὰΙ)

24 550 116 593 τῶν
128 545 219 594 ὑπὸ
243 546 324 608 τὴν
351 548 568 606 τιμωρίαν
591 544 872 604 ἀνθρώπων·
892 542 945 590 ῗν
964 543 1058 604 ἐγώἱ
1072 547 1206 591 θείαν
1228 550 1387 608 ψῆφον
1409 543 1523 592 εἶναι

0 614 267 672 ῐλογίζομαι,
300 616 374 659 καὶ
401 616 473 660 δεῖ
503 615 654 659 καλεῖν
683 614 852 672 ἐκείνην
880 614 945 668 εἶς
974 611 1164 672 ἄρωγίν.
1211 612 1339 674 ἢγάρ
1369 615 1425 660 τὰ
1444 620 1524 677 τῆς

26 683 316 738 συμπαθείας
351 681 476 737 ἐντὸς
519 681 698 743 ἔφθακε
741 686 833 728 τῶν
871 687 1032 741 χειρῶν
1076 685 1149 728 καὶ
1191 682 1398 746 ἐξῄρηντο
1434 689 1524 730 τῶν

25 748 238 796 κινδύνων
282 749 327 797 οἱ
355 753 673 808 δυστυχοῦντες
699 749 729 812 ἢ
767 750 847 806 τὰς
882 756 1033 810 χεῖρας
1074 751 1415 811 παρωδεινκότες
1450 755 1523 798 καὶ

25 817 184 877 πόρρω
226 822 448 880 σωτηρίας
491 819 615 867 εἰσίν.
683 818 768 880 ἐγώ
810 821 860 866 δὲ
887 822 940 866 τὸ
969 825 1063 867 πᾶν
1094 821 1159 876 εἶς
1185 821 1264 881 τὴν
1292 826 1372 868 τοῦ
1405 826 1523 868 Θεοῦ

23 883 269 947 ἀνατίθημι
300 886 530 947 πρόνοιαν,
559 884 587 948 ἢ
614 890 689 934 καὶ
717 887 820 935 τότε
863 888 943 935 τὸν
981 884 1120 947 ἄνδρα
1134 894 1238 974 (τῆς
1282 889 1524 949 ἐξορύξεως

0 959 114 1000 ’ufir
146 953 362 1014 σ’μμάτων
387 961 549 1003 τοῦτον
577 958 782 1013 ἐξείλετο.
846 957 963 1012 Θεὸς
1001 957 1081 1017 γὰρ
1123 957 1250 1016 νμᾶς,
1292 978 1356 1013 ως
1387 958 1520 1013 ἔοικε,

23 1023 76 1069 τὸ
105 1028 342 1084 τηνικαῦτα
370 1026 567 1084 ἐκίνησεν
596 1043 661 1078 εις
698 1024 779 1086 τὴν
814 1025 977 1073 τούτου
1012 1025 1313 1085 συμπάθειαν.
1373 1025 1399 1073 ὁ
1442 1024 1575 1086 γὰρΡ
1602 1032 1673 1066 364

25 1110 95 1138 τοι
125 1097 204 1155 τῆς
231 1096 452 1154 σωτηρίας
481 1089 667 1153 αγγελος
695 1093 902 1149 σπεύσας
934 1094 1071 1141 ε’νθεν
1096 1100 1178 1155 τῆς
1208 1094 1389 1152 ἁψῖδος,
1423 1097 1469 1141 ἐν
1496 1087 1525 1157 ᾗ

24 1178 69 1204 αι
99 1163 257 1217 χαλκαῖ
297 1166 444 1220 χεῖρες
484 1155 598 1222 ἦσαν
641 1164 989 1223 ε’μπεπηγμέναι,
1037 1162 1089 1209 τὸ
1134 1166 1214 1225 τῆς
1243 1165 1526 1222 συμπαθείας

24 1228 305 1287 γραμμάτιον
333 1230 517 1285 ἕπιδους
544 1237 643 1286 τοῖς
673 1231 753 1278 τὸν
783 1231 966 1289 Mazara
1006 1250 1188 1291 αγοισιν
1215 1234 1394 1278 ἐκεῖθεν
1423 1250 1526 1277 του-

0 1303 103 1343 ἱτον
135 1297 284 1356 λαβων
313 1298 569 1361 υπέστρεφε
598 1302 671 1345 καὶ
687 1299 948 1358 καταλαβών
966 1300 1044 1347 τὸν
1066 1298 1200 1360 αγχοῦ
1229 1305 1320 1346 τῶν
1340 1299 1525 1347 ἀνίατό-

26 1385 117 1425 ρων
147 1363 490 1428 ῳκοδομημένον
526 1367 697 1428 πύργον
740 1373 865 1415 κεῖθι
909 1373 1069 1415 τοῦτον
1110 1373 1346 1428 καθεῖρξε’
1391 1373 1525 1415 τοῖτο

24 1435 105 1495 γὰρ
139 1439 323 1499 ποιῆσαι
355 1438 629 1483 κεκέλευστο.

162 1510 200 1551 7.
261 1500 404 1552 Ουπω
433 1509 471 1551 δ’
505 1524 638 1560 ουτος
666 1525 746 1561 ττς
775 1506 952 1567 εἱρκτῆς
986 1503 1298 1568 ηλευθεροῦτο
1344 1508 1418 1551 καὶ
1446 1505 1526 1552 τὸν

27 1571 268 1633 Ιρηγόριον
297 1566 434 1628 αυθις
467 1572 492 1633 ἡ
519 1578 600 1620 τοῦ
629 1571 796 1633 ’Λνεμᾶ
825 1572 943 1632 εἶχεν
972 1574 1134 1637 εἱρκτῆ.
1192 1574 1362 1634 πύργος
1396 1577 1434 1619 δ’
1467 1593 1521 1634 ην

0 1636 94 1695 belg
121 1659 189 1695 τις
218 1645 310 1687 τῶν
327 1638 462 1701 αγχοῦ
481 1646 572 1687 τῶν
592 1644 638 1688 ἐν
659 1645 927 1702 Βλαχέρναις
950 1640 1207 1702 ανακτόρων
1235 1645 1522 1701 διακειμένων

25 1714 184 1766 τειχῶν
211 1714 290 1772 τῆς
332 1709 524 1766 πόλεως,
558 1710 583 1757 ὃ
627 1730 708 1758 του
737 1708 903 1770 ,Ἀνεμᾶ
941 1711 1231 1770 καλούμενος,
1278 1711 1434 1770 ὥσπερ
1479 1730 1523 1756 τι

158 1857 194 1891 2.
221 1853 411 1903 συμβουλή
437 1855 473 1891 C.
622 1859 655 1892 3.
679 1856 723 1891 τὰ
748 1856 891 1893 addidi.
1041 1858 1096 1893 10.
1122 1854 1262 1893 τούτων
1285 1858 1323 1894 C.
1466 1858 1523 1893 12.

159 1899 316 1962 αγγελος
340 1904 372 1940 F
373 1904 413 1949 C
437 1902 545 1944 ἄλλος
568 1905 608 1941 P.
799 1907 853 1941 14.
880 1919 1123 1954 γραμαατιον
1148 1907 1192 1950 F,
1218 1903 1458 1954 γραμμάτων
1482 1906 1523 1942 P.

164 1954 218 1989 18.
243 1951 484 2000 ἠλευθεροῦτο
510 1952 550 1998 C,
572 1954 814 2000 ἔλευθεροωο
841 1953 882 1991 Ρ.

26 2110 127 2146 sisse.
177 2122 270 2156 quas
307 2114 433 2146 tamen
457 2111 489 2146 si
514 2111 579 2157 qui
616 2111 842 2158 transgressi
866 2114 966 2157 sunt,
1001 2111 1073 2147 hoc
1106 2114 1331 2158 argumento
1357 2115 1426 2157 est,
1454 2112 1524 2147 im-

27 2161 217 2205 peratoria
252 2163 440 2206 potestate
463 2171 527 2195 eos
562 2171 640 2195 esse
682 2160 730 2195 ad
766 2159 994 2206 supplicium
1032 2161 1232 2206 proiectos.
1292 2172 1405 2206 penes
1430 2161 1523 2196 For·

27 2212 158 2243 tunam
183 2209 303 2255 igitur
334 2208 519 2254 supplicio
551 2208 817 2244 damnatorum
852 2208 1047 2244 hominum
1072 2221 1154 2244 sors
1176 2213 1253 2245 est:
1292 2221 1406 2254 quam
1430 2209 1523 2244 For·
1529 2224 1531 2226 ·

27 2260 159 2292 tunam
198 2257 370 2303 equidem
422 2256 596 2293 divinum
634 2257 828 2293 oraculum
880 2269 959 2293 esse
997 2257 1230 2303 interpretor
1276 2269 1433 2304 eamque
1483 2258 1523 2293 in

28 2305 211 2340 auxilium
246 2317 381 2341 vocare
415 2317 503 2342 sane
541 2317 636 2352 opus
668 2310 736 2342 est.
785 2306 925 2342 etenim
959 2310 1026 2341 aut
1066 2307 1170 2342 intra
1202 2318 1334 2342 manus
1375 2307 1523 2342 veniam

0 2388 3 2391 ,
27 2355 158 2390 nancti
181 2354 349 2390 infelices
382 2354 558 2399 perieulis
582 2354 794 2391 liberantur
819 2358 886 2390 aut
919 2366 1052 2390 manus
1081 2356 1304 2401 transgressi
1330 2356 1433 2390 omni
1457 2366 1523 2401 spe

28 2402 160 2438 salutis
182 2403 455 2439 destituuntur.
518 2415 588 2449 ego
612 2415 701 2439 vero
727 2405 855 2439 omnia
878 2404 918 2439 in
945 2403 1075 2439 divina
1109 2403 1249 2439 0011000
1272 2403 1522 2449 providentia,

30 2462 126 2497 quae
158 2454 240 2486 tum
267 2463 416 2498 quoque
442 2452 556 2487 istum
577 2452 703 2488 virum
727 2453 775 2488 ab
800 2452 995 2488 oculorum
1010 2451 1205 2488 effossione
1218 2452 1407 2488 liberavit.
1431 2452 1524 2487 deus

29 2500 131 2535 enim
154 2502 245 2536 tune
269 2511 349 2542 nos,
374 2504 419 2535 ut.
442 2504 734 2536 consentaneum
760 2504 828 2546 est,
854 2500 903 2536 ad
926 2500 1267 2536 commiserandum
1291 2500 1397 2535 illum
1422 2512 1523 2536 eom·
1545 2508 1552 2514 ·

0 2557 3 2589 ἶ
32 2548 160 2584 movit.
211 2548 343 2584 salutis
365 2549 486 2595 igitur
510 2550 667 2585 nuntius
692 2549 740 2584 ad
766 2549 950 2585 fornicem
975 2560 1193 2595 properans,
1225 2549 1267 2584 in
1291 2561 1367 2595 quo
1392 2561 1524 2584 manns

0 2607 166 2645 {aeneae
185 2596 328 2632 defixae
352 2601 474 2639 erant,
499 2599 645 2644 gratiae
669 2598 799 2633 literas
822 2598 880 2643 iis,
913 2598 979 2643 qui
989 2597 1208 2633 michaelem
1232 2597 1432 2643 ducebant,
1462 2597 1524 2633 de-

0 2655 19 2703 5²,
29 2644 97 2681 dit.
146 2657 221 2691 quo
257 2645 358 2681 facto
386 2657 472 2682 eum
506 2646 572 2682 illo
606 2658 775 2682 reversus
803 2650 842 2682 et
877 2645 924 2682 ad
950 2646 1090 2681 turrim
1124 2658 1162 2681 se
1184 2645 1380 2682 conferens
1404 2658 1524 2692 prope

14 2694 173 2740 regiam
197 2693 431 2730 aedificatam
455 2695 511 2730 ibi
536 2707 621 2730 eum
647 2695 811 2740 inclusit,
837 2694 877 2730 id
902 2694 1004 2740 quod
1028 2694 1150 2730 faeere
1173 2695 1295 2730 iussus
1320 2698 1411 2730 erat.

0 2710 46 2793 ἐς»
127 2743 161 2778 ’1.
211 2741 380 2778 Necdum
412 2754 564 2779 earcere
595 2744 627 2779 is
658 2744 839 2779 liberatus
863 2746 958 2788 erat,
992 2754 1078 2778 oum
1103 2743 1327 2789 Gregorium
1358 2744 1526 2779 Anemae

0 2789 203 2835 *eustodia
240 2792 399 2838 excepit.
448 2793 568 2827 turris
604 2795 731 2828 autem
764 2794 847 2827 erat
878 2803 954 2826 una
989 2802 1036 2826 ex
1060 2791 1106 2826 iis
1137 2803 1233 2838 quae
1258 2792 1299 2827 in
1335 2793 1525 2828 moenium

3 2864 29 2885 ,-
65 2855 67 2869 2
126 2855 131 2859 ·
164 2839 291 2886 reg-iae
315 2840 354 2875 in
372 2839 592 2876 Blachernis
615 2844 710 2876 sitae
733 2841 968 2876 contermina
982 2839 1189 2886 dispositae
1210 2844 1331 2886 erant,
1355 2844 1527 2877 vocatur-

1 2896 104 2934 ,qne
117 2889 302 2934 Anemae3
327 2900 440 2934 quam
466 2889 755 2936 appellationem
780 2889 886 2935 quasi
901 2888 1062 2934 quadam
1087 2891 1188 2924 sorte
1210 2900 1255 2925 eo
1278 2889 1401 2931 duxit,
1425 2888 1526 2935 quod

105 2959 440 2997 Annacommna.
491 2961 548 2998 H.
1224 2964 1265 2997 11
