1806 3132
245 211 328 257 522
773 221 952 259 cARom
980 218 1223 258 DucANen

435 336 650 382 Iniustum
677 338 814 383 iustus
842 338 918 383 hoc
943 339 1051 383 iuste
1079 338 1174 382 Rex
1202 338 1423 392 revocavit,

436 395 581 451 Reque
601 411 736 450 pares
765 396 956 440 Francis
984 397 1261 440 Normannos
1284 396 1387 450 fecit
1413 397 1461 439 in
1490 395 1583 439 ista.

246 452 355 496 Sane
382 451 427 494 in
458 453 638 508 Legibus
658 454 866 497 Willelmi
896 454 1029 497 Nothi
1058 467 1081 496 a
1112 454 1385 508 Bromptono,
1415 453 1652 497 Lambardo
1698 453 1740 496 et

245 509 422 553 Seldeno
453 510 577 553 editis
608 510 715 553 nihil
744 525 769 554 a
803 524 868 554 me
897 510 1103 554 eiusmodi
1134 511 1417 563 observatum,
1451 510 1503 553 iis
1533 510 1637 553 locis
1668 510 1739 552 ubi

244 567 295 610 de
325 566 465 610 duello
507 567 664 622 agitur.
736 568 867 610 Porro
909 568 1048 611 duello
1096 567 1232 611 victos
1274 580 1466 622 supremo
1511 567 1739 610 mulctatos

244 623 449 678 supplicio
492 624 649 679 passim
693 625 872 668 tradunt
902 625 1156 679 Scriptores:
1202 625 1390 668 Annales
1418 625 1568 668 Franc.
1601 624 1740 666 Berti-

245 681 362 724 niani
406 680 459 724 A.
504 691 710 724 DCOOXX.
759 682 912 725 Chron.
957 682 1318 725 Hildesheimense
1363 681 1415 724 A.
1451 691 1738 724 DOGOCLXIX.

245 738 498 781 Dithmarus
527 738 600 781 lib.
620 740 659 781 3.
692 739 862 782 Simeon
892 738 1187 782 Dunelmensis
1212 739 1253 782 et
1279 739 1489 782 Radulfus
1519 738 1569 781 de
1591 738 1740 781 Diceto

246 795 328 838 An.
356 805 525 839 MXGVI.
566 796 617 838 D.
653 796 895 839 Bernardus
926 796 1059 851 Epist.
1081 798 1149 839 39.
1190 796 1399 839 Henricus
1437 795 1487 838 de
1518 796 1741 850 Knighton

245 852 328 895 An.
372 862 683 897 MOCCLXXXV.
729 853 1045 896 Monstrelletus
1078 854 1115 896 1.
1143 853 1238 896 Vol.
1277 866 1366 908 cap.
1395 854 1464 895 23.
1509 852 1741 895 Edwardus

245 910 426 965 Bysseus
457 909 502 951 in
532 909 634 952 Not.
665 910 719 953 ad
750 911 967 965 Uptonum
1000 924 1093 966 pag.
1117 911 1185 953 36.
1217 911 1294 953 etc.
1327 910 1461 953 Arma
1482 922 1579 953 vero
1601 909 1740 952 duello

245 966 556 1009 succumbentis
598 966 775 1010 Comitis
819 967 987 1011 Stabuli
1024 968 1156 1020 erant,
1203 968 1276 1021 qui
1324 966 1546 1010 certamini
1588 966 1742 1009 iudicis

244 1024 336 1066 1000
366 1024 570 1078 praeerat,
601 1024 669 1067 vel
699 1024 884 1077 Domini,
925 1038 997 1080 per
1026 1025 1157 1077 Leges
1187 1024 1563 1079 Hierosolymitani
1592 1023 1741 1078 Regni,

247 1094 351 1136 quas
395 1079 588 1124 Assisias
634 1082 800 1133 vocant,
847 1095 936 1136 cap.
959 1083 1027 1125 96.
1073 1081 1134 1125 Et
1178 1082 1286 1126 celui
1324 1082 1397 1136 qui
1430 1095 1527 1125 sera
1564 1085 1675 1124 mort
1704 1080 1743 1123 el

246 1138 408 1192 champ,
438 1138 476 1181 le
495 1137 676 1192 Seiqnor
706 1138 744 1182 le
764 1139 852 1182 doit
878 1140 994 1193 faire
1013 1140 1179 1182 trainer
1199 1143 1238 1182 et
1251 1139 1435 1193 pendre:
1465 1142 1504 1182 et
1524 1138 1584 1181 les
1605 1152 1743 1181 armes

247 1196 331 1239 dou
359 1196 515 1239 vaineu
543 1195 711 1239 doivent
741 1200 848 1239 estre
878 1197 962 1239 dou
994 1196 1280 1250 Gonnestable,
1310 1199 1349 1239 et
1377 1195 1500 1239 celles
1518 1195 1603 1239 dou
1621 1196 1741 1238 vain-

247 1266 380 1308 queur
409 1253 481 1307 qui
509 1256 605 1295 sont
627 1253 791 1305 brisees‚
825 1257 863 1296 et
889 1253 1032 1297 cheent
1062 1267 1139 1297 sur
1168 1254 1206 1296 te
1235 1253 1399 1307 champ.
1467 1252 1528 1295 Et
1562 1266 1607 1295 se
1638 1253 1744 1306 pais

248 1313 308 1353 est
332 1309 440 1363 faite
467 1309 518 1352 de
547 1309 591 1353 ta
633 1310 819 1365 ὂαίαὶῐῐθ,
856 1312 963 1365 puis
1004 1325 1080 1366 que
1124 1311 1184 1354 les
1213 1309 1477 1364 Champions
1521 1309 1610 1353 s'en
1649 1313 1744 1353 sont

248 1367 402 1410 laissee
431 1366 522 1410 aler
551 1368 768 1423 ensembte,
798 1371 932 1411 toutes
961 1368 1021 1411 les
1050 1382 1275 1420 armeures,
1323 1368 1395 1422 qui
1429 1371 1525 1410 sont
1555 1367 1677 1410 cheus
1706 1366 1743 1409 el

247 1424 397 1478 champ
429 1424 586 1467 brisees
616 1428 656 1468 et
683 1426 872 1473 entieres‚
905 1426 1072 1469 doivent
1111 1429 1219 1468 estre
1251 1425 1336 1468 dou
1369 1423 1665 1469 Gennestable:
1705 1427 1744 1467 et

246 1495 291 1524 se
319 1481 353 1524 il
381 1479 454 1536 n'y
475 1496 501 1524 α
525 1480 811 1535 Gonnestable‚
838 1482 1006 1526 doivent
1024 1486 1131 1526 estre
1150 1483 1234 1526 dou
1251 1481 1444 1537 Seiynor.
1482 1481 1594 1535 Quin
1614 1481 1742 1524 etiam

246 1538 339 1593 ipsa
367 1538 471 1581 victi
501 1539 608 1581 bona
638 1539 741 1582 fisco
763 1539 947 1592 Domini,
982 1540 1099 1582 cuius
1129 1539 1271 1592 cliens,
1299 1552 1372 1582 seu
1403 1538 1609 1582 vassallus
1639 1538 1742 1591 erat,

248 1595 566 1645 addicebantur,
597 1595 806 1651 siquidem
837 1597 1019 1651 capitale
1050 1597 1156 1640 esset
1183 1597 1353 1651 crimen,
1386 1595 1436 1639 de
1466 1607 1548 1650 quo
1570 1608 1744 1638 accusa-

243 1653 316 1695 -tus
345 1652 497 1695 fuerat.
541 1653 789 1696 Harduinus
809 1667 935 1708 supra
955 1654 1134 1697 citatus:
1164 1653 1225 1696 Et
1254 1653 1291 1696 le
1321 1657 1429 1696 reste
1459 1653 1510 1696 de
1536 1666 1602 1695 ses
1628 1652 1745 1695 biens

246 1713 342 1753 sont
367 1718 425 1752 au
452 1709 611 1753 Prinee
640 1710 887 1765 eonfisquee.
944 1711 1096 1754 Libera
1129 1711 1182 1754 ab
1219 1710 1334 1754 omni
1364 1723 1457 1753 aere
1501 1709 1652 1761 alieno,
1695 1709 1744 1751 ut

247 1767 310 1810 est
341 1766 453 1821 apud
480 1766 724 1822 Philippum
756 1768 808 1811 de
825 1767 1121 1811 Beuumanoir
1151 1767 1241 1811 MS.
1271 1780 1360 1822 cap.
1382 1767 1450 1810 61.
1485 1765 1553 1810 ou
1583 1767 1656 1821 qui
1686 1770 1745 1809 est

245 1824 422 1867 vaincus
442 1824 558 1878 perd
586 1824 624 1867 le
654 1838 758 1880 cors,
787 1829 827 1868 et
855 1839 1049 1880 quanque
1077 1824 1111 1868 il
1138 1839 1166 1868 α
1196 1825 1247 1868 de
1276 1824 1450 1879 quelque
1469 1823 1654 1878 Siqneur
1673 1824 1745 1878 qui

247 1880 285 1923 te
314 1881 464 1936 tieyne,
495 1885 534 1924 et
563 1882 676 1924 vient
717 1881 755 1925 Ze
795 1882 1002 1936 forfeture
1031 1897 1058 1925 a
1087 1895 1241 1936 easque
1271 1880 1457 1937 Siyneur
1500 1881 1551 1924 de
1596 1881 1668 1935 qui
1711 1880 1745 1923 il

246 1938 388 1990 ten-eit,
420 1941 459 1981 et
487 1939 527 1981 si
545 1938 716 1991 muebZe,
749 1943 787 1982 et
816 1953 912 1982 sera
941 1939 997 1983 tel
1026 1940 1143 1982 aussi
1174 1940 1458 1994 assiynement
1479 1938 1622 1981 deseos
1641 1936 1745 1993 qu'il

247 1998 307 2038 est
335 1995 464 2038 troue'.
526 1995 587 2039 Et
616 2010 667 2038 en
689 2000 789 2039 cette
823 1997 1011 2040 muniere
1050 1997 1302 2051 quiconques
1335 1999 1395 2039 est
1425 1995 1657 2039 condamne'
1694 1995 1745 2038 de

248 2051 327 2095 tait
351 2051 424 2106 fet,
442 2066 535 2106 ραν
564 2052 697 2108 lequel
723 2053 785 2107 fet
812 2054 845 2097 it
875 2054 969 2097 doie
999 2053 1162 2108 perdre
1205 2053 1242 2097 le
1271 2066 1376 2105 cors,
1422 2053 1462 2096 si
1502 2052 1662 2095 mueble
1705 2055 1744 2095 et

246 2109 285 2152 si
314 2108 521 2164 heritaiye
549 2114 645 2153 sont
674 2111 844 2154 dement}
872 2125 923 2154 en
955 2114 1056 2154 cette
1083 2111 1290 2164 maniere5
1320 2124 1373 2153 ne
1401 2110 1433 2153 li
1453 2108 1640 2165 Siyneur
1673 2109 1745 2164 qui

248 2169 320 2208 ont
350 2166 387 2208 le
433 2167 524 2210 sien
559 2181 650 2221 ραν
691 2182 817 2211 reson
847 2168 898 2211 de
936 2168 1153 2222 forfeture,
1199 2181 1251 2211 ne
1277 2171 1374 2210 sont
1403 2170 1525 2210 tenus
1555 2166 1583 2209 ὰ
1615 2166 1746 2220 ραὶθν

246 2223 376 2278 riens,
407 2237 484 2278 que
512 2224 569 2267 cil
594 2225 667 2279 qui
696 2229 756 2268 est
785 2225 1045 2269 eondamnee
1072 2225 1131 2268 du
1155 2224 1218 2278 fet
1247 2225 1367 2268 deust
1401 2225 1452 2268 de
1480 2224 1583 2267 dete.
1630 2223 1746 2266 Inter

249 2279 425 2323 Ari-esta
456 2280 667 2324 Scaccarii
698 2282 919 2325 Paschatis
953 2282 1004 2325 A.
1034 2291 1288 2325 MGCLXVII.
1348 2282 1398 2324 In
1440 2280 1619 2324 secundo
1662 2281 1746 2323 Re—

247 2337 366 2389 gesto
410 2337 582 2380 Ioannis
625 2338 675 2382 de
703 2338 744 2382 S.
778 2339 909 2388 Iusto,
954 2339 1065 2394 quod
1111 2339 1226 2382 extat
1266 2339 1311 2381 in
1342 2337 1520 2382 Gamera
1550 2337 1744 2392 Comput.

249 2392 381 2436 Paris.
414 2394 486 2437 fol.
508 2395 575 2437 37.
607 2395 709 2438 haec
754 2396 804 2439 de
848 2396 1053 2439 eiusmodi
1096 2396 1303 2439 bonorum
1344 2394 1641 2438 confiscatione
1669 2394 1746 2437 ha-

250 2450 421 2493 bentur:
462 2450 531 2494 De
569 2453 752 2506 quodam
787 2453 952 2496 homine
974 2453 1296 2496 Viceeomitatus
1326 2451 1530 2494 Auribeci
1570 2449 1745 2506 (Orbec)

241 2510 410 2560 petente
440 2507 549 2551 bona
579 2509 819 2553 adversarii
847 2511 928 2562 sui,
960 2523 1081 2564 quem
1113 2523 1193 2563 ρεν
1233 2509 1407 2552 vadium
1441 2508 1540 2551 belli
1581 2508 1744 2560 devicit,

250 2566 288 2605 et
332 2565 536 2617 suspendi
574 2566 686 2619 feeit,
735 2567 792 2610 ad
834 2567 974 2621 ipsum
1010 2567 1252 2621 pertinente
1286 2580 1371 2620 per
1408 2565 1747 2609 consuetudinem

250 2619 557 2675 Normanniae,
586 2626 633 2665 ut
663 2623 839 2676 dicebat,
872 2638 980 2678 quae
1008 2624 1175 2679 quidem
1201 2623 1312 2666 bona
1351 2623 1489 2666 dictus
1514 2622 1747 2665 Viceeomes

250 2676 414 2740 tenebat
433 2692 516 2731 ρνο
546 2678 675 2734 Reye,
707 2681 1007 2724 concordatum
1031 2680 1129 2734 fuit,
1162 2680 1273 2736 quod
1307 2680 1446 2723 dictus
1471 2679 1592 2722 homo
1621 2680 1745 2722 victo-

250 2746 363 2775 riam
393 2733 550 2777 habens
590 2736 700 2779 bona
729 2737 904 2781 mobilia
932 2737 1109 2790 habebit,
1136 2741 1174 2781 et
1202 2736 1438 2780 immobilia
1466 2735 1669 2779 Dominis
1699 2736 1747 2778 in

251 2802 429 2843 quorum
456 2794 573 2835 terra
603 2794 836 2837 consistunt
865 2794 1151 2849 remanebunt,
1180 2795 1219 2837 si
1253 2794 1304 2838 de
1342 2792 1639 2837 consuetudine
1677 2793 1746 2836 de-

253 2845 376 2890 beant
404 2846 565 2892 habere.
627 2849 817 2905 Denique
847 2851 882 2894 si
911 2851 1048 2895 victus
1078 2851 1244 2895 veniam
1276 2851 1318 2894 et
1348 2850 1481 2894 vitam
1508 2863 1533 2894 a
1552 2849 1748 2905 Principe
