1734 3120
201 177 284 221 402
761 187 908 223 PETRI
937 186 1132 222 Possnu

203 302 339 356 codex,
370 302 420 346 de
446 315 526 358 quo
548 302 791 358 Propertius
821 302 893 346 lib.
914 313 978 346 1V.
1009 302 1125 357 Eleg.
1146 312 1229 346 V11.
1263 301 1338 345 illo
1368 299 1490 346 versu
1521 300 1689 346 Codicis

202 360 410 403 immundi
439 360 609 403 vincula
638 360 764 403 sentit
792 373 912 402 anus.
954 359 995 402 et
1021 358 1232 402 Iuvenalis
1273 358 1363 402 Sat.
1388 369 1438 402 ΙΙ.
1470 358 1571 401 (111111
1601 360 1690 402 ait:

202 417 393 461 residens
419 417 466 460 in
490 418 629 460 codice
655 416 806 471 pellex.
867 416 1023 459 Verum
1054 415 1206 459 Suidas
1237 415 1478 458 distinctius
1512 416 1690 470 explicat

202 487 334 530 genus
363 474 512 517 horum
545 473 821 525 vinculorum,
852 473 951 515 dum
989 471 1129 514 innuit
1161 472 1314 528 stringi
1343 472 1490 515 solitos
1518 473 1689 515 misero-

202 544 298 574 rum
332 531 454 585 pedes
499 531 658 585 paratis
698 530 811 573 intra
857 529 966 584 cippi
1010 529 1243 572 crassitiem
1290 529 1482 584 angustis
1528 529 1688 572 loculis.

203 583 456 643 ποδοκάπη,
499 588 651 643 inquit,
696 586 852 628 ποδῶν
902 581 1095 637 κάκωσις
1135 581 1160 628 ὁ
1204 581 1436 642 λεγόμενος
1479 586 1690 637 κοῦσπος.

202 645 292 688 Νο0
333 644 499 688 abludit
530 643 891 688 Latino-Graecus
928 643 1150 698 glossator,
1188 643 1299 698 apud
1340 656 1463 698 quem
1493 643 1556 686 ita
1585 643 1691 698 legi-

202 702 295 745 tur:
325 715 489 756 cuspus,
512 697 684 754 ξυλινὸν
703 697 946 743 σανδάλιον.
992 700 1108 742 Idem
1129 699 1355 743 adstruunt
1379 699 1551 743 Glossae
1569 700 1692 743 Basi-

202 758 380 802 licorum
402 758 502 802 dum
524 753 835 812 κουσπάτορας
855 753 1126 814 φυλακιστὰς
1146 769 1232 800 esse
1252 757 1413 800 docent.
1447 754 1690 808 Κούσπους

201 811 281 871 γὰρ
310 815 511 870 (3(1(111111)
541 811 790 868 ξυλόποδας
818 813 1013 857 καλοῦσι.
1063 813 1267 857 Referunt
1296 813 1437 866 etiam,
1459 813 1690 858 Salmasius

203 874 294 917 loco
325 872 412 916 iam
454 873 641 926 laudato,
675 873 717 916 et
749 871 923 915 Carolus
953 870 1140 914 Annibal
1164 871 1372 914 Fabrotus
1399 871 1445 913 in
1475 870 1690 915 Glossario

206 929 393 983 Cedreni,
424 929 564 972 locum
592 930 674 972 huc
702 929 979 984 pertinentem
1009 941 1056 971 ex
1086 928 1233 971 Lexico
1262 927 1420 971 inedito
1456 928 1692 972 Bibliothe-

204 1000 277 1031 cae
307 987 476 1042 Regiae.
536 984 755 1040 ζατρίκιον
785 981 809 1028 ὁ
841 986 1039 1036 κοῦσπος
1074 981 1127 1027 τὸ
1157 985 1246 1027 τῶν
1276 981 1447 1027 δούλων
1478 981 1691 1051 κολαστή-

205 1059 314 1099 ριον.
360 1043 431 1086 ubi
458 1043 568 1086 iacet
592 1043 668 1086 illa
698 1044 789 1098 ipsa
809 1055 888 1086 vox
917 1042 1084 1098 integra
1112 1042 1228 1085 cuius
1260 1042 1463 1097 originem
1494 1042 1693 1098 disquiri—

204 1114 318 1151 mus3
355 1113 481 1155 quam
511 1100 608 1143 inde
637 1099 863 1143 verisimile
898 1099 947 1142 fit
977 1099 1078 1142 ludo
1118 1098 1455 1142 latrunculorum
1497 1112 1580 1142 non
1612 1099 1692 1142 nisi

207 1157 486 1212 metaphorice
518 1157 721 1212 aptatam,
756 1169 850 1199 cum
881 1156 1095 1211 proprium
1131 1156 1255 1199 antea
1294 1168 1417 1198 usum
1446 1156 1618 1199 haberet
1648 1156 1692 1199 in

205 1213 480 1270 significando
511 1213 676 1269 poenali
713 1226 926 1256 servorum
972 1212 1125 1256 codice.
1203 1210 1307 1267 Quis
1348 1213 1490 1256 autem
1532 1213 1693 1257 divinet

205 1271 314 1314 unde
343 1271 422 1314 hoc
450 1271 510 1313 sic
534 1270 775 1323 invaluerit,
808 1271 856 1313 ut
886 1270 1080 1325 supplicii
1111 1269 1364 1313 vocabulum
1401 1269 1454 1312 ad
1483 1270 1693 1313 remissio-

206 1342 300 1371 nem
330 1327 661 1371 transferretur?
699 1340 826 1382 quam
855 1327 991 1370 multa
1022 1326 1217 1370 similiter
1244 1326 1443 1369 instituta
1487 1327 1693 1370 cernimus

206 1397 385 1440 quorum
407 1384 534 1428 aliam
556 1397 677 1427 nemo
699 1397 869 1427 causam
890 1384 1017 1439 queat
1039 1383 1209 1426 reddere
1238 1383 1320 1426 nisi
1343 1383 1567 1426 arbitrium
1587 1384 1694 1427 talia

206 1442 389 1497 primum
418 1441 756 1496 inceptantium?
816 1440 1069 1496 Cogitabam
1098 1440 1339 1496 aliquando,
1369 1453 1422 1483 an
1458 1453 1554 1494 non,
1590 1453 1693 1496 quo-

205 1498 322 1541 niam
353 1498 424 1555 qui
453 1498 587 1541 vincti
613 1498 903 1541 attinebantur
931 1497 976 1540 in
1006 1497 1230 1552 ergastulis
1260 1509 1310 1540 ac
1329 1497 1543 1550 custodiis,
1564 1498 1695 1540 taedii

210 1568 335 1599 causa
363 1554 538 1598 fallendi
565 1554 682 1598 soliti
701 1555 838 1598 essent
857 1554 1076 1610 indulgere
1095 1554 1204 1597 forte
1223 1554 1322 1597 ludo
1342 1553 1427 1607 isti,
1449 1567 1543 1610 quo,
1565 1567 1692 1610 quam

207 1612 339 1655 solam
370 1612 580 1655 habebant
610 1611 816 1666 reliquam
848 1611 1002 1654 vinctis
1032 1611 1205 1666 pedibus
1223 1624 1426 1654 manuum
1446 1624 1694 1666 promoven-

166 1672 171 1676 ’
207 1669 270 1712 dis
301 1669 474 1712 calculis
499 1668 740 1712 libertatem
773 1668 1035 1723 usurparent,
1064 1667 1161 1711 inde
1200 1667 1317 1711 fieret
1355 1669 1404 1710 ut
1433 1681 1583 1711 nomen
1612 1668 1694 1711 loci

207 1726 281 1769 ubi
307 1726 432 1768 ludus
462 1725 798 1769 latrunculorum
818 1725 1168 1780 frequentaretur,
1198 1725 1298 1768 ludo
1329 1725 1409 1780 ipsi
1428 1725 1696 1768 adhaeresce-

206 1783 295 1826 ret:
339 1782 584 1838 praesertim
629 1795 721 1825 cum
771 1782 892 1825 facile
925 1782 1108 1837 potuerit
1152 1782 1296 1837 cippus
1333 1782 1448 1825 intra
1478 1795 1600 1837 quem
1630 1783 1695 1824 in-
1727 1826 1729 1828 ,

208 1840 321 1883 ferne
351 1852 474 1883 crura
519 1839 799 1895 fugitivorum
840 1840 916 1882 aut
960 1838 1043 1882 alio
1087 1839 1255 1882 nomine
1292 1851 1446 1894 poenas
1487 1839 1694 1882 luentium

206 1909 421 1940 servorum
452 1897 680 1939 constricta
708 1896 1016 1951 premebantur,
1059 1896 1262 1951 superiori
1306 1896 1372 1939 sui
1413 1896 1533 1952 parte
1575 1909 1694 1940 0030-

209 1954 362 2009 quatus
393 1954 498 1997 esset
527 1954 572 1996 in
602 1953 862 2008 superficiem
903 1952 1215 1996 committendis
1255 1952 1507 1996 latrunculis
1545 1953 1695 2009 plagu—

208 2010 348 2054 larum
378 2010 654 2065 descriptione
683 2010 898 2065 paratam:
944 2009 1054 2053 unde
1083 2009 1210 2052 simul
1246 2008 1464 2065 ζατρίκιον
1506 2011 1611 2052 esset
1654 2010 1696 2052 et

209 2068 420 2118 κοῦσπος.
481 2066 577 2110 Nisi
600 2067 708 2110 forte
737 2067 811 2111 alii
840 2066 1108 2110 verisimilius
1144 2067 1370 2110 autumant
1405 2066 1528 2122 pedes
1565 2067 1696 2121 impe-

209 2124 362 2167 dientis
388 2124 498 2179 cippi
528 2123 778 2168 vocabulum
807 2123 906 2167 ludo
927 2124 1261 2167 latrunculorum
1283 2137 1355 2179 per
1374 2124 1694 2167 translationem

209 2181 585 2235 accommodatum,
615 2181 725 2237 quod
756 2194 864 2236 quae
893 2181 938 2223 in
968 2194 1014 2224 00
1032 2181 1210 2224 velutin
1231 2194 1353 2224 scena
1373 2180 1557 2236 quadam
1576 2180 1695 2236 quasi

210 2251 409 2293 personae
438 2239 804 2294 repraesentantur
833 2238 932 2291 Rex,
964 2238 1140 2294 Regina,
1173 2238 1358 2293 EquiteS,
1394 2239 1472 2281 010.
1501 2238 1697 2281 mandris

210 2299 248 2338 ct
289 2296 420 2338 vitreo
461 2295 626 2339 latrone
672 2295 812 2340 clusae
855 2295 1113 2347 exhibentur,
1159 2295 1208 2338 ut
1247 2294 1458 2338 Martialis
1507 2295 1696 2350 loquitur

210 2352 354 2407 Epigr.
385 2362 517 2395 LXXI.
547 2352 621 2395 lib.
644 2363 725 2397 VII.
756 2353 867 2397 hunc
896 2352 1034 2407 ipsum
1073 2352 1250 2395 innuens
1295 2351 1456 2395 ludum.
1527 2351 1693 2394 Etenim

209 2409 254 2451 in
284 2409 420 2463 prima
449 2409 681 2452 structione
711 2409 815 2453 aciei
845 2414 951 2465 quae
991 2408 1082 2453 ludi
1125 2409 1330 2464 principio
1374 2408 1435 2462 fit,
1485 2408 1694 2461 Proceres,

211 2466 430 2520 tamquam
461 2466 629 2521 alligati
658 2466 712 2509 ad
740 2467 909 2521 cippum
939 2466 1062 2520 servi,
1092 2466 1137 2509 in
1170 2467 1352 2510 extrema
1391 2465 1504 2509 linea
1533 2478 1696 2520 ponun-

211 2523 293 2575 tur,
327 2535 401 2566 suo
446 2523 623 2578 quilibet
666 2523 815 2567 affixus
855 2523 1051 2567 discolori
1093 2523 1275 2579 quadro:
1317 2537 1342 2566 a
1376 2524 1495 2579 tergo
1527 2522 1696 2578 quidem

214 2579 378 2622 clausus
426 2580 608 2623 extremo
655 2581 828 2624 Zatricii
872 2580 1075 2637 margine,
1120 2581 1242 2635 quasi
1283 2593 1403 2623 muro
1451 2580 1640 2635 carceris,
1671 2592 1695 2621 a

212 2635 318 2678 facie
348 2649 444 2679 vero
472 2637 699 2692 impeditus
726 2638 857 2693 longo,
874 2650 1057 2693 oppanso
1078 2650 1199 2681 versu
1222 2637 1560 2681 latrunculorum
1583 2637 1697 2679 velut

214 2692 433 2756 custodum
463 2694 662 2747 militum,
691 2695 814 2737 hodie
850 2695 1019 2749 pedites
1058 2693 1232 2739 vocant:
1274 2695 1346 2750 qui
1390 2694 1451 2737 sic
1493 2693 1697 2749 producta

211 2748 322 2792 linea
352 2751 692 2804 praetenduntur,
722 2752 770 2794 ut
797 2753 1003 2795 maiorum
1035 2752 1291 2795 calculorum
1321 2764 1580 2795 commovere
1609 2762 1696 2793 sese

213 2806 341 2860 queat
370 2807 522 2859 nullus,
562 2808 698 2862 quoad
729 2809 916 2863 peditum
960 2810 1219 2853 obstantium
1262 2810 1480 2852 contextus
1519 2808 1696 2852 alicuius
