1734 3120
182 206 266 251 400
739 216 886 252 PETRI
915 216 1112 252 Possml

183 348 255 383 ται
284 328 336 375 τὸ
364 330 539 402 θηρίον,
574 327 600 375 ὅ
632 328 752 375 ἐστιν
782 325 1009 388 ὀργίζεται,
1057 326 1165 374 ὅσον
1204 328 1277 372 ἵνα
1320 326 1380 389 μὴ
1411 329 1591 384 βλέπων
1617 325 1674 373 τὰ

184 388 536 445 ἐπιρριπτομενα
564 387 667 445 βέλη
700 389 976 445 ὂειλαίνηται.
1031 389 1092 431 Ex
1126 388 1205 441 his,
1226 387 1425 431 adiuncto
1441 387 1675 431 Scholiaste

182 446 388 490 Nicandri
415 447 488 502 qui
519 442 775 490 ἐπισκύνιον
805 459 892 490 esse
929 446 990 489 ait
1027 441 1079 488 τὸ
1115 441 1264 487 ἐπάνω
1295 445 1386 487 τῶν
1417 437 1672 502 ὀφθαλμῶν

182 502 328 558 μέρος,
375 496 478 560 ἦτοι
516 502 665 558 δέρμα,
719 504 823 547 satis
863 502 1031 546 constat
1073 502 1151 545 hoc
1198 501 1402 545 vocabulo
1441 501 1673 557 significari

182 561 333 616 pellem
361 560 649 604 imminentem
682 561 826 612 oculiS,
858 561 899 602 et
929 572 997 603 eos
1032 572 1207 614 superne
1237 558 1538 614 protegentem,
1569 571 1676 614 quae

181 618 227 660 in
254 617 441 661 leonibus
472 618 606 661 laxior
635 618 710 670 est,
739 618 779 660 et
809 616 977 659 demitti
1005 616 1111 659 solet
1142 629 1236 659 cum
1265 616 1331 659 ira
1350 616 1554 667 feruntur,
1578 628 1675 670 pro-

183 674 371 718 videntia
402 675 586 730 quadam
616 675 793 717 naturae
822 674 866 716 id
912 673 1090 729 agentiS,
1136 686 1187 716 ne
1230 672 1452 727 conspectu
1493 672 1673 715 telorum

182 744 405 787 generosus
434 732 615 786 impetus
645 731 732 774 eius
758 731 916 774 bestiae
953 730 1203 782 retardetur,
1247 742 1354 785 quae
1400 729 1496 772 inde
1538 729 1675 773 audax

182 789 224 831 et
251 788 373 831 fortis
399 788 538 841 irruit,
581 788 693 843 quod
737 800 860 831 caeca
904 787 1019 830 rabie
1057 800 1253 842 praeceps
1296 786 1454 836 fertur3
1496 786 1675 841 pellibus

183 845 499 900 superciliorum
543 858 589 888 eo
633 857 719 888 sese
754 844 928 887 inferius
958 843 1290 898 demittentibus,
1320 856 1402 898 quo
1431 843 1495 886 ira
1524 842 1675 886 maiori

184 902 415 945 effervescit
442 901 612 945 irritata
638 902 790 945 bellua.
853 901 990 954 Quare
1018 901 1126 944 illud
1154 913 1201 944 ex
1231 901 1408 944 naturae
1435 900 1587 955 peritia
1622 899 1674 943 ad

182 959 336 1002 furoris
362 959 594 1014 emphasim
615 957 970 1002 vehementissimi
991 957 1045 1001 ab
1065 958 1248 1001 Homero
1279 957 1330 1001 de
1363 957 1483 1000 leone
1512 957 1674 1000 dictum

183 1017 246 1059 est
275 1016 397 1059 Iliad.
431 1015 483 1070 ρ’.

271 1074 372 1115 Πᾶν
401 1072 450 1115 δέ
479 1072 516 1114 τ’
549 1068 802 1116 ἐπισκύνιον
832 1067 951 1115 κάτω
983 1069 1154 1114 ἕλκε-ται
1187 1063 1293 1114 ὄσσε
1323 1066 1560 1114 καλύπτον.

182 1129 294 1173 Hinc
317 1129 553 1173 Caesarissa
583 1130 728 1173 nostra
757 1130 989 1186 imaginem
1019 1129 1215 1172 mutuata
1243 1129 1306 1172 est
1338 1128 1543 1184 elegantis
1572 1127 1676 1171 alle-

183 1187 339 1242 goriae,
361 1187 614 1230 transferens
635 1182 889 1229 ἐπισκύνιον
914 1186 968 1229 ad
992 1185 1316 1242 significandum
1337 1185 1486 1241 capitis
1506 1185 1676 1240 tegmen

182 1244 388 1287 usitatum
417 1244 716 1299 professoribus
747 1244 861 1287 vitae
890 1243 1160 1295 monasticae,
1204 1243 1316 1298 quod
1345 1243 1437 1298 ipsa
1467 1242 1677 1286 cuculium

182 1300 285 1344 alibi
316 1303 451 1344 vocat.
513 1301 562 1343 Id
592 1301 697 1344 solet
726 1301 780 1344 ad
806 1300 1013 1356 specimen
1034 1300 1262 1343 modestiae
1285 1300 1411 1355 longe
1437 1299 1549 1342 infra
1577 1312 1675 1342 ocu-

181 1357 244 1400 los
273 1357 440 1400 demitti
468 1358 509 1401 et
538 1358 706 1401 vultum
727 1359 853 1413 atque
874 1371 918 1401 os
947 1357 1200 1410 inumbrare,
1231 1357 1537 1412 tristitiamque
1556 1356 1676 1399 illam

182 1414 463 1458 venerabilem
494 1415 534 1457 et
563 1414 804 1470 religiosam
835 1415 1043 1467 inducere,
1066 1427 1172 1469 quae
1201 1414 1341 1466 etiam,
1376 1426 1459 1456 non
1478 1414 1543 1456 ira
1572 1413 1675 1465 sola,

182 1472 307 1515 verbo
337 1466 508 1525 σκύζειν
530 1473 570 1515 et
600 1470 879 1527 σκυὸμαίνειν
908 1471 1018 1514 unde
1045 1472 1106 1514 est
1127 1467 1394 1523 ἐπισκύνιον,
1415 1471 1674 1526 designatur,

183 1528 219 1571 si
248 1528 368 1572 bonis
399 1528 700 1572 Grammaticis
731 1529 960 1573 credimus:
1007 1530 1079 1584 qui
1109 1541 1192 1571 non
1223 1528 1556 1583 improbabiliter
1601 1540 1675 1570 au-

182 1586 354 1629 tumant
382 1585 477 1628 inde
504 1599 590 1629 esse
620 1586 1056 1643 metagrammatismo
1087 1586 1270 1640 quodam
1309 1581 1360 1627 τὸ
1398 1580 1676 1639 σκυθρωπὸν

183 1642 257 1685 καὶ
284 1638 640 1699 σκυθρωπάζειν.
710 1643 827 1687 Alibi
864 1643 993 1686 etiam
1024 1642 1150 1686 Anna
1189 1642 1334 1686 eadem
1364 1654 1560 1685 coronam
1588 1642 1676 1684 Im-

182 1700 379 1754 perialem
409 1713 583 1755 superne
612 1700 801 1744 clausam
837 1701 879 1744 et
909 1712 1137 1743 concavam
1175 1713 1224 1743 ac
1268 1699 1464 1743 videlicet
1493 1698 1675 1741 frontem

182 1758 316 1812 ipsam
341 1770 471 1812 usque
503 1757 558 1800 ad
589 1757 810 1812 supercilia
836 1758 1063 1812 tegentem,
1099 1756 1377 1801 translatione
1417 1769 1499 1799 non
1536 1756 1675 1798 minus

185 1814 298 1869 apta,
332 1809 586 1857 ἐπισκύνιον
615 1815 800 1870 appellat
829 1815 902 1858 lib.
931 1825 997 1857 IX.

316 1873 657 1927 ΕΠΙΣΚΟΠΗ.
716 1872 806 1915 Lib.
827 1882 927 1916 XIV.
984 1871 1164 1914 Videt-ur
1194 1883 1280 1914 esse
1309 1870 1457 1913 domus
1486 1870 1561 1914 aut
1590 1870 1677 1912 Pa-

183 1927 332 1971 latium
366 1929 611 1984 Episcopale
642 1928 952 1984 Tripolitanum
980 1929 1025 1971 in
1054 1941 1136 1983 quo
1178 1927 1296 1971 velut
1338 1927 1383 1970 in
1428 1927 1519 1971 loco
1558 1939 1675 1970 sacro

184 1985 372 2040 deposita
400 1986 671 2042 Imperatoris
703 1986 879 2041 pecunia
911 1986 974 2029 est
1004 1999 1029 2029 a
1063 1985 1216 2041 legatis
1245 1985 1346 2028 eius.

902 2082 946 2120 Z

318 2146 682 2189 ZATPIKION.
732 2146 907 2202 Accipio
935 2146 1048 2189 ultro
1079 2146 1120 2189 et
1147 2145 1368 2200 comprobo
1391 2143 1673 2188 coniecturam

183 2199 356 2244 Meursii
387 2200 607 2257 ζατρίκιον
636 2202 784 2246 ludum
815 2216 901 2247 esse
930 2202 1279 2254 latrunculorum,
1311 2202 1439 2258 vulgo
1471 2201 1676 2245 Schacco—

183 2271 291 2311 rum,
323 2259 545 2313 opinantis.
604 2259 717 2303 Satis
746 2260 790 2303 id
822 2260 1001 2304 suadent
1042 2273 1150 2315 quae
1178 2273 1225 2303 ex
1256 2259 1460 2302 Achmete
1487 2259 1529 2301 et
1558 2258 1677 2302 Ano-

185 2328 309 2370 nymo
339 2316 389 2358 de
418 2317 509 2359 arte
535 2317 704 2360 Persica
730 2317 972 2361 testimonia
1002 2317 1167 2360 recitat.
1221 2316 1310 2359 Nec
1340 2315 1506 2359 abludit
1525 2315 1673 2359 Anna:

184 2372 301 2414 cuius
331 2373 520 2416 narratio
552 2374 694 2430 exigit,
726 2375 775 2417 ut
805 2375 873 2418 hic
902 2375 1027 2417 ludus
1058 2373 1262 2417 eiusmodi
1292 2373 1420 2417 fuerit
1451 2372 1523 2428 qui
1553 2386 1578 2415 a
1611 2386 1675 2415 se-

184 2428 391 2481 dentibus,
416 2431 543 2485 atque
574 2431 675 2474 adeo
705 2431 1055 2484 recumbentibus,
1083 2431 1222 2486 posset
1256 2429 1455 2474 exerceri:
1487 2429 1677 2484 quando-

186 2485 352 2539 quidem
383 2487 557 2530 Patrem
595 2501 718 2530 suum
760 2489 834 2542 ait,
874 2488 1062 2531 taedium
1106 2487 1242 2531 noctis
1286 2487 1490 2530 insomnis
1530 2486 1675 2530 accitis

186 2541 472 2596 collusoribus,
502 2545 565 2587 ita
602 2546 650 2587 ut
682 2546 784 2598 erat,
828 2545 1145 2589 decumbentem
1187 2545 1336 2598 adhuc,
1382 2544 1480 2587 ante
1521 2543 1672 2595 lucem,

185 2597 266 2640 isto
296 2600 551 2644 remissionis
588 2614 737 2657 genere
766 2602 974 2646 fefellisse.
1021 2601 1133 2657 quod
1162 2614 1283 2645 nemo
1313 2614 1396 2644 non
1425 2600 1540 2644 videt
1579 2601 1676 2655 apte

186 2655 391 2719 quadrare
417 2657 461 2699 in
491 2658 759 2701 schaccorum
788 2659 949 2703 ludum.
998 2660 1140 2703 Unum
1159 2659 1302 2711 miror,
1332 2657 1516 2712 excipere
1534 2657 1676 2700 Meur-

186 2724 319 2775 sium:
360 2713 498 2756 minus
528 2715 607 2757 sibi
639 2729 766 2770 quam
796 2716 923 2759 vellet
952 2716 997 2758 in
1025 2716 1103 2759 hoc
1135 2715 1275 2759 favere
1305 2715 1518 2758 Theocriti
1545 2714 1673 2757 Scho-

185 2767 350 2822 hasten,
382 2771 501 2824 quasi
523 2771 558 2813 is
583 2773 721 2826 potius
744 2772 965 2827 ζατρικίου
1001 2786 1152 2816 nomen
1173 2772 1226 2816 ad
1248 2771 1505 2815 calculorum
1526 2771 1673 2814 ludum

185 2825 351 2868 referat.
411 2827 471 2868 En
503 2827 748 2872 Scholiastis
779 2830 904 2873 huius
939 2831 1080 2873 locum
1110 2829 1336 2885 integrum,
1368 2841 1491 2884 quem
1524 2827 1674 2883 oppido
