1768 3152
0 0 22 131 κῑὲἧῖιϊὺῆἵὶῑδῖ

488 299 497 301 -
539 246 930 303 ΜιιιᾼῠιέιιΒ.
961 270 1008 302 x.
1040 265 1079 304 6.
1502 265 1556 307 35

4 405 30 426 k.
62 384 270 444 γώγητον.
330 381 392 444 μὴ
435 381 547 428 κατὰ
584 383 791 440 στοίχους
829 383 879 429 δὲ
916 383 1027 446 μήτε
1072 386 1224 433 ἰλαδὸν
1259 388 1558 447 πορευόμενοι

61 458 161 508 τοῖς
198 454 306 511 περὶ
338 451 418 498 τὸν
457 451 685 511 Δράκοντα
726 455 890 509 λοχῶσι
944 453 1160 510 Τούρκοις
1204 459 1559 514 περιπίπτοντες

2 519 11 572 ῗζ
63 523 252 581 οἰκτρῶς
277 518 538 606 ανῃροῦντο.
602 524 675 567 καὶ
714 527 933 569 τοσοῦτον
970 525 1154 586 πλῆθος
1191 528 1377 571 Κελτῶν
1405 545 1454 572 τε
1484 530 1558 573 καὶ

0 621 15 641 ..
63 589 312 649 Νορμάνων
353 590 482 675 ἔργον
519 592 737 649 μαχαίρας
765 588 1081 653 Ἰσμαηλιτικῆς
1111 592 1317 652 ἐγεγόνει,
1358 593 1472 641 ω’στε
1502 596 1558 641 τὰ

0 659 79 706 35
61 661 303 716 εκασταχοῦ
324 661 503 717 κείμενα
522 661 714 717 λείψανα
732 663 824 706 τῶν
839 657 1194 722 ἀποσφαγέντων
1207 659 1381 720 ανδρῶν
1400 682 1453 710 σι
1456 683 1557 722 γκο-

59 730 269 787 μίσαντες
307 730 516 787 μεγίστον
546 747 598 775 ου
638 726 782 788 λόφον
819 731 934 789 φημὶ
965 726 1068 775 οὖδὲ
1104 730 1267 786 βουνον
1298 729 1406 778 ουδὲ
1452 750 1557 778 σκο-

0 794 14 850 ἶς’
62 796 170 843 mciv
219 796 502 860 ἐποιήσαντο,
549 793 646 843 ἄλλ’
682 794 784 844 οἷον
824 793 931 855 ι’)’ρος
970 797 1145 858 ὑψηλόν
1178 802 1251 846 καὶ
1297 798 1448 858 βάθος
1484 804 1557 847 καὶ

61 866 231 921 πλάτος
257 863 611 925 ἀξιολογώτατον
629 862 968 924 ἅπολαμβάνον·
998 870 1217 923 τοσοῦτος
1239 869 1384 915 ἔκειτο
1412 869 1436 915 ὁ
1468 874 1557 915 τῶν

61 932 209 981 ὅστῶν
235 934 444 990 κολωνός.
489 937 564 981 καί
592 954 709 990 τινες
736 934 923 994 ὕστερον
949 940 1039 981 τῶν
1060 938 1108 982 ἐκ
1136 942 1218 983 τοῦ
1238 935 1375 984 αὖτοῦ
1406 940 1558 996 γένους

11 1004 149 1067 ’1,οτῶν
176 1002 532 1065 ἀποσφαγέντων
559 1003 798 1063 βαρβάρων
840 1007 886 1051 ἑν
929 1004 1119 1066 σχήματι
1161 1005 1340 1061 πόλεως
1380 1007 1598 1054 οἰκοδο-Β

59 1072 280 1136 μήσαντες
305 1078 454 1131 τεῖχος
481 1073 738 1132 μεσέμβολά
763 1093 861 1120 τινα
889 1072 1101 1133 καθάπερ
1127 1073 1344 1135 κάχληκας
1363 1075 1418 1121 τὰ
1446 1073 1557 1122 ὀστᾶ

2 1163 7 1203 j
59 1146 151 1189 τῶν
178 1141 486 1190 ἀπολωλότων
527 1144 734 1189 ἐνέθεντο
774 1142 949 1202 τρόπον
991 1143 1090 1190 τινὰ
1119 1142 1265 1205 τάφον
1297 1141 1451 1198 αὐτοῖς
1478 1143 1558 1205 τὴν

60 1211 194 1258 πόλιν
223 1211 501 1270 ποιούμενοι.
562 1212 657 1275 ἥτις
687 1215 760 1259 καὶ
791 1213 856 1267 εἷς
886 1213 967 1273 τὴν
993 1211 1185 1275 τήμερον
1213 1215 1385 1259 ἵσταται
1418 1232 1558 1259 τετει-

3 1335 11 1340 a
59 1283 239 1341 χισμένη
271 1279 386 1339 ὁμοῦ
415 1300 464 1327 τε
494 1283 647 1336 λίθοις
674 1284 748 1328 καὶ
776 1278 932 1336 σ’στοῖς
958 1278 1121 1340 ἀναμὶξ
1140 1282 1303 1338 ἔχοισα
1332 1281 1411 1327 τὸν
1429 1284 1558 1341 περί-

2 1350 49 1391 35
57 1352 206 1407 βολον
272 1348 454 1396 πάντων
494 1343 573 1396 οὖν
610 1354 754 1411 ξιφῶν
790 1350 1094 1410 παρανάλωμα
1132 1348 1378 1409 γεγονότων
1417 1349 1557 1408 μόνος

2 1413 15 1454 Ῑ
60 1418 84 1464 ὃ
116 1421 293 1477 Πέτρος
327 1421 424 1477 μετ’
467 1419 627 1478 ὀλίγων
668 1422 801 1465 τινῶν
841 1419 906 1474 εἷς
930 1418 1244 1465 Ἕλενοῦπολιν
1275 1412 1412 1474 αυθις
1441 1439 1556 1464 υπο-

0 1534 3 1538 ,
58 1489 258 1547 στρέψας
277 1486 430 1550 εισῄει.
488 1507 529 1534 οι
560 1489 608 1534 δὲ
634 1491 826 1547 Τοῦρκοι
846 1481 983 1543 αυθις
1002 1493 1168 1535 τοῦτον
1187 1487 1420 1548 ἐνήδρειον
1439 1488 1555 1534 ἑλεῖν

4 1585 6 1587 >
58 1558 306 1611 ἐθέλοντες.
357 1555 382 1603 ὁ
403 1557 452 1603 δὲ
471 1553 758 1617 αὗτοκράτωρ
779 1557 956 1604 ἅπαντα
975 1554 1179 1616 ακηκοώς
1202 1559 1275 1603 καὶ
1294 1556 1374 1619 τὴν
1392 1575 1554 1603 τοσαι-

15 1678 18 1680 v
57 1644 136 1685 την
163 1620 483 1684 ἀνδροκτασίαν
525 1628 801 1683 βεβαιωθεὶς
844 1628 890 1672 ἐν
929 1629 1061 1686 δεινῷ
1092 1627 1307 1681 ἐποιεῖτο,
1355 1626 1395 1672 εἰ
1424 1627 1497 1671 καὶ
1528 1645 1552 1670 ο

0 1688 234 1752 9οΠέτρος
262 1691 395 1754 ἁλῴη.
445 1699 712 1757 παραχρῆμα
745 1697 894 1740 τοίνιν
922 1693 1336 1753 μεταπεμψάμενος
1364 1694 1443 1740 τὸν
1459 1700 1593 1739 lca-c

57 1761 260 1808 τακαλών
280 1767 622 1809 Κωνσταντῖνον
650 1782 730 1809 τον
750 1759 1058 1824 Ευφορβηνόν,
1086 1782 1139 1809 ου
1170 1762 1194 1809 ὁ
1224 1761 1397 1822 λόγος’
1376 1782 1421 1809 εν
1442 1765 1555 1808 πολ-

112 1836 132 1846 υ
183 1827 209 1844 2}

57 1834 156 1887 λοις
180 1834 264 1894 ηδη
284 1829 499 1895 ἐμνήσθη,
530 1828 802 1898 αποχρώσας
831 1830 1038 1891 δινάμεις
1068 1833 1114 1878 ἐν
1142 1850 1268 1878 ναισι
1288 1834 1555 1890 πολεμικαῖς

197 1939 229 1973 1.
254 1935 401 1984 ἰλαδὸν]
419 1937 535 1975 schol.
549 1939 588 1973 in
603 1949 677 1984 mg.
693 1950 743 1973 m.
758 1938 808 1973 2:
835 1935 927 1972 κατὰ
959 1933 1130 1985 σύστημα
1148 1937 1191 1973 F.
1290 1938 1325 1972 2.
1351 1937 1489 1993 λοχῶσι
1509 1937 1552 1983 F,

195 1987 340 2044 λιιχῶσι
362 1986 403 2022 Ρ.
548 1988 582 2022 9.
609 1990 675 2021 καί
695 1986 843 2032 scripsi:
871 1982 944 2032 κᾷν
968 1986 1008 2022 Ρ.
1168 1987 1223 2021 11.
1248 1981 1493 2043 μεσέμβολόν
1508 1985 1552 2021 G.

198 2037 255 2071 12.
282 2031 532 2071 ἀπολωλότων
555 2035 598 2081 F,
623 2032 872 2071 ἇπολωτότων
896 2022 936 2071 Ρ.
1169 2035 1224 2070 13.
1249 2032 1318 2078 τὴν
1341 2034 1387 2080 F,
1413 2046 1486 2070 om.
1512 2033 1552 2070 P.

191 2096 242 2119 τει
242 2098 282 2132 χι
288 2094 340 2132 σμ
346 2085 409 2128 ἕνη
434 2083 479 2120 G.

57 2188 131 2224 que
156 2187 225 2213 nec
248 2176 382 2213 ordine
403 2187 475 2213 nec
499 2175 764 2223 manipulatim
790 2174 1060 2231 procedentes,
1076 2174 1126 2211 ad
1149 2174 1317 2220 fluvium,
1345 2173 1411 2221 qui
1430 2174 1552 2212 Draco

0 2226 15 2268 ‘J
57 2226 212 2272 dicitur,
241 2225 282 2261 in
306 2225 516 2262 Turcarum
542 2225 697 2261 insidias
732 2224 910 2261 incidunt
934 2236 977 2260 ac
1011 2224 1148 2260 misere
1179 2223 1432 2269 trucidantur,
1469 2225 1552 2259 tan-

57 2277 171 2321 taque
214 2274 434 2311 Gallorum
462 2274 844 2320 Normannorumque
892 2273 1100 2309 multitudo
1154 2271 1382 2308 Ismaelitico
1425 2271 1551 2318 gladio

4 2357 11 2366 ,,
57 2324 183 2371 periit,
217 2326 262 2359 ut
284 2323 431 2360 collatis
465 2323 633 2369 undique
664 2322 808 2359 occis01
810 2334 889 2358 um
905 2321 1149 2358 cadaveribus
1180 2332 1257 2357 non
1287 2320 1457 2357 tumulus
1492 2321 1553 2357 vel

57 2373 164 2409 collis
203 2371 415 2428 speculam,
465 2371 529 2408 sed
572 2372 696 2407 instar
741 2372 883 2407 montis
926 2374 965 2407 et
1006 2370 1208 2406 altitudine
1258 2373 1299 2405 et
1350 2369 1552 2405 latitudine

57 2424 97 2459 et
131 2421 303 2457 crassitie
344 2421 474 2456 eximii
516 2432 670 2457 acervus
704 2420 900 2456 existeret:
945 2422 1075 2455 tantus
1114 2421 1197 2455 erat
1235 2418 1375 2454 ossium
1421 2430 1549 2465 agger.

57 2472 190 2526 postea.
214 2469 368 2516 quidam
398 2481 445 2505 ex
471 2468 602 2505 eodem
633 2468 700 2505 illo
731 2469 985 2504 barbarorum
1017 2479 1171 2514 genere,
1206 2479 1292 2503 cum
1323 2478 1474 2502 murum
1510 2466 1550 2502 in

58 2518 226 2555 civitatis
255 2517 417 2554 formam
449 2517 710 2563 aedificarent,
748 2517 868 2554 multa
901 2529 970 2563 pro
1008 2518 1199 2553 caemento
1237 2526 1432 2552 caesorum
1469 2525 1552 2551 ossa

57 2567 250 2614 lapidibus
278 2567 522 2612 miscuerunt,
550 2545 840 2612 quodanimodo,
863 2570 907 2602 ut
924 2565 1001 2601 illis
1019 2565 1231 2611 sepulcrum
1249 2566 1440 2610 pararent,
1466 2574 1552 2599 con·

57 2615 189 2652 dentes
213 2615 357 2652 urbem.
394 2618 522 2652 manet
546 2627 590 2651 ea
615 2615 739 2651 adhuc
763 2615 890 2652 cincta
914 2614 1109 2650 moenibus
1137 2624 1312 2649 saxorum
1338 2612 1552 2657 ossiumque

42 2664 227 2701 ‘mixtura
261 2664 452 2701 confectis.
506 2665 681 2700 omnibus
706 2675 798 2700 vero
825 2663 873 2700 ad
906 2663 1198 2699 internecionem
1226 2661 1359 2697 deletis
1383 2660 1483 2696 solus
1512 2672 1552 2696 se

58 2712 193 2749 Petrus
216 2724 303 2749 cum
326 2713 457 2759 paucis
482 2712 730 2759 Helenopolin
768 2713 927 2758 recipit,
965 2710 1103 2747 iterum
1144 2710 1278 2746 Turcis
1321 2708 1368 2745 ad
1398 2708 1551 2745 interci-

58 2761 240 2808 piendum
270 2773 357 2797 eum
387 2761 579 2797 machinas
611 2761 865 2798 tendentibus.
916 2760 983 2796 sed
1017 2760 1225 2806 imperator
1265 2760 1395 2794 tantae
1426 2757 1552 2794 caedis

58 2812 163 2847 oerto
184 2811 322 2846 nuntio
346 2810 460 2846 allato
486 2822 562 2846 non
588 2810 899 2847 committendum
925 2812 1048 2854 ratus,
1079 2811 1123 2843 ut
1148 2807 1284 2842 Petrus
1316 2817 1466 2853 quoque
1493 2817 1552 2842 ca-

0 2849 42 2913 Q
59 2862 226 2906 peretur,
251 2859 381 2895 statim
394 2859 656 2896 Catacalonem
674 2858 964 2895 Constantinum
981 2856 1292 2904 Euphorbenum,
1320 2855 1425 2892 cuius
1441 2865 1552 2901 saepe

18 2908 39 2956 ’ξ
61 2919 176 2956 supra
202 2907 457 2955 meminimus,
483 2920 569 2946 cum
594 2907 739 2945 idoneis
763 2908 900 2957 copiis,
931 2918 1024 2955 quas
1059 2905 1098 2942 in
1123 2916 1235 2942 naves
1259 2904 1410 2942 bellicas
1434 2903 1552 2952 impo-

0 2521 29 2851 mmm»
6 2477 10 2481 v
