1734 3120
187 230 269 274 238
702 232 868 268 ANNAE
897 230 1164 267 GOMNENAE

183 348 549 413 ὃπλοποιήσομαι
580 349 670 394 κατ’
703 343 860 393 aduam
921 348 1025 391 καθ’
1068 336 1129 391 ὧν
1167 345 1215 391 δὲ
1245 341 1325 390 οὔκ
1357 342 1455 390 ἐστι
1487 359 1561 389 σοι
1591 347 1677 389 θυ-

183 432 318 486 μῆρες
353 421 542 479 στρατὸν
577 423 772 478 κινῆσαι,
816 412 918 462 οὗδὲ
960 411 1094 460 αὐτοὶ
1129 416 1222 459 κατ’
1256 414 1433 459 ἐκείνων
1465 409 1676 496 στρατεύ-

183 510 351 550 σαιμεν.
407 489 479 536 διὰ
507 487 687 534 πάντων
717 486 795 546 γὰρ
827 482 1090 542 βουλόιιεθα
1120 480 1399 541 θεραπεύειν
1427 479 1478 526 τὸ
1513 480 1676 538 υμέτε-

185 580 263 619 ρον
293 558 451 619 κράτος
479 560 553 603 καὶ
583 561 730 602 πᾶσαν
771 557 931 612 πρᾶξιν
961 554 1033 598 καὶ
1063 554 1216 598 πᾶσαν
1243 549 1454 608 βούλησιν
1483 553 1562 609 τῆς
1590 552 1674 607 σῆς

184 627 439 690 βουλήσεως
468 629 661 684 ἐξαρτᾶν.
719 626 809 669 τῶν
838 641 886 668 τε
908 624 1173 680 Σαρακηνιῦν
1201 622 1274 665 καὶ
1297 623 1386 664 τῶν
1413 620 1460 664 ἐκ
1489 622 1572 663 τοῦ
1602 613 1717 663 '510-

185 697 301 759 μαὴλ
331 695 497 742 ὁπόσοι
525 695 784 753 συρρέουσιν
814 691 877 745 εἰς
907 689 985 752 τὴν
1003 690 1230 746 βασιλείαν
1260 706 1341 735 σου
1373 680 1677 747 ηὖτοιιοληκό-

186 784 259 820 τες
288 767 358 810 καὶ
393 783 475 818 τας
505 762 660 816 πόλεις
691 758 836 807 αὐτῶν
867 756 1206 817 παραδιδόντες,
1247 752 1350 802 ου’τε
1389 753 1678 801 ἅποκωλύσω

190 830 290 880 ου’τε
321 832 393 879 διὰ
421 834 619 893 σπουδῆς
646 831 776 888 θείην
805 825 1183 887 ὑποποιήσασθαι
1213 827 1402 885 ἐμαυτιῢ,
1435 824 1475 870 εἰ
1499 826 1560 883 μή
1590 841 1680 868 που

191 898 280 960 ἄρα
309 903 382 947 δια
408 905 488 946 τοῦ
519 901 626 958 ἐμοῦ
667 896 856 955 δορατος
895 895 1255 954 καταναγκασθὲν
1283 913 1335 939 το
1367 894 1503 952 μέρος
1542 893 1686 938 ἐκεῖνο

193 973 266 1017 καὶ
295 967 582 1025 πανταχόθεν
612 966 949 1024 στενοχωρηθέν
978 963 1095 1048 πρὸς
1124 962 1175 1009 τὸ
1207 961 1368 1021 κράτος
1394 961 1446 1007 τὸ
1477 959 1558 1006 σὸν
1577 956 1688 1005 ἅπέ-
1703 970 1734 1003 1(

43 1050 84 1085 P.
111 1042 336 1098 412βλεψε
380 1039 579 1083 κίνδυνον
621 1033 911 1096 ὗφορώιιενον
956 1051 1029 1078 και
1073 1033 1153 1093 την
1195 1032 1417 1091 σωτηρίαν
1455 1029 1596 1090 ἐαυτῷ
1642 1030 1689 1074 ἐκ

41 1098 86 1134 V·
112 1099 183 1133 326
195 1111 275 1153 τοῦ
304 1105 641 1165 προσέρχεσθαί
668 1122 740 1150 σοι
771 1100 1205 1184 πραγματευόμενον.
1265 1095 1378 1145 αλλα
1409 1096 1514 1152 τούς
1540 1115 1689 1143 τοιου-

195 1194 300 1230 τους
318 1194 366 1221 τε
389 1192 559 1228 παντας
573 1192 644 1219 και
664 1170 763 1218 ο’σοι
781 1170 833 1217 τὸ
858 1169 1103 1229 Φραγγικὸν
1119 1169 1431 1229 πεφοβημένοι
1464 1169 1595 1227 ξίφος
1618 1167 1690 1211 καὶ

195 1243 274 1290 τὸν
303 1243 605 1302 ἐπηρτημένον
634 1239 832 1286 θάνατον
861 1234 1179 1292 αποκλίναντες
1205 1256 1310 1291 τοις
1340 1234 1585 1294 σεβαστοῑς
1613 1239 1690 1292 βα-

196 1314 343 1366 σιλέας
373 1312 679 1357 ἐπικαλοῦνται
710 1308 824 1366 ὑμᾶς
852 1329 907 1355 *ae
938 1326 988 1352 ου
1027 1305 1099 1353 δια
1136 1308 1271 1352 τοῦτο
1310 1301 1563 1362 ἅνθέξεσθε
1602 1321 1691 1348 των
1706 1313 1734 1347 1¹

197 1380 421 1441 ἦμετέρων
450 1376 754 1437 δορυαλώτων,
787 1373 897 1422 αλλὰ
926 1373 1132 1436 δηλονότι
1162 1379 1252 1420 τῶν
1270 1370 1373 1420 α’νευ
1404 1373 1558 1419 πόνων
1586 1390 1692 1434 ημε-

196 1451 337 1507 τέρων
365 1449 437 1493 καὶ
467 1445 623 1492 κόπων
652 1448 722 1491 καὶ
754 1446 1029 1499 ἐθελουσίως
1056 1444 1121 1498 εἷς
1144 1443 1223 1504 τὴν
1241 1442 1458 1502 ὑμετέραν
1475 1441 1693 1488 δούλωσιν

199 1517 458 1575 ἐρχομένων.
514 1514 630 1573 πρὸς
660 1518 758 1569 τοῖς
786 1509 937 1568 ἄλλοις
969 1514 1041 1558 καὶ
1070 1514 1197 1558 ταυτὶ
1227 1512 1477 1572 συμφωνῶ,
1522 1508 1591 1556 ὅτι
1622 1527 1693 1555 τοι

201 1584 301 1631 ὅσοι
330 1582 383 1629 ἣν
429 1585 622 1629 ἐθέλωσι
666 1585 934 1641 διαπερᾶσαι
972 1583 1066 1639 μετ’
1106 1580 1216 1638 ἐμοῦ
1260 1578 1339 1625 τὸν
1381 1575 1563 1637 Ἀδρίαν
1599 1575 1691 1623 ἇπὸ

157 1654 529 1712 ΒΛογγιβαρδίας
571 1647 727 1709 ἄνδρες
766 1652 1051 1709 στρατιῶται,
1102 1646 1312 1707 ὄμοῦνται
1334 1686 1339 1692 ,
1360 1649 1432 1694 καὶ
1461 1643 1589 1693 αὖτοὶ
1621 1647 1693 1692 καὶ
1706 1658 1734 1692 2⁴

199 1719 548 1783 συμφωνήσωσι
592 1723 646 1782 τῇ
691 1720 871 1780 δουλείᾳ
916 1723 994 1780 τῆς
1035 1719 1260 1776 βασιλείας
1298 1734 1394 1776 σου,
1442 1715 1695 1775 ὁρκίζοντος

199 1788 402 1850 δηλονότι
432 1786 619 1842 τούτους
647 1785 901 1846 ξύμπαντας
930 1783 1180 1846 α’νθρώπου
1219 1784 1340 1840 τινὸς
1368 1787 1449 1831 τοῦ
1480 1785 1693 1843 ὑμετέρου

336 1928 368 1962 1.
393 1926 480 1961 καθ’
507 1926 546 1972 Ρ,
573 1926 636 1973 ἐφ’
662 1926 704 1962 F.
869 1927 925 1961 11.
953 1926 1069 1961 ἑαυτῶ
1095 1925 1139 1970 F,
1167 1924 1307 1960 ἑαυτῶν
1329 1923 1370 1959 Ρ.
1528 1924 1583 1958 12.
1610 1920 1694 1961 τοὺς

334 1970 516 2014 τοιοίτους
542 1988 578 2010 τε
605 1975 646 2020 F,
671 1972 819 2014 τούτους
844 1974 884 2010 Ρ.
986 1976 1041 2030 153
1068 1974 1239 2009 lacunam
1266 1972 1423 2030 signavi.
1527 1973 1580 2007 16
1606 1967 1695 2007 ἄνευ

335 2020 465 2059 πόνων
490 2023 680 2072 ἡιιετέοωι
705 2026 765 2058 καὶ
791 2019 921 2058 κόπων
947 2022 989 2068 F,
1028 2018 1115 2058 ἶὶιέυ
1146 2018 1276 2057 κόπων
1307 2019 1498 2068 ἡιιειέρων
1528 2022 1589 2056 καὶ
1623 2016 1695 2055 πό·-

335 2084 410 2108 νων
436 2072 475 2108 Ρ.
619 2073 672 2108 18.
699 2086 754 2107 τοι
783 2084 855 2108 om.
886 2071 923 2107 C.

200 2187 395 2234 placuerit,
430 2190 564 2224 contra
598 2199 661 2224 eos
693 2200 741 2225 ne
773 2199 841 2224 nos
872 2186 1023 2235 quidem
1054 2186 1128 2233 ipsi
1159 2185 1397 2222 bellabimus.
1446 2185 1486 2221 in
1520 2183 1695 2221 omnibus

202 2236 301 2272 enim
329 2236 441 2272 rebus
474 2236 722 2283 obsequemur
755 2236 934 2283 potestati
959 2238 1108 2272 vestrae
1142 2234 1336 2281 omnisque
1367 2232 1466 2270 actio
1497 2235 1629 2269 nostra
1657 2235 1696 2269 et

202 2296 310 2320 omne
338 2284 539 2321 consilium
558 2297 604 2321 ex
626 2286 787 2321 arbitrio
813 2288 881 2321 tuo
900 2284 1129 2331 pendebunt.
1167 2283 1438 2319 Saracenorum
1466 2284 1505 2318 et
1529 2281 1695 2317 Ismaeli-

201 2335 324 2368 tarum
352 2334 574 2379 quicumque
592 2333 640 2369 ad
657 2334 893 2370 maiestatem
919 2336 1024 2369 tuam
1050 2331 1269 2378 transfugae
1295 2330 1487 2368 confluent
1508 2330 1695 2376 urbesque

203 2392 287 2416 suas
312 2381 474 2427 tradent,
498 2393 563 2417 eos
590 2393 659 2418 nec
687 2382 890 2428 impediam
915 2393 984 2418 nec
1009 2380 1086 2417 ulla
1112 2381 1260 2417 ratione
1292 2379 1387 2416 mihi
1411 2378 1611 2416 conciliare
1636 2389 1694 2414 co—

202 2429 335 2465 nabor.
376 2431 544 2476 except-is
577 2432 705 2466 tamen
735 2431 792 2473 iis,
832 2431 896 2476 qui
920 2429 1027 2466 hasta
1058 2440 1141 2465 mea
1166 2428 1287 2465 coacti
1312 2431 1351 2465 ct
1376 2427 1415 2463 in
1441 2438 1605 2463 summas
1631 2439 1695 2462 an-

202 2478 347 2523 gustias
374 2477 531 2523 redacti,
557 2478 623 2514 ubi
644 2491 682 2515 se
707 2479 747 2514 in
773 2478 939 2524 periculo
964 2478 1107 2514 versari
1130 2478 1367 2523 cognoscent,
1394 2475 1442 2512 ad
1467 2477 1695 2522 potestatem
1731 2494 1734 2497 Δ

203 2528 307 2561 tuam
333 2526 458 2562 oculos
482 2529 705 2563 convertent
730 2529 768 2563 et
791 2526 838 2562 ad
862 2529 899 2563 te
922 2526 1106 2573 fugientes
1131 2526 1288 2562 salutem
1314 2536 1419 2561 suam
1444 2525 1585 2570 petent.
1628 2523 1696 2560 hos

204 2573 303 2608 enim
329 2577 493 2618 cunctos,
521 2576 586 2621 qui
613 2575 845 2611 Francorum
877 2587 981 2611 arma
1009 2576 1218 2611 metuent-es
1252 2585 1296 2609 ac
1328 2575 1488 2610 morte-m
1519 2583 1696 2619 expaves·

203 2623 328 2657 centes
341 2622 599 2659 imminentem
613 2627 789 2670 augustos
802 2635 865 2659 vos
877 2623 1122 2670 imperatores
1137 2622 1380 2664 invocabunt,
1399 2636 1439 2653 u
1454 2632 1531 2657 non
1549 2631 1631 2657 eam
1647 2620 1696 2656 ob

205 2681 352 2705 causam
379 2672 616 2716 captivorum
633 2675 853 2708 nostrorum
871 2683 998 2708 curam
1023 2671 1223 2713 habebitis,
1245 2670 1309 2706 sed
1327 2669 1455 2716 potius
1472 2680 1613 2715 eorum,
1631 2669 1696 2715 qui

205 2717 284 2753 sine
317 2718 394 2753 ullo
425 2722 554 2754 nostro
591 2720 720 2756 labore
753 2723 792 2756 et
832 2731 949 2766 opera
981 2720 1019 2755 in
1045 2722 1211 2757 vestram
1235 2719 1454 2755 servitutem
1486 2717 1586 2753 ultro
1611 2729 1693 2763 per·
1719 2747 1725 2763 ι

204 2765 387 2801 venerint.
438 2769 634 2812 praeterea
659 2769 773 2804 etiam
799 2768 871 2804 hoc
896 2768 1092 2815 promitto,
1117 2770 1338 2804 curaturum
1365 2777 1434 2811 me,
1459 2767 1504 2801 ut
1529 2765 1695 2812 quicum·
1733 2807 1734 2810 ¹

206 2825 277 2859 que
303 2825 448 2849 mecum
475 2816 635 2852 traicere
660 2816 897 2853 Adriaticum
930 2828 1033 2853 mare
1059 2828 1079 2852 e
1104 2815 1363 2863 Longibardia
1386 2813 1576 2852 voluerint
1600 2813 1695 2849 mili-

205 2864 276 2908 tes,
304 2861 432 2898 iurent
463 2865 500 2899 et
525 2864 598 2912 ipsi
621 2865 659 2901 in
691 2865 896 2903 maiestatis
922 2866 1071 2904 vestrae
1104 2865 1301 2903 servitium
1333 2863 1509 2911 adigente
1540 2862 1588 2899 ad
1621 2861 1695 2899 ius·
1706 2885 1734 2938 ,ᾗ

1710 2945 1732 2965 ’ἐξ

1706 2808 1734 3120 3
