1734 3120
533 186 798 221 ALEXIADIS
826 187 920 221 Lm.
947 188 1048 222 XIV.
1080 183 1118 221 7.
1459 181 1542 222 293

60 304 261 360 σαμένων
304 303 397 347 κατ’
446 301 591 348 ἐκεῖνο
635 304 801 356 καιροῦ,
848 300 953 345 καθ’
998 295 1050 346 ὃν
1095 299 1233 358 οὗμὸς
1277 301 1423 362 πατὴρ
1454 305 1542 348 τῶν

59 369 301 428 σκήπτρων
323 369 552 428 Ῥωμαίων
580 370 840 427 ἐπείληπτο,
882 370 1166 427 χρησαμένων
1204 371 1253 414 δὲ
1291 376 1543 430 συμφοραῖς

59 441 131 483 καὶ
159 437 664 496 μετασχηματισθέντων
692 431 786 481 dmi
815 438 894 496 τῆς
930 440 1143 496 κοσμικῆς
1177 435 1339 496 τύρβης
1374 437 1438 491 εἷς
1465 437 1543 496 τὴν

58 509 149 552 τῶν
190 509 396 564 μοναχῶν
439 507 691 565 γαληνιαίαν
732 503 1139 550 κατάστασιν.τά
1182 503 1261 563 γὰρ
1303 505 1368 559 εἰς
1395 510 1544 562 χεῖρας

22 573 165 632 ὃὲιιᾶς
203 573 456 632 ἐμπεσόντα
494 572 810 631 σιγγράμματα
851 571 973 618 ἁπλᾶ
1003 574 1084 630 μὲν
1127 592 1152 632 η
1157 591 1238 619 σαν
1274 572 1352 634 τὴν
1380 572 1543 632 φράσιν

58 645 129 688 καὶ
150 639 392 701 απερίεργα
421 644 493 687 καὶ
511 646 591 701 τῆς
609 638 869 701 αληθείας
847 640 1033 698 εχόμενα
1053 645 1125 686 καὶ
1146 637 1272 686 οὐδέν
1299 660 1343 687 τι
1362 641 1543 699 κομψόν

57 712 387 769 ἒπιδεδειγμένα
421 707 524 756 ουδὲ
568 709 801 770 ῥητορικόν
840 705 972 768 ὄγκον
1016 709 1324 767 ἕπισιρόμενα.
1396 709 1452 754 τὰ
1494 712 1542 755 δὲ

58 777 179 835 παρὰ
206 781 297 823 τῶν
315 780 580 837 γεραιτέρων
608 775 919 836 ἕκδιηγοὺμενα
947 781 1025 836 τῆς
1063 773 1201 862 αἰτῇς
1230 769 1339 836 ἦσαν
1372 779 1446 822 καὶ
1473 780 1542 823 λέ-

56 850 167 903 ξεως
199 849 273 893 καὶ
299 849 497 901 διανοίας
522 850 615 892 τῶν
642 844 989 904 σιγγραμμὰτων
1018 847 1224 903 ἐχόμενα·
1262 847 1334 890 καὶ
1363 846 1583 905 §teman-B

0 927 44 962 10
54 913 196 974 ρὰμην
224 917 275 972 ἐξ
297 912 444 961 αὐτῶν
469 914 548 975 τὴν
575 919 654 975 τῆς
681 913 880 972 ἱστορίας
906 911 1123 973 ἀλήθειαν
1140 916 1451 971 συμβάλλουσα
1470 916 1542 959 καὶ

55 983 415 1042 παρεξετάζουσα
439 986 496 1030 τά
522 986 628 1041 παρ’
661 984 853 1043 ἐμαυτῆς
881 981 1179 1040 ἱστορούμενα
1208 981 1324 1040 πρὸς
1351 981 1407 1027 τὰ
1433 985 1538 1038 παρ’

54 1053 234 1098 ἐκείνων
261 1051 477 1111 λεγόμενα
506 1055 580 1098 καὶ
604 1051 662 1098 τὰ
682 1053 790 1110 παρ’
828 1053 1006 1097 ἐκείνων
1034 1052 1151 1108 πρὸς
1186 1049 1243 1096 τὰ
1271 1052 1377 1108 παρ’
1410 1052 1541 1108 ἐματ-

52 1123 143 1182 τῆς,
174 1119 292 1179 ἅπερ
322 1117 432 1181 αὕτη
462 1123 513 1178 ἐξ
539 1117 675 1166 advo&
714 1138 764 1165 τε
790 1116 959 1177 τοῦμοῦ
998 1118 1172 1176 πατρὸς
1206 1120 1279 1164 καὶ
1307 1121 1398 1166 τῶν
1427 1117 1542 1177 πρὸς

54 1189 225 1246 πατρὸς
253 1191 327 1235 καὶ
355 1190 523 1249 μητρὸς
552 1190 653 1246 ἐμοὶ
679 1190 822 1235 θείων
855 1186 1057 1248 ἧκηκόειν
1086 1186 1311 1242 πολλάκις.
1369 1183 1448 1246 ἀφ’
1479 1205 1541 1231 ων

0 1267 40 1300 [5
53 1256 267 1303 ἁπάντων
294 1257 347 1303 τὸ
373 1262 453 1316 τῆς
480 1254 697 1317 ἀληθείας
721 1256 843 1302 ἅπαν
868 1260 998 1314 σῶμα
1027 1258 1400 1317 συνεξυφαίνεται.
1444 1251 1536 1299 ἄλλ’

51 1324 167 1383 ὅπερ
198 1321 379 1372 ἄνωθεν
407 1323 539 1372 εἶπον
568 1328 674 1383 περὶ
709 1329 789 1385 τῆς
822 1328 903 1371 τοῦ
936 1324 1147 1384 Καμίτζη
1180 1327 1270 1370 τῶν
1304 1322 1540 1381 βαρβάρων

50 1389 296 1454 ἆποφυγῆς
322 1396 396 1440 καὶ
419 1398 498 1456 τῆς
528 1396 634 1453 παρ’
664 1395 831 1439 ἐκείνου
855 1386 994 1452 4πρὸς
1022 1393 1132 1447 τούς
1174 1393 1361 1446 πολίτας
1404 1394 1540 1450 δημη-

50 1463 215 1520 γορίας,
249 1461 275 1508 ὁ
307 1462 439 1521 λόγος
467 1464 656 1519 ἑχέσθω.
716 1461 741 1509 ὁ
770 1464 852 1520 μὲν
880 1461 960 1520 γὰρ
982 1460 1217 1520 διηγήσατο
1247 1458 1303 1506 τὰ
1330 1461 1578 1516 amanen-C

52 1530 238 1586 τωκότα,
281 1529 492 1588 καθάπερ
531 1530 732 1589 εἴπομεν,
774 1533 846 1576 καὶ
883 1530 967 1577 ὅσα
1012 1529 1037 1575 ό
1067 1528 1272 1587 βασιλεὺς
1304 1526 1414 1573 κατὰ
1449 1531 1539 1572 τῶν

0 1607 39 1642 20
52 1595 333 1659 Ἰσμαηλιτῶν
362 1598 637 1656 ἕτεχνάσατο.
690 1619 732 1644 οι
760 1602 809 1646 δὲ
841 1602 921 1659 τῆς
940 1599 1280 1644 Κωνσταντίνου
1312 1595 1540 1654 οικὴτορες

50 1668 131 1723 μία
162 1666 290 1727 φωνὴ
321 1670 394 1714 καὶ
421 1669 614 1724 χεῖλος(
605 1667 652 1714 ἐν
682 1666 910 1727 γεγονότες
940 1664 1234 1726 ἅνειφήμοιν,
1268 1664 1435 1723 ὕμνουν
1462 1662 1541 1707 τὸν

50 1732 366 1797 αὐτοκράτορα,
409 1738 614 1794 εξεθειαῖ·
612 1755 675 1791 ον,
720 1738 980 1795 ἐμακάριζον
1024 1739 1107 1795 τῆς
1145 1735 1415 1793 στρατηγίας,
1459 1735 1539 1778 οὐκ

52 1801 171 1861 εἶχον
201 1803 329 1860 ὁπως
354 1824 433 1866 την
464 1807 535 1851 ἐπ’
565 1803 685 1866 ann]
718 1804 875 1866 ἦὸονην
904 1809 1147 1860 κατασχεῖν.
1199 1800 1309 1848 αλλα
1343 1821 1422 1848 τον
1459 1802 1538 1859 μὲν

186 1964 218 1997 1.
243 1961 379 2009 ἐκεῖνο]
404 1966 507 1998 κεῖνο
532 1962 618 1998 add.
645 1974 693 1998 m.
713 1964 728 1996 1
752 1962 795 1998 F.

48 2111 205 2147 busdam
242 2111 445 2158 incomptis
480 2112 787 2158 simplicibusque
822 2110 964 2147 contuli
991 2113 1058 2145 aut
1082 2121 1104 2144 a
1129 2108 1278 2144 senibus
1302 2108 1438 2152 accepi,
1471 2109 1537 2162 qui

48 2163 159 2206 patre
181 2171 263 2195 meo
288 2163 472 2206 regnante
495 2161 705 2196 militm-ant
739 2164 942 2206 posteaque
967 2159 1015 2194 ob
1041 2157 1215 2193 adversus
1240 2167 1345 2191 casus
1366 2156 1535 2191 conversi

49 2221 69 2244 e
91 2207 224 2243 mundi
249 2209 411 2254 strepitu
436 2209 476 2244 in
501 2209 718 2244 monasterii
738 2209 902 2254 quietem
929 2219 968 2242 se
992 2208 1222 2251 receperant.
1274 2215 1359 2238 nam
1385 2204 1535 2250 scripta,

48 2268 143 2303 quae
167 2257 207 2292 in
224 2268 356 2292 manus
370 2268 471 2292 meas
486 2257 711 2300 inciderunt,
729 2257 895 2292 dictione
912 2259 1020 2290 erant
1036 2254 1161 2289 facilia
1175 2257 1215 2288 et
1232 2251 1425 2297 simplicia,
1442 2253 1535 2287 veri·

48 2305 138 2341 tatis
154 2304 333 2340 studiosa.
346 2306 450 2341 omni
466 2305 553 2341 fuco
566 2309 605 2342 et
617 2306 812 2340 rhetorum
826 2315 963 2360 pompa
977 2303 1105 2338 libera.
1135 2312 1229 2346 quae
1245 2311 1333 2335 vero
1349 2311 1371 2334 a
1382 2300 1535 2337 seniori-

46 2354 117 2388 bus
141 2352 399 2398 tradebantur,
425 2354 590 2389 eiusdem
616 2354 725 2400 plane
751 2353 898 2400 generis
924 2355 1042 2395 erant,
1078 2351 1153 2385 sive
1179 2348 1425 2384 elocutionem
1458 2349 1536 2387 sive

47 2402 271 2438 sententiam
303 2406 460 2448 spectas,
504 2406 617 2448 atque
642 2403 783 2447 scripta
813 2401 888 2444 illa,
923 2412 967 2435 ex
993 2400 1112 2444 iisque
1137 2397 1314 2432 historiae
1339 2397 1534 2431 veritatem

46 2450 128 2485 erui
152 2449 356 2496 diligenter
380 2462 600 2497 comparans
625 2456 664 2486 et
688 2450 881 2486 conferens
912 2459 1007 2503 quae
1038 2448 1118 2492 ipsa
1143 2457 1274 2481 noram
1297 2456 1382 2480 eum
1404 2456 1533 2480 eorum

46 2498 325 2534 narrationibus
349 2503 388 2534 et
413 2511 542 2535 eorum
558 2497 779 2534 memoriam
806 2509 890 2533 cum
918 2497 975 2539 iis,
999 2507 1093 2542 quae
1118 2496 1198 2539 ipsa
1221 2506 1243 2527 a
1258 2497 1365 2538 patre
1390 2504 1471 2528 meo
1492 2504 1535 2528 ac

46 2547 194 2593 patruis
217 2547 485 2593 avunculisque
510 2547 602 2583 meis
633 2559 741 2593 saepe
768 2546 1003 2582 audiveram:
1035 2555 1080 2578 ex
1112 2542 1247 2588 quibus
1281 2541 1454 2576 omnibus
1479 2546 1535 2576 to·

46 2599 128 2631 tum
153 2595 325 2630 veritatis
350 2607 486 2650 eorpus
510 2596 699 2632 contexui.
757 2595 821 2629 sed
854 2593 901 2628 ad
932 2592 1127 2638 Camytzae
1156 2590 1283 2636 fugam
1312 2600 1333 2624 e
1356 2589 1534 2624 barbaro·

46 2655 132 2678 rum
154 2643 328 2679 manibus
355 2644 506 2690 eiusque
531 2656 657 2680 coram
683 2643 828 2679 civibus
857 2641 1077 2676 relationem
1101 2638 1231 2674 redeat
1257 2637 1399 2681 oratio3
1424 2648 1534 2682 quem

46 2703 300 2747 quaecumque
360 2692 584 2728 accidissent
631 2702 800 2738 quaeque
853 2691 1060 2734 imperator
1114 2687 1290 2722 adversus
1330 2685 1534 2722 Ismaelitas

46 2732 184 2787 egisset
211 2752 380 2776 narrasse
404 2741 580 2776 diximus.
644 2739 812 2775 exultare
844 2737 891 2773 ad
925 2736 965 2772 id
1004 2748 1078 2771 uno
1117 2735 1242 2770 animo
1282 2745 1431 2780 unoque
1465 2745 1531 2768 ore

47 2788 467 2834 constantinopolitani.
503 2788 720 2834 praedicare
746 2788 971 2832 Augustum,
996 2785 1045 2819 ob
1074 2794 1255 2818 summam
1281 2781 1444 2817 bellandi
1469 2794 1528 2816 ar-

47 2842 124 2873 tem
146 2837 355 2883 miramque
379 2837 598 2873 felicitatem
625 2840 815 2881 tamquam
840 2834 950 2870 deum
975 2831 1155 2868 venerari.
1204 2831 1292 2866 hinc
1315 2831 1356 2866 in
1381 2841 1527 2866 omnem
