1794 3132
53 1032 138 1073 Pag.
148 1030 205 1065 37.
225 1031 253 1064 C

228 1715 256 1748 C

55 1830 140 1873 Pag.
150 1828 207 1864 38.
218 1829 254 1861 Α

262 209 345 254 440
787 218 964 253 OAROLI
992 216 1231 252 DUGANGII

261 339 378 380 terra
405 338 443 379 et
473 334 718 391 coqnatione
746 334 1127 390 Franciyenarum,
1158 333 1271 379 Duci
1299 334 1414 379 misit
1441 349 1611 391 royans,
1640 339 1687 384 ut
1718 352 1745 380 a

256 394 424 448 praeda
443 392 584 448 Requi
598 392 666 436 sui
697 395 736 435 et
765 393 999 436 vastatione
1025 397 1203 436 cessaret
1233 394 1448 445 exercitus,
1478 397 1524 437 ut
1543 394 1742 447 captivos,

262 464 367 505 quos
390 450 571 504 petebat,
608 450 700 493 sine
736 448 939 493 dilatione
973 449 1176 493 redderet.
1232 450 1325 493 Hoc
1356 451 1498 494 autem
1527 450 1617 493 loco
1647 451 1745 494 Pel-

263 507 424 552 de-Leu
452 507 676 563 legendum
719 507 960 557 censuerim,
999 519 1127 562 eoque
1166 507 1388 563 agnomine
1425 508 1626 552 donatum
1657 508 1746 551 Ra-

263 564 480 619 dulphum,
529 564 640 619 quod
686 575 836 618 sagum
868 563 1051 606 militare
1081 577 1127 607 ex
1171 564 1277 618 pelle
1317 565 1462 620 lupina
1511 565 1744 607 confectum

264 620 589 676 superindueret.
664 619 744 663 Sed
789 621 996 663 familiam
1041 634 1088 664 ex
1135 621 1200 664 his
1243 621 1433 677 vestigiis
1463 622 1532 666 vix
1575 623 1747 677 agnosci

264 690 382 733 posse
421 677 567 721 fateor.
639 677 866 732 Rogerium
907 678 1139 732 Dagoberti
1185 677 1320 721 filium
1364 679 1516 722 diserte
1561 678 1746 733 appellat

264 734 389 778 Anna
408 734 481 777 lib.
501 735 565 778 13.
586 747 682 790 pag.
699 734 816 778 400<
847 734 1020 790 Rogerii
1040 734 1316 778 Normannici
1345 735 1531 779 Proceris
1555 735 1748 778 meminit

265 790 515 835 Guilielmus
546 790 786 846 Apuliensis
815 791 886 835 lib.
907 793 946 834 2.
978 792 1051 846 qui
1082 805 1135 835 an
1167 791 1279 835 idem
1313 806 1407 836 cum
1438 792 1625 845 Annaeo,
1664 805 1746 836 non

264 848 366 892 satis
396 847 680 903 exploratum:

465 904 573 949 Sunt
601 904 778 960 Equites
806 905 977 960 aliquot,
1016 905 1242 949 Torstenus
1270 907 1426 950 dicitur
1455 920 1575 960 unus,

465 961 589 1004 Alter
615 962 804 1017 Arenqa,
834 962 1057 1017 valensque
1086 964 1143 1006 ad
1171 963 1280 1007 bella
1310 963 1516 1019 Royerus.

399 1013 470 1060 Αἱ
498 1017 577 1072 μὲν
608 1015 688 1074 γὰρ
719 1016 837 1077 νῆες]
878 1018 982 1062 Cum
1010 1020 1143 1063 multo
1173 1021 1369 1074 pauciore
1399 1021 1569 1064 navium
1599 1021 1639 1063 et
1668 1021 1749 1063 mi-

263 1076 389 1119 litum
421 1088 592 1118 numero
622 1076 666 1118 in
697 1075 913 1131 Illyricum
944 1076 1157 1120 traiecisse
1187 1077 1415 1120 Robertum
1445 1078 1590 1121 scribit
1609 1078 1747 1121 Mala-

264 1133 390 1185 terra,
423 1132 495 1187 qui
525 1132 825 1187 expeditionem
853 1133 979 1176 istam
1008 1133 1134 1176 refert
1162 1134 1235 1177 lib.
1257 1135 1295 1178 3.
1329 1147 1418 1189 cap.
1440 1134 1507 1177 24.
1529 1134 1596 1177 25.
1619 1135 1659 1177 et
1681 1136 1747 1177 26.

266 1202 397 1244 neque
425 1188 533 1232 enim
561 1189 652 1243 plus
675 1203 801 1244 quam
823 1190 1059 1244 quindecim
1091 1203 1229 1242 naves,
1264 1191 1338 1234 aut
1361 1192 1549 1235 armatae
1569 1191 1748 1234 militiae

265 1246 358 1300 plus
391 1258 515 1301 quam
544 1246 659 1289 mille
678 1246 886 1289 trecentos
916 1247 1070 1291 milites
1091 1247 1285 1291 habuisse
1304 1248 1533 1292 Robertum
1553 1249 1746 1292 testatur.

266 1302 518 1346 Malaterrae
545 1303 748 1346 censentit
778 1302 891 1347 Guil.
924 1303 1049 1358 Apul.
1081 1305 1153 1348 lib.
1174 1304 1214 1348 4.

919 1360 1040 1414 Quod
1070 1362 1378 1416 coeperat-ipse
1406 1362 1547 1406 subire

467 1415 728 1460 Acceleraoit
755 1417 846 1470 iter,
880 1418 1014 1461 decies
1043 1422 1081 1461 et
1110 1420 1290 1473 quinque
1317 1419 1523 1463 Isiburnis

466 1472 609 1518 Adria
638 1473 837 1526 sulcatur,
874 1474 1059 1530 Coryphi
1085 1476 1225 1518 tremit
1253 1475 1416 1530 Insula,
1447 1476 1557 1520 tanti

423 1574 428 1580 ,
466 1530 687 1585 Principis
715 1544 882 1575 accessu
911 1531 1035 1575 electo
1061 1532 1193 1576 milite
1212 1532 1326 1586 fulti.

268 1588 349 1630 Leo
381 1587 470 1630 Ost.
500 1587 573 1631 lib.
596 1589 634 1631 3.
666 1600 756 1643 cap.
777 1588 846 1631 48.
886 1589 1136 1643 quindecim,
1179 1588 1400 1633 Ordericus
1441 1590 1514 1633 lib.
1535 1591 1572 1633 7.
1607 1590 1746 1634 decem

269 1644 404 1687 millia
431 1645 714 1699 pugnatorum
745 1645 927 1689 Roberto
959 1645 1197 1701 adsignant.

407 1696 496 1751 Τὰς
527 1697 817 1759 Νικοπόλεις]
848 1702 1076 1757 Nicopolis,
1107 1702 1223 1757 Epiri
1249 1703 1348 1746 urbs
1379 1702 1431 1746 ad
1462 1704 1615 1746 ostium
1646 1704 1751 1747 Am—

267 1757 399 1801 bracii
429 1757 557 1801 sinus.
617 1758 724 1802 Vide
755 1758 973 1802 Constant.
1002 1759 1076 1802 lib.
1094 1760 1132 1802 2.
1162 1759 1212 1802 de
1242 1760 1386 1802 Them.
1417 1772 1505 1815 cap.
1521 1761 1565 1803 8.

402 1812 623 1872 Κορυφιό]
658 1814 858 1871 Corypho,
889 1816 990 1859 urbs
1021 1815 1224 1871 Corcyrae
1252 1816 1420 1860 Insulae
1453 1818 1750 1867 munitissima,

267 1871 329 1914 ita
358 1872 601 1927 nuncupata
633 1872 745 1926 quod
776 1872 819 1914 in
840 1872 1028 1938 ‘excelsae
1055 1873 1170 1928 rupis
1208 1873 1435 1938 cacumine·
1463 1875 1651 1918 extructa
1682 1874 1749 1927 sit,

267 1929 743 2028 ἓῃῑὲἲᾶΜὲῗΞξῗὲῖἓἮὲ.
771 1928 865 2029 '³332
894 1930 1068 2029 iata?
1110 1930 1751 2041 usgtgssssnztffiss'ssfffi

267 2041 1106 2152 ῗέέιῗέὴΙῗῖἐὲἷὲἃῗέὢῶὲἓὲἕέἓέἓ
1137 2043 1753 2156 antudinam&

470 2131 479 2151 2
1742 2135 1751 2153 5

268 2167 360 2197 cum
389 2158 476 2198 tota
504 2155 655 2199 Insula
684 2169 786 2199 suae
813 2157 1030 2211 mancipat
1058 2157 1261 2200 servituti.
1320 2157 1493 2200 Roberti
1524 2157 1751 2214 Corcyren-

268 2212 685 2310 semrgxppditionem
712 2213 776 2256 his
806 2213 943 2256 verbis
975 2214 1240 2269 prosequitur
1269 2212 1519 2257 Guilielmus
1548 2214 1753 2270 Apulien-

268 2279 323 2310 31s
369 2280 383 2309 1
415 2302 424 2310 .
475 2302 485 2311 .

403 2324 509 2368 Duo:
537 2326 722 2369 transire
746 2326 887 2370 volens
917 2341 1046 2381 mare,
1068 2328 1285 2382 praecipit
1313 2340 1436 2371 arma
1462 2329 1629 2380 parari,

405 2381 700 2438 Militibusque
726 2384 817 2427 suis
845 2398 888 2427 se
909 2384 1226 2438 praestolentur
1254 2384 1478 2439 Hydrunti

404 2438 603 2493 Imperat,
635 2441 780 2494 aptari
807 2454 936 2484 naves
963 2441 1082 2497 facit,
1110 2441 1199 2495 ipse
1228 2440 1410 2493 Salerni,

411 2493 603 2550 Undique
634 2497 746 2540 dona
763 2501 913 2551 petens
943 2501 981 2541 et
1012 2497 1314 2552 supplementa,
1345 2501 1549 2552 moratur,

404 2551 501 2595 Huc
527 2552 629 2596 illuc
658 2554 796 2608 apices
824 2568 910 2597 non
940 2568 1108 2598 cessans
1135 2555 1297 2598 mittere
1322 2568 1459 2598 secum

404 2607 597 2652 Navibus
626 2612 804 2653 armatis
827 2610 941 2664 fidas
968 2615 1106 2655 monet
1137 2612 1200 2655 ire
1229 2610 1423 2655 cohortes.

405 2664 630 2709 Insolitum
659 2667 802 2710 multis
830 2668 911 2711 iter
937 2668 1048 2711 illud
1074 2671 1112 2711 et
1142 2682 1239 2712 acre
1267 2668 1443 2723 videtur,

406 2720 639 2776 Praecipue
668 2724 816 2778 quibus
837 2738 1000 2780 uxores,
1029 2728 1067 2768 et
1088 2725 1279 2780 piynora
1309 2738 1412 2768 cara

406 2776 462 2820 In
491 2779 679 2822 domibus
700 2780 897 2833 fuerant:
928 2795 1015 2825 non
1044 2795 1231 2825 exercere
1260 2780 1453 2824 volebant

406 2832 614 2879 Militiam
646 2836 791 2880 talem:
819 2838 893 2881 sed
922 2838 1047 2882 verba
1075 2838 1286 2883 minantia
1313 2837 1483 2881 blandis
