1794 3132
551 205 606 239 m
632 203 920 241 Ammaia
949 207 1112 242 NOTAE
1479 199 1564 244 443

88 319 217 376 Regis
247 318 373 372 filius,
403 319 454 363 ut
478 319 605 364 autor
632 321 696 365 est
723 320 937 376 Scylitzes,
966 338 1052 377 seu,
1080 325 1129 369 ut
1153 324 1340 381 Scriptor
1354 325 1566 370 Historiae

88 378 353 422 Dalmaticae
398 377 658 433 Anonymu8‚
701 379 918 424 Michaelis
964 395 1011 425 ex
1055 383 1244 427 Priaslao
1288 383 1375 426 filio
1427 396 1563 437 nepos,

86 434 369 490 Scriptoribns
397 435 552 478 nostris
580 436 718 487 notus,
752 436 854 480 dum
883 439 1117 482 Boemundi
1148 439 1399 483 Antiocheni
1441 439 1563 482 Prin-

87 492 191 547 cipis
236 490 644 546 Constantinopolim
692 493 746 536 ad
794 493 1082 547 Gotofredum,
1124 497 1388 551 caeterosque
1425 509 1566 539 sacrae

87 549 266 592 militiae
296 548 433 592 Duces
462 560 550 591 sese
579 549 829 593 conferentis
873 564 945 606 per
986 566 1164 608 regnum
1195 553 1311 595 illius
1340 552 1566 596 transitum

87 605 430 649 commemorant.
502 605 610 649 Vide
652 606 951 662 Raymundum
992 609 1043 652 de
1077 609 1223 661 Agiles
1265 622 1361 664 pag.
1388 610 1481 652 139.
1525 610 1566 651 et

88 661 332 707 Ordericum
347 661 479 704 Vital.
498 661 572 705 lib.
593 664 632 706 9.
663 676 760 718 pag.
777 664 872 707 724.
918 666 1082 709 Habuit
1108 666 1295 709 Bodinus
1314 678 1361 708 ex
1376 666 1564 720 Iacynta,

87 719 246 775 Argyri
258 718 425 762 Nobilis
442 718 640 762 Barensis
659 719 761 770 filia,
780 733 919 774 uxore,
951 722 1060 765 filios
1080 724 1284 777 quatuor;
1305 721 1564 773 Michaelem,

87 776 161 876 geni
188 774 430 888 ngliidzeztlrli
425 787 551 876 1110ιέιέ
571 776 777 876 llrffiilihaele
796 777 1244 879 Angggdeegrgium,
1259 778 1565 878 ssml'gfizzuff’

131 846 160 875 11
669 846 797 877 mam.
1015 849 1036 879 e
1096 849 1234 879 ervlae
1299 848 1322 877 e
1397 848 1445 878 us
1520 848 1566 877 u—

86 889 201 933 ribus
225 887 392 944 agimus
418 888 464 931 in
491 889 635 932 nostro
663 902 784 944 opere
813 890 865 934 de
893 892 1085 935 Familiis
1116 892 1275 936 Orient.
1322 848 1366 890 gl
1475 848 1502 889 p

221 939 452 998 Ἕξάρχους
479 945 573 988 τῶν
602 945 869 1005 Λαλματῶν]
911 949 1076 992 Habuit
1104 949 1187 992 ista
1216 947 1463 1002 tempestate
1490 949 1613 989 va·A

86 1003 171 1046 rios
200 1001 451 1046 Monarchas
481 1002 712 1054 Dalmatia,
742 1003 862 1048 binos
895 1006 1140 1060 praesertim
1168 1005 1301 1060 Regio
1336 1003 1463 1046 titulo
1490 1003 1565 1046 do-

87 1060 222 1103 natos.
282 1058 372 1102 Alii
402 1059 514 1102 enim
543 1059 714 1103 Serviae
759 1061 1025 1116 imperabant
1052 1061 1268 1117 Reyesque
1302 1073 1389 1104 sese
1418 1060 1566 1102 inscri-

84 1116 240 1159 bebant
253 1114 435 1168 Samiae,
464 1115 671 1167 Diocliae,
707 1117 948 1165 Trffiuniae.
980 1118 1235 1169 Dalmatiae,
1266 1121 1390 1171 atque
1419 1116 1568 1160 Ochlu-

85 1173 207 1224 miae,
251 1172 301 1215 ut
346 1185 395 1215 ex
437 1173 672 1216 Innocentii
702 1174 782 1217 III.
813 1175 899 1218 ΡΡ.
930 1175 1062 1230 Epist.
1090 1177 1133 1219 et
1175 1174 1345 1219 aliunde
1389 1173 1564 1216 constat.

87 1229 175 1272 Alii
202 1241 300 1272 vero
330 1227 527 1273 Oroatiae
553 1229 879 1286 Dalmatiaeque
906 1232 1045 1287 Reyes
1072 1232 1330 1276 dicebantur.
1371 1230 1565 1272 Priorum

86 1286 221 1342 Regia
250 1285 334 1328 fuit
361 1285 540 1338 Dioclia,
581 1287 858 1342 posteriorum
903 1288 1070 1332 Salona.
1144 1289 1282 1332 Priori
1326 1285 1567 1330 Dalmatiae

84 1342 320 1397 imperabat
347 1342 487 1386 Alexii
512 1356 614 1386 aevo
645 1343 852 1388 Bodinus:
890 1345 1108 1400 posteriori
1139 1344 1378 1389 Demetrius
1415 1355 1567 1396 cogno-

84 1399 226 1442 mento
255 1398 471 1451 Suinimir,
518 1399 651 1456 Regio
695 1401 824 1444 titulo
871 1402 1051 1446 donatus
1079 1416 1104 1446 a
1134 1401 1336 1458 Gregorio
1356 1400 1452 1442 VII.
1480 1398 1565 1441 ΡΡ.

85 1456 167 1498 Α11.
200 1455 296 1499 Chr.
325 1466 531 1500 MLXXVI.
571 1458 621 1500 ut
656 1469 704 1500 ex
734 1457 908 1513 Gregor.
946 1459 1126 1512 Regesto
1165 1459 1321 1502 discere
1350 1457 1412 1500 est
1440 1455 1513 1498 lib.
1531 1455 1567 1498 7.

86 1512 219 1567 Epist.
238 1512 280 1555 4.
307 1512 420 1567 apud
448 1525 573 1567 quem
601 1526 675 1568 pro
705 1513 922 1568 Suinmur,
942 1515 1144 1559 Zuilimir
1161 1514 1383 1571 legendum
1407 1524 1565 1563 moneo,

85 1582 133 1612 ex
163 1568 416 1621 Thwroczi0‚
447 1569 655 1622 Bonfinio,
700 1572 743 1614 et
770 1572 867 1615 aliis
908 1572 953 1615 in
996 1572 1173 1615 istorum
1217 1571 1374 1627 pariter
1405 1569 1566 1624 Regum

86 1626 191 1670 serie
219 1625 504 1681 genealogica,
534 1627 578 1670 in
609 1640 656 1671 eo
686 1628 798 1683 quod
831 1641 924 1672 mox
956 1629 1127 1672 laudavi
1159 1641 1291 1684 opere.

312 1763 378 1806 [N
411 1763 633 1808 LIBRUM
671 1765 729 1808 Π.
794 1764 1104 1809 ALEXIADIS
1140 1763 1345 1808 NOTAE.

213 1853 289 1908 Ἔξ
315 1853 413 1897 οἵου
442 1852 612 1913 γένους]
659 1856 711 1899 V.
741 1857 1002 1912 Bryennium
1043 1856 1088 1899 in
1131 1854 1315 1899 Praefat.
1354 1855 1407 1898 N.
1438 1855 1478 1896 9.
1522 1854 1565 1897 et
1576 1857 1777 1900 Pag.43.A

89 1911 280 1955 nostrum
309 1911 497 1956 Stemma
530 1911 840 1956 Comnenicum.

218 1969 368 2011 Δοῦκα
394 1965 422 2027 ἠ
448 1962 702 2027 Ἀντιόχου]
749 1970 1033 2022 Antiochiam,
1063 1969 1319 2024 Coelesyriae
1353 1968 1605 2021 Metropo-B

84 2025 174 2075 lim,
204 2038 231 2068 a
259 2024 440 2069 Chosroe
463 2026 688 2070 Persarum
718 2027 834 2082 Rege
866 2027 981 2082 prius
1009 2026 1234 2076 vastatam,
1265 2037 1358 2067 mox
1385 2037 1410 2067 a
1440 2024 1567 2067 Sara-

85 2081 197 2124 cenis
224 2081 422 2125 Heraclio
450 2082 684 2138 imperante
701 2084 996 2138 expugnatam,
1027 2081 1251 2137 Nicephori
1277 2081 1441 2123 Phocae
1469 2093 1567 2123 aus-

83 2137 216 2192 piciis,
254 2138 436 2182 Michael
478 2139 636 2182 Burzae
674 2152 842 2183 rursum
870 2139 1072 2182 Romanis
1103 2138 1295 2189 asseruit,
1331 2137 1567 2191 mansitqw

85 2194 162 2238 illa
187 2194 233 2237 in
260 2207 405 2238 eorum
432 2195 591 2239 ditione
620 2209 646 2239 a
676 2196 906 2239 Praefectis
935 2196 1102 2238 Ducum
1130 2194 1257 2237 titulo
1287 2193 1566 2237 cohonestatis

47 2270 51 2272 *
84 2250 383 2295 administrata
417 2265 547 2307 nsque
587 2252 641 2296 ad
680 2253 915 2296 Turcorum
956 2251 1241 2304 irruptionem.
1315 2250 1448 2292 Duces
1476 2249 1567 2292 An-

84 2308 299 2351 tiochenos
318 2309 533 2352 recensent
551 2309 784 2364 complures
801 2309 1031 2363 Scriptores
1046 2307 1295 2363 Byzantini:
1316 2319 1365 2349 ac
1385 2305 1566 2360 primum

114 2364 255 2408 uidem
283 2364 539 2409 Michaelem
564 2365 753 2409 Burzem
783 2365 1050 2419 Magistrum,
1089 2363 1238 2418 prioris
1275 2363 1380 2406 forte
1418 2361 1565 2413 filium,

84 2378 349 2465 {Jamiamam
382 2422 424 2465 et
452 2422 739 2476 Nicephorum
773 2421 964 2466 Uranum
1000 2420 1230 2475 imperante
1262 2418 1421 2462 Basilio
1457 2418 1561 2461 Por-

83 2477 382 2533 phyrogenito:
411 2478 667 2522 Michaelem
690 2478 948 2533 Spondylem
978 2477 1224 2527 eunuchum,
1252 2475 1328 2518 sub
1359 2474 1564 2517 Constan-

83 2534 174 2577 tino
205 2535 356 2578 Basilii
386 2534 540 2578 fratre:
586 2535 909 2579 Cmastantinum
941 2533 1230 2581 Carentenum,
1266 2532 1344 2574 sub
1372 2531 1563 2574 Romano

84 2589 267 2647 Argyre,
297 2591 416 2634 cuius
450 2604 634 2635 sororem
673 2592 717 2634 in
757 2603 923 2634 uxorem
963 2589 1158 2632 duxerat:
1197 2587 1264 2631 cui
1304 2586 1561 2651 Spondylus,

83 2660 180 2690 mox
203 2647 378 2692 Meetas
406 2663 433 2692 a
461 2648 662 2703 Mysthea
691 2659 941 2690 successores
978 2645 1082 2688 dati.
1139 2645 1228 2687 Hos
1264 2656 1453 2698 excepere
1483 2643 1563 2686 Νι-

85 2707 197 2747 eetas
235 2704 278 2747 et
310 2703 623 2755 Constantinus,
669 2703 886 2747 Michaelis
930 2700 1214 2756 Paphlagonis
1265 2700 1428 2751 fratres,
1472 2700 1561 2754 ipso

5 2779 9 2782 ⁴
83 2760 338 2815 imperante:
370 2761 519 2805 deinde
537 2761 704 2805 Seterus
724 2759 997 2804 Constantino
1017 2758 1199 2800 Monom.
1219 2755 1561 2806 Maurocatalon,

0 2804 2 2815 ²
86 2817 130 2860 et
158 2817 348 2863 Michaez
380 2817 552 2864 Uram
580 2817 798 2874 Magister,
829 2814 1033 2859 Michaele
1069 2813 1329 2867 Stratiotico,
1366 2813 1408 2856 et
1439 2810 1560 2856 cata-
