1806 3132
289 210 374 253 686
806 219 985 255 CAROLI
1012 220 1251 255 DUCANGII

288 334 364 378 illo
393 334 502 378 iusto
527 349 653 391 yreye
677 335 788 378 nulli
819 335 1039 379 secundus.
1096 335 1166 379 Sic
1202 335 1309 392 Regi
1339 336 1549 381 Recaredo
1587 338 1632 381 in
1663 338 1772 383 Con-

289 391 386 434 cilio
417 391 619 435 Toletano
651 392 932 435 acclamatum
960 392 1159 447 legimus:
1203 392 1303 447 Ipse
1334 398 1544 437 mereatur
1568 397 1772 440 veraciter

287 447 580 502 Apostolicum
607 463 768 501 nomen,
800 450 872 503 qui
901 448 1192 502 Apostolicum
1220 449 1408 503 implevit
1437 451 1634 504 officium.
1692 454 1773 496 Pe-

287 505 378 547 trus
409 505 615 548 Blesensis
653 505 784 560 Epist.
804 507 872 548 46.
910 505 959 548 de
990 505 1031 548 S.
1064 506 1224 549 Thoma
1255 507 1513 562 Archiepisc.
1548 508 1772 553 Cantuari-

288 562 395 604 ensi:
424 561 526 604 Non
555 562 699 605 laboro
727 562 970 617 Martyrem
997 562 1200 616 Apostolo
1231 576 1488 617 comparare,
1531 579 1624 609 cum
1655 566 1773 620 Apo-

228 647 229 650 =
286 618 418 661 stolus
454 619 511 661 sit
553 620 691 662 maior
734 619 944 674 Martyre.
1006 619 1091 662 Sed
1131 619 1363 674 yloriosum
1406 625 1467 664 est
1509 635 1587 665 nos
1619 622 1770 666 habere

285 675 539 730 Martyrem,
570 676 642 730 qui
660 675 857 730 Apostoli
875 689 1026 718 nomen
1044 675 1204 729 habeat,
1225 680 1264 719 et
1281 676 1533 731 Apostolum
1551 679 1771 723 miraculis

287 735 361 775 aut
388 733 585 785 imitetur,
620 737 693 775 aut
721 733 873 775 vincat.
933 733 1048 775 Licet
1077 745 1174 776 vero
1212 734 1265 776 ab
1296 734 1482 778 Ecclesia
1513 734 1770 780 Graecanica

285 789 443 832 relatus
487 789 543 831 sit
572 790 617 831 in
645 789 849 832 Divorum
881 802 1101 832 numerum
1131 788 1444 844 Constantinus,
1475 792 1517 834 et
1545 806 1570 835 a
1602 792 1772 836 Graecis

285 846 402 889 velut
430 839 741 896 Ἰσαπόστολος
772 845 947 901 colatur,
987 858 1102 888 secus
1145 847 1289 890 tamen
1322 847 1367 889 in
1398 847 1584 892 Ecclesia
1614 850 1768 893 Latina

285 903 543 946 observatur.
602 902 880 958 Berengosius
910 902 1054 945 Abbas
1090 902 1163 946 lib.
1189 904 1228 946 3.
1262 903 1312 946 (16
1343 904 1506 947 Invent.
1547 906 1588 949 et
1626 906 1768 950 Laude

285 958 464 1002 Sanctae
495 958 637 1002 Crucis
668 972 756 1014 cap.
781 960 819 1001 2.
850 959 923 1002 ubi
963 959 1013 1002 de
1048 960 1097 1002 Β.
1129 960 1309 1009 Helena:
1361 959 1481 1004 Unde
1510 976 1603 1005 cum
1633 964 1769 1007 virtus

282 1016 523 1059 sanctitatis
561 1016 650 1059 eius
679 1017 735 1059 sit
775 1019 907 1068 tanta,
952 1019 998 1058 ut
1040 1017 1187 1059 merito
1225 1018 1336 1060 inter
1375 1017 1482 1061 alios
1510 1018 1690 1063 Sanctos
1734 1024 1772 1063 et

283 1072 379 1126 ipsa
409 1076 650 1116 numeretur
674 1071 843 1124 Sancta,
875 1073 1031 1116 mirum
1060 1086 1145 1116 non
1175 1077 1246 1129 est,
1271 1074 1382 1128 quod
1404 1075 1513 1118 sicut
1536 1075 1770 1133 Gataloyus

283 1128 535 1173 Sanctorum
563 1129 666 1172 solet
691 1130 842 1184 ubique
871 1130 1028 1182 testari,
1055 1129 1266 1183 festivitas
1295 1132 1383 1174 eius
1413 1146 1439 1174 a
1468 1132 1588 1177 nobis
1617 1148 1768 1177 annua

283 1199 444 1241 semper
475 1186 592 1229 debet
618 1186 871 1230 revolutione
899 1186 1113 1229 celebrari.
1173 1185 1258 1230 Sed
1301 1189 1499 1243 quoniam
1539 1189 1588 1232 in
1626 1191 1769 1234 eodem

242 1281 245 1283 .
287 1241 489 1299 Cataloyo
516 1243 598 1296 filii
628 1244 716 1287 eius
743 1242 865 1286 nulla
893 1247 953 1286 est
982 1244 1145 1296 mentio,
1177 1244 1252 1287 sed
1269 1245 1407 1300 maqis
1423 1248 1625 1291 memoria
1651 1247 1770 1291 illius

284 1300 476 1343 omnibus
500 1300 638 1343 modis
664 1300 774 1343 inibi
801 1300 1014 1343 obteratur
1052 1300 1239 1344 silentio.-
1283 1302 1376 1344 ideo
1418 1305 1466 1345 ut
1502 1304 1550 1345 in
1592 1305 1764 1359 reyione

282 1357 482 1410 vivorum,
514 1360 553 1400 et
583 1357 674 1410 ipse
696 1356 950 1410 complaceat
977 1356 1081 1410 Deo,
1115 1371 1277 1401 necesse
1308 1362 1367 1401 est
1384 1362 1432 1401 ut
1458 1361 1594 1403 oratio
1614 1362 1694 1415 fiat
1714 1361 1766 1404 ab

283 1411 478 1457 Ecclesia
508 1414 565 1457 ad
594 1413 733 1457 Deum
757 1427 837 1467 pro
867 1427 925 1457 eo.
986 1413 1090 1457 Cum
1130 1415 1241 1457 enim
1265 1417 1510 1469 praesentis
1549 1417 1766 1462 Ecclesiae

284 1470 496 1514 domicilio
522 1471 698 1524 festivae
732 1470 998 1514 solennitatis
1015 1471 1198 1525 officium
1223 1473 1353 1515 matri
1376 1474 1523 1526 potius
1550 1474 1760 1528 debeatur,

283 1541 410 1582 quam
447 1527 561 1582 filio:
606 1528 698 1571 ideo
741 1529 789 1570 in
817 1526 1011 1583 Ayendis
1053 1532 1314 1572 mortuorum
1349 1530 1658 1583 providendum
1704 1535 1764 1575 est

283 1585 454 1638 cunctis,
486 1588 533 1627 ut
559 1585 802 1628 memoriam
824 1584 909 1638 lilii
936 1584 1134 1629 studeant
1161 1584 1312 1628 habere
1342 1600 1436 1629 cum
1466 1588 1686 1642 defunctis.

243 1662 270 1698 O
416 1647 712 1710 Εὖστράτιος]
742 1653 804 1696 De
833 1666 914 1708 quo
953 1654 994 1696 et
1038 1653 1124 1696 eius
1158 1653 1334 1709 Scriptis
1369 1656 1646 1702 consulendus
1677 1670 1765 1700 om-

282 1710 382 1753 nino
411 1710 493 1754 Leo
517 1710 704 1753 Allatius
732 1710 804 1753 lib.
827 1711 865 1753 2.
910 1709 960 1753 de
989 1710 1101 1753 Eccl.
1137 1710 1276 1754 Occid.
1308 1712 1349 1754 et
1380 1712 1449 1756 Or.
1478 1714 1630 1768 perpet.
1664 1726 1762 1757 con-

282 1780 388 1811 sens.
420 1780 509 1822 cap.
526 1768 590 1810 10.
622 1767 675 1810 N.
699 1768 763 1810 ll.

55 1845 282 1893 Pag.454.c·
415 1830 623 1893 Βιόύνην]
655 1835 845 1891 Bidynae
879 1836 1037 1879 mentio
1068 1837 1132 1880 est
1163 1837 1274 1892 apud
1303 1837 1509 1881 Zonaram
1539 1839 1580 1882 et
1610 1838 1766 1895 86511115-

281 1905 370 1936 zem
398 1892 444 1935 in
474 1892 788 1948 B‘ulgaroctono
819 1892 861 1936 et
891 1893 1078 1937 Suidam.

50 1970 269 2018 Pag.455.c
414 1956 723 2015 Περιόρόμους
752 1956 911 2017 στοάς]
959 1962 1152 2005 Porticus
1190 1962 1407 2006 Palatium
1446 1963 1688 2016 ambientes,
1720 1963 1764 2006 in

281 2017 431 2072 quibus
461 2018 722 2074 excubabant
752 2018 1017 2061 Praetoriani
1046 2019 1215 2072 milites,
1246 2019 1300 2062 ad
1329 2019 1487 2075 Regiae
1507 2021 1548 2062 et
1577 2020 1763 2075 Impera-

279 2075 384 2117 toris
411 2074 541 2129 ipsius
559 2074 793 2117 custodiam
814 2074 975 2128 delecti,
1005 2088 1108 2130 quas
1136 2076 1318 2131 eleganti
1349 2076 1532 2119 carmine
1549 2076 1767 2131 descripsit

283 2129 484 2185 Corippus
522 2131 592 2174 lib.
616 2132 656 2174 3.
692 2131 743 2174 de
772 2131 984 2174 Laudibus
1012 2132 1178 2174 Iustini.
1246 2133 1336 2175 Has
1368 2133 1477 2175 inter
1508 2133 1627 2175 erant
1662 2133 1766 2176 Por-

280 2186 390 2230 ticus
418 2187 741 2240 scholariorum,
773 2200 950 2242 quarum
974 2189 1166 2231 meminit
1181 2187 1413 2232 Chronicon
1434 2188 1763 2232 Alexandrinum

280 2243 332 2285 A.
361 2244 511 2287 lustin.
557 2257 596 2288 v.
626 2244 838 2288 Excubita
879 2245 923 2287 in
952 2245 1195 2288 universum
1227 2245 1364 2288 dictae
1393 2258 1535 2288 omnes
1564 2245 1761 2298 Zonarae,

281 2299 488 2355 Scylitzae
529 2301 571 2343 et
601 2300 759 2344 Codino
800 2301 845 2343 in
892 2300 1008 2356 Orig.
1062 2300 1144 2344 GP.
1184 2301 1476 2355 Excubitoria‚
1523 2301 1678 2346 Autori
1716 2302 1767 2344 de

280 2356 415 2399 Exilio
446 2356 487 2400 S.
520 2357 696 2400 Martini
725 2358 810 2401 PP.
841 2357 947 2401 Vide
978 2371 1074 2413 pag.
1095 2358 1192 2401 494.

45 2433 265 2481 Pag.457.B
413 2418 737 2482 Ἐλεφαντίνην]
773 2425 957 2469 Carceris
974 2426 1162 2469 Palatini
1192 2439 1342 2470 nomen
1363 2426 1570 2482 Scylitzae
1598 2426 1643 2468 in
1673 2426 1766 2468 Mo-

281 2482 483 2524 nomacho
513 2483 684 2525 notum:
721 2478 798 2524 τὸν
840 2480 919 2537 μὲν
950 2481 1141 2539 Κεγένην
1176 2474 1268 2539 dyst
1298 2479 1413 2538 πρὸς
1446 2479 1502 2526 τοὶ
1532 2481 1758 2533 Βασίλεια,

279 2535 353 2579 καὶ
382 2535 427 2579 ὲν
459 2534 744 2608 προσχῆματι
771 2534 886 2592 τάχα
910 2538 1154 2594 θεραπείας
1178 2539 1251 2582 καὶ
1268 2537 1460 2594 ἰατρείας
1489 2538 1534 2582 ἐν
1562 2544 1614 2598 τῇ
1643 2534 1763 2581 Ἐλε-

280 2592 463 2651 φαντίνῃ
493 2598 788 2651 καθειργνυσι.
845 2596 899 2638 Ε13
930 2595 1133 2639 Cinnamo
1165 2597 1236 2640 lib.
1256 2598 1296 2639 6.
1329 2597 1382 2639 N.
1405 2597 1470 2639 14.
1503 2593 1578 2647 Εἰς
1608 2592 1686 2654 τὴν
1715 2593 1761 2638 ἐν

280 2650 491 2707 ΙΙαλατίῳ
522 2667 570 2694 τε
601 2648 799 2709 φρουρὰν
833 2646 1001 2705 ἀχθεὶς,
1046 2646 1098 2709 ἣν
1122 2647 1423 2711 Ἐλεφαντίνην
1459 2650 1571 2704 ἔθος
1610 2652 1757 2694 καλεῖν

281 2705 411 2750 ἐστιν.
468 2709 574 2751 Vide
597 2710 697 2752 Not.
727 2709 781 2752 ad
811 2722 908 2764 pag.
928 2709 1025 2751 494.
