1780 3138
535 242 802 277 ALEXIADIS
830 243 926 277 LIB.
953 243 1020 276 XI.
1052 238 1089 277 7.
1467 235 1545 277 107

50 361 130 402 τοῦ
161 355 323 403 στόλου
363 355 513 403 πάντα
541 356 595 401 τὰ
632 357 895 403 συνοίσοντα
933 358 1100 412 ταχέως
1139 358 1438 419 ἐξαποστέλλῃ
1476 361 1548 404 καὶ

50 425 155 481 τοὺς
195 425 247 472 τό
280 430 487 472 τοιοῦτον
531 427 761 482 πολίχνιον
805 424 1183 487 οἶκοδομήσοντας
1229 428 1300 487 ἐφ’
1346 424 1397 472 ὃν
1435 426 1488 472 ἂν
1523 428 1547 473 ό

49 492 287 555 Ἰσαγγέλης
315 494 571 552 ὑποδείξειε
600 493 758 540 τόπον.
809 495 956 553 γέγονε
985 501 1123 540 τοῦτο
1150 499 1214 555 τῷ
1240 497 1364 550 τέως.
1421 499 1494 542 καὶ
1524 496 1548 541 ό

50 565 132 622 μὲν
159 559 398 623 Ἰσαγγέλης
437 562 614 620 ἔξωθεν
642 570 725 624 τῆς
760 561 1024 620 Τριπόλεως
1052 564 1550 622 στρατοπεδευσάμενος

14 631 196 678 ὃπάντα
225 631 373 678 κάλων
400 636 535 678 κινῶν
564 634 671 690 περὶ
709 633 787 692 τὴν
816 631 977 692 ταύτης
1016 631 1179 679 ἅλωσιν
1216 629 1296 678 οὒκ
1338 635 1547 682 ἐνεδίδου.

51 700 76 746 ό
107 703 157 747 δέ
202 719 249 760 γε
287 705 566 759 Βαὶμοῢντος
608 701 688 762 τὴν
729 705 810 747 τοῦ
847 700 1154 762 Τζιντζιλούκη
1199 702 1440 748 εἰσέλευσιν
1486 704 1592 758 εἷςΒ

50 772 325 816 Λαοδίκειαν
364 771 642 830 μεμαθηκώς
683 769 767 830 τήν
813 770 995 828 ἔχθραν,
1043 768 1096 830 ἣν
1141 770 1279 817 πάλαι
1318 771 1428 817 κατὰ
1469 777 1549 818 τοῦ

49 837 380 898 αὐτοκράτορος
423 839 721 899 ἑγκυμονήσας
765 836 893 896 εἶχεν,
942 839 1006 894 εἷς
1050 837 1302 899 τούμφανὲς
1333 841 1551 900 ἐξαγαγών

49 907 162 966 μετὰ
186 906 418 966 δυνάμεως
447 905 717 992 ἀποχρώσης
747 907 826 953 τόν
857 905 1046 966 ἀνεψιὸν
1075 906 1211 955 αὐτοῦ
1241 912 1406 969 Ταγγρὲ
1436 910 1549 957 κατὰ

0 985 126 1039 Ιοτῆς
166 977 440 1031 Λαοδικείας
476 977 698 1034 ἐκπέμπει
736 975 898 1036 ταύτην
945 976 1316 1038 πολιορκήσοντα.
1383 983 1462 1039 τῆς
1502 981 1550 1025 δὲ

50 1046 157 1126 περὶ
184 1042 351 1091 τούτου
383 1044 537 1105 φήμης
565 1046 693 1103 μέχρι
723 1046 795 1090 καὶ
836 1046 881 1099 ἐς
909 1063 991 1099 τας
1019 1049 1099 1090 τοῦ
1130 1041 1343 1113 Ἰσαγγέλη
1373 1049 1548 1105 διαδρα-

49 1111 219 1173 μούσης
247 1109 399 1168 ἀκοάς,
428 1109 579 1167 εὐθὺς
607 1115 718 1173 μηδε
745 1112 905 1171 μικρόν
934 1132 977 1159 τι
1008 1112 1229 1174 μελλήσας
1260 1114 1391 1169 οὗτος
1420 1134 1550 1161 κατα-

50 1180 266 1240 λαμβάνει
309 1182 388 1243 τὴν
431 1183 707 1228 Λαοδίκειαν
752 1184 825 1228 καὶ
869 1181 1029 1241 λόγοις
1074 1185 1267 1241 συνείρει
1312 1184 1429 1242 πρὸς
1471 1184 1549 1230 τόν

55 1252 221 1311 Ταγγρὲ
264 1250 337 1297 διὰ
379 1252 608 1296 παντοίων
652 1251 795 1310 λόγων
839 1250 1156 1310 συμβουλεύων
1196 1248 1317 1313 αὐτῷ
1349 1257 1432 1312 τῆς
1466 1256 1547 1299 τοῦ

0 1330 37 1366 [5
49 1318 242 1379 κάστρου
273 1321 538 1378 πολιορκίας
566 1316 866 1377 ἀποσχέσθαι.
924 1319 988 1375 ὦς
1024 1322 1073 1367 δὲ
1102 1320 1252 1368 πολλοὶ
1284 1324 1378 1380 μετ’
1411 1319 1548 1368 αι’-τοί

49 1390 442 1448 κοινολογούμενος
471 1394 729 1451 καταπειθῆ
759 1408 921 1435 τοιτον
952 1387 1032 1447 οὐχ
1061 1389 1274 1448 εἵρισκεν,
1306 1388 1400 1437 αλλ’
1434 1387 1548 1438 ἷίντι-

50 1477 155 1516 κρυς
183 1453 309 1520 ᾅδειν
338 1457 484 1505 ἐδόκει
515 1457 637 1517 παρὰ
667 1463 822 1520 κωφιῦ,
856 1460 1031 1506 ἐκεῖθεν
1062 1459 1391 1522 παλινοστήσας
1420 1479 1547 1506 κατα-
1564 1469 1591 1505 C

50 1525 260 1585 λαμβάνει
288 1520 425 1582 αυθις
447 1526 527 1587 τὴν
562 1529 792 1586 Τρίπολιν.
852 1528 1024 1583 ἐκεῖνος
1065 1529 1114 1575 δὲ
1145 1526 1445 1575 ουδοπωσοῦν
1472 1534 1550 1590 τῆς

50 1597 311 1654 πολιορκίας
339 1593 574 1656 αφίστατο.
633 1595 742 1642 ἰδών
771 1615 850 1643 ουν
880 1596 904 1642 ό
942 1596 1274 1657 Τζιντζιλούκης
1303 1597 1383 1660 τὴν
1412 1598 1553 1659 ὁρμὴν

0 1670 129 1712 bovo&
165 1667 330 1725 Ταγγρὲ
360 1666 434 1711 καὶ
466 1664 527 1720 (ὃς
558 1666 603 1710 ἕν
632 1669 774 1726 στενῷ
812 1666 868 1712 τὰ
911 1668 1004 1712 κατ’
1050 1663 1186 1712 αὐτόν
1227 1666 1549 1723 συνελαύνεται,

48 1734 267 1794 βοήθειαν
297 1735 476 1780 ἐκεῖθεν
516 1731 682 1796 ᾐτεῖτο.
738 1733 1049 1792 βραδυνόντων
1085 1736 1133 1780 δὲ
1161 1738 1253 1781 τῶν
1295 1737 1340 1781 ἐν
1376 1739 1431 1798 τῇ
1462 1735 1551 1782 Κύ-

49 1823 165 1864 πρῳ,
197 1804 262 1858 εἷς
290 1805 532 1863 ἀμηχανίαν
562 1803 712 1849 ἐλθών
743 1803 796 1849 τό
827 1804 908 1861 μὲν
941 1800 1034 1849 ἀπὸ
1065 1806 1150 1863 τῆς
1190 1806 1464 1863 πολιορκίας,
1497 1803 1551 1851 τό

49 1873 98 1918 δὲ
128 1873 201 1918 καὶ
231 1870 325 1918 ὑπὸ
371 1875 457 1918 τοῦ
499 1875 630 1930 λιμοῦ
676 1870 942 1930 πιεζόμενος
971 1874 1219 1930 προδοῦναι
1261 1873 1314 1919 τὸ
1360 1871 1552 1931 κάστρον

48 1940 299 2004 ᾑρετίσατο.

185 2031 219 2066 2.
246 2025 609 2074 οϊκοδοιιήσοντας*
666 2045 730 2062 *⁴1
758 2030 802 2066 F.
999 2033 1033 2067 3.
1059 2030 1165 2066 τοῦτο
1189 2031 1241 2065 τῶ
1265 2031 1309 2076 F,
1335 2031 1387 2076 τῷ
1411 2042 1482 2067 om.
1509 2031 1549 2066 P.

187 2080 241 2114 12.
266 2080 434 2137 μέλησας
456 2079 500 2114 F.
615 2080 670 2114 18.
697 2075 777 2114 οὐδ’
803 2077 982 2115 ὁπωσοῦν
1006 2079 1051 2125 A,
1078 2058 1316 2115 οὗδοποσοῢν
1342 2079 1383 2115 Ρ.
1492 2081 1550 2117 21

184 2127 345 2174 ἐκεῖθεν]
373 2123 600 2176 Εὒμιπὶθιονῖ>
747 2128 806 2165 24.
829 2126 1022 2177 ῄρετίσατο
1050 2127 1096 2174 A,
1123 2125 1314 2175 ἠρετίσατο
1339 2128 1380 2164 Ρ.

51 2228 163 2263 utilia
177 2227 307 2263 futura
315 2230 438 2263 essent
451 2231 490 2268 et
503 2227 666 2264 artifices
680 2228 782 2264 illius
796 2229 921 2275 operis
935 2229 1094 2265 navibus
1106 2241 1219 2276 quam
1231 2228 1396 2276 primum
1411 2230 1450 2264 in
1464 2241 1550 2264 eum

49 2277 173 2312 locum
198 2277 434 2322 importaret,
465 2289 574 2323 quem
595 2277 779 2324 Isangeles
806 2278 1071 2324 designaturus
1086 2281 1190 2314 esset.
1231 2290 1304 2323 quo
1330 2277 1442 2322 facto,
1459 2277 1548 2312 dum

49 2325 197 2371 Tripoli
234 2325 420 2372 Isangeles
459 2326 633 2361 imminet
670 2330 719 2367 et,
754 2339 829 2372 quo
867 2338 949 2362 eam
975 2327 1147 2371 subiciat,
1185 2326 1372 2362 indefesso
1412 2329 1550 2362 conatu

50 2386 198 2410 omnem
227 2378 353 2410 movet
392 2374 532 2420 funem,
574 2375 814 2411 Boemundus
853 2376 1006 2422 cognito
1048 2375 1268 2411 Laodiceam
1298 2374 1553 2411 Tzintzilucae

49 2422 232 2458 traditam
269 2434 347 2458 esse
383 2422 525 2468 odium,
566 2436 641 2469 quo
673 2424 747 2459 iam
791 2424 939 2470 pridem
980 2425 1019 2459 in
1051 2425 1318 2470 imperatorem
1353 2423 1550 2470 flagrabat,

50 2483 126 2506 non
151 2471 312 2517 amplius
347 2471 654 2507 dissimulaturus
681 2472 917 2509 Tancredum
959 2476 1134 2519 nepotem
1165 2485 1250 2509 cum
1278 2471 1551 2508 sufficientibus

49 2519 168 2566 copiis
204 2520 253 2555 ad
275 2520 568 2567 oppugnandam
595 2521 816 2558 Laodiceam
856 2522 1011 2558 dimisit.
1075 2521 1183 2558 cuius
1220 2521 1276 2556 rei
1312 2521 1412 2556 fama
1438 2521 1552 2556 allata

50 2580 97 2604 ne
122 2568 228 2604 brevi
254 2569 406 2615 quidem
432 2569 619 2616 Isangeles
646 2574 814 2606 moratus
850 2571 979 2606 statim
1017 2582 1060 2606 eo
1087 2572 1268 2616 properat
1294 2573 1332 2605 et
1357 2570 1439 2616 agit
1465 2582 1551 2606 cum

50 2616 244 2653 Taum-edo
269 2617 458 2664 variisque
489 2619 725 2654 sermonibus
761 2620 796 2654 ei
821 2619 962 2663 suadet,
1002 2622 1045 2654 ut
1070 2631 1092 2654 a
1117 2618 1230 2654 castri
1267 2619 1552 2665 oppugnatione

52 2665 267 2711 desisteret3
298 2678 458 2712 cumque
484 2667 603 2703 multa
628 2679 714 2703 cum
741 2679 783 2703 eo
810 2669 947 2714 egisset
975 2679 1043 2703 nec
1071 2667 1172 2713 quod
1197 2667 1319 2703 voluit
1343 2667 1548 2713 impetrare

51 2717 176 2760 posset
201 2714 391 2761 surdoque
415 2715 508 2751 adeo
533 2715 734 2752 decantare
759 2716 965 2761 videretur,
990 2716 1163 2762 Tripolin
1189 2716 1354 2752 recessit.
1420 2719 1460 2751 at
1485 2716 1550 2751 illo

0 2780 12 2811 j„
50 2763 204 2798 minime
241 2764 288 2799 ab
334 2764 616 2810 oppugnatione
657 2765 859 2800 desistente
889 2764 1136 2800 Tziutziluces
1185 2764 1329 2810 impetu
1367 2764 1551 2800 Taucredi

4 2827 15 2839 ·›
49 2814 247 2857 perspecto
283 2812 322 2847 in
347 2813 540 2859 augustias
573 2813 748 2850 redactus
779 2813 884 2849 illinc
922 2813 1104 2848 auxilium
1131 2813 1240 2859 petit.
1303 2813 1368 2848 sed
1402 2825 1487 2848 cum
1523 2813 1550 2847 ii

51 2860 116 2906 qui
141 2861 181 2895 in
207 2859 330 2907 Cypro
361 2865 470 2898 erant
494 2865 774 2907 cunctarentur,
813 2863 966 2898 tandem
1005 2865 1044 2898 et
1086 2862 1253 2899 hostium
1291 2861 1486 2900 obsidione
1513 2864 1551 2899 et

0 2918 11 2949 g
50 2907 149 2944 fame
171 2911 322 2946 coactus
349 2909 579 2947 deditionem
606 2911 721 2948 castri
746 2910 941 2958 praetulit.
