1734 3120
204 190 280 231 162
699 188 866 223 ΑΝΝΑΕ
888 184 1156 221 ΟΟΜΝΕΝᾹΕ

158 311 331 368 Βλάχος
358 309 436 370 τὴν
466 309 718 365 ἐπωνυμίαν
746 306 923 363 ταυτηνὶ
943 300 1284 363 κληρωσάμενος
1309 299 1382 346 διὰ
1409 299 1462 345 τὸ
1477 300 1688 382 πρώτως

198 379 275 424 τὸν
304 376 493 435 Λνεμᾶν
521 374 804 457 σιδηρόὸετον
834 375 1048 429 δέξασθαι
1076 372 1151 415 ἐπὶ
1179 368 1322 414 πολὺν
1351 370 1398 414 ἐν
1434 365 1556 428 αὐτῶ
1585 387 1687 425 χρο-

199 446 512 508 νοτριβήσοντα
540 443 707 502 χρόνον.
771 443 842 486 καί
873 440 952 499 γὰρ
980 438 1283 501 ἐπινεμήσεως
1312 454 1687 496 παριππευουσης

199 513 447 573 δωδεκάτης
488 513 595 569 dou}
637 512 913 569 προβληθεὶς
956 510 1293 565 Ίραπεζσῦντος
1333 507 1357 551 ὁ
1400 501 1486 565 η’δη
1531 506 1688 565 ῥηθεὶς

200 582 437 642 Ιρηγόριος
479 578 753 626 ἀποστασίαν
797 576 931 622 πάλαι
975 572 1147 621 ωὸίνων
1178 577 1222 620 ἕν
1253 577 1317 634 τῶ
1357 573 1474 631 πρὸς
1509 579 1723 631 Τραπε-5

201 654 354 708 ζουντα
393 647 669 706 ἀπέρχεσθαι
705 647 768 700 εἷς
798 650 896 707 φῶς
926 644 1104 703 εξήγαγε
1136 643 1188 688 τὸ
1226 639 1496 702 ἀπόρρητον.
1555 642 1688 686 ἐπαν-

200 718 310 765 ιόντι
348 719 427 777 γὰρ
447 717 578 798 ,apog
617 715 694 776 την
725 712 1198 760 Κωνσταντινούπολιν
1235 715 1300 771 τύ
1331 714 1575 770 Λαβατηνιῦ
1610 714 1688 770 τῆς

200 790 402 847 ὁουκικῆς
430 782 564 844 αρχῆς
584 784 646 838 εἷς
674 783 752 828 τὸν
787 782 1038 839 Ίαρωνίτην
1066 780 1389 838 ιιετατεθείσης
1418 775 1690 836 συναντήσας

201 852 427 912 δεσμώτην
454 850 590 906 ευθίς
618 848 751 896 αυτὸν
789 852 860 895 καί
900 849 1158 909 ἔμφρουρον
1194 846 1261 901 εἷς
1292 846 1519 906 Try-&ww
1557 841 1686 902 εἶχεν,

162 918 253 969 Cov
282 920 359 966 τὸν
385 921 638 979 Λαβατηνὸν
667 920 715 964 δὲ
745 917 892 976 ιιόνον
933 913 1044 961 αλλα
1077 917 1148 960 καὶ
1185 919 1275 960 τῶν
1307 916 1540 974 ἐπιφανῶν
1575 919 1617 957 1
1613 931 1690 971 ρα-
1705 923 1734 957 1(

202 991 470 1046 πεζουντίων
500 986 673 1041 ὶκανούς
706 988 778 1031 καὶ
808 1004 941 1031 αυτον
979 983 1031 1045 δὴ
1062 1002 1141 1029 τον
1178 987 1257 1028 τοῦ
1296 985 1526 1042 Βακχηνοῦ
1558 977 1690 1027 026⁶).-

202 1060 371 1118 φιδοῦν.
431 1058 529 1102 ἐπεὶ
557 1057 605 1101 δὲ
633 1059 721 1100 τῶν
760 1057 935 1112 δεσμῶν
963 1055 1035 1098 καὶ
1065 1057 1146 1111 τῆς
1174 1051 1347 1112 εἱρκτῆς
1387 1047 1466 1096 οὐκ
1494 1049 1687 1104 ἑλυοντο,

202 1123 586 1207 ὁμοφρονήσαντες
616 1122 810 1177 α’παντες
844 1121 948 1175 τοὺς
975 1123 1056 1178 μὲν
1084 1123 1392 1181 φρουροῦντας
1419 1115 1581 1173 αὐτοὺς
1609 1122 1689 1163 τοῦ

201 1190 454 1239 αποστάτου
485 1193 644 1246 αἰκίαις
674 1188 1068 1247 καθυποβαλόντες
1103 1189 1188 1245 ἔξω
1226 1191 1317 1234 τῶν
1348 1192 1506 1245 τειχῶν
1540 1189 1691 1246 ἐξαγα-

201 1261 350 1320 γόντες
378 1260 534 1319 πόρρω
565 1280 654 1306 που
676 1259 922 1319 ἀπήλασαν,
955 1254 1082 1303 αὐτοὶ
1107 1259 1155 1303 δὲ
1186 1256 1265 1318 τὴν
1287 1257 1509 1319 Τὴβενναν
1527 1274 1690 1317 σφετε-
1705 1262 1734 1299 ΙΞ

202 1333 425 1390 ρισάμενοι
455 1335 669 1386 κατεῖχον,
724 1327 748 1373 ὁ
779 1329 815 1373 δ’
847 1324 1132 1385 αὗτοκράτωρ
1155 1325 1375 1380 πολλάκις
1404 1325 1477 1372 διὰ
1506 1328 1691 1386 γραφῶν

202 1404 313 1447 ποτὲ
343 1403 421 1458 μὲν
449 1401 760 1458 μετεπέμπετο
795 1395 938 1452 αὐτόν,
974 1398 1086 1442 ποτὲ
1115 1398 1164 1442 δὲ
1194 1398 1265 1442 καὶ
1295 1394 1578 1454 ξυνεβούλευε
1611 1398 1691 1455 τῆς

201 1471 404 1528 κακίστης
433 1465 677 1528 ἀποστῆναι
705 1465 921 1524 πράξεως,
946 1465 985 1511 εἰ
1002 1464 1211 1523 βούλοιτο
1233 1465 1523 1523 συμπαθείας
1543 1467 1690 1519 τυχεῖν

200 1539 270 1582 καί
305 1537 367 1590 εἰς
395 1555 473 1619 την
501 1539 721 1594 προτέραν
762 1531 1009 1594 αναχθῆναι
1040 1532 1317 1588 κατάστασιν,
1363 1533 1503 1578 ἐνίοτε
1537 1533 1586 1577 δὲ
1617 1532 1691 1576 καὶ

201 1601 383 1666 ἠπείλει,
408 1606 446 1651 εἰ
468 1604 527 1664 μὴ
550 1606 776 1650 πείθοιτο.
812 1622 835 1648 ο
857 1604 904 1648 δὲ
920 1606 1137 1648 τοσοῦτον
1162 1598 1322 1659 απεῖχε
1342 1604 1422 1647 τοῦ
1449 1597 1734 1645 ὑπακούεινΞΙ

155 1677 279 1718 Βτου
300 1670 629 1731 αὐτοκράτορος
663 1691 715 1717 τα
749 1670 894 1731 λῳονα
923 1669 1316 1728 συμβουλεύοντος,
1339 1688 1402 1724 ως
1425 1671 1496 1714 καὶ
1517 1684 1690 1749 γραφην

200 1741 465 1798 πολύστιχον
494 1760 610 1800 προς
639 1759 771 1786 αυτον
801 1741 1140 1801 ἑκπεπομφέναι
1161 1739 1511 1797 καθαπτομένην
1530 1755 1582 1782 ου
1603 1733 1690 1793 μό-

332 1880 364 1915 2.
387 1875 722 1935 χρονοτριβήσοντα
749 1880 900 1926 scripsi.
926 1876 1269 1935 χρονοτριβῆσαντα
1294 1877 1335 1913 Ρ.
1435 1878 1468 1913 9.
1498 1871 1692 1920 Τήβενναν

331 1928 373 1973 F,
403 1924 622 1972 ΤήβενανΡ.
761 1929 815 1964 10.
846 1924 1186 1984 ΤραπεζούντωνΡ,
1214 1927 1375 1963 correxi.
1467 1922 1691 1971 Βακαχηνοῢ

332 1976 367 2011 C.
544 1978 600 2011 14.
627 1973 949 2033 καῖυποβαλόντες
973 1977 1011 2022 C,
1037 1971 1387 2023 καθυπροβαλόντες
1411 1973 1690 2008 P.15.

334 2021 524 2069 Τήβενιναι
551 2025 593 2070 F,
623 2021 791 2070 Τήβεναν
815 2025 855 2062 Ρ.
1002 2004 1061 2061 16.
1089 2025 1131 2060 δὲ
1158 2025 1200 2061 F

201 2163 379 2198 Anemam
404 2163 441 2198 in
467 2163 614 2199 vincula
640 2165 849 2200 coniectum
884 2163 1048 2210 primum
1086 2164 1232 2209 accepit
1257 2161 1398 2219 diuque
1435 2159 1571 2196 tenuit.
1612 2159 1688 2195 iam

199 2211 404 2247 indictione
440 2211 670 2257 duodecima,
701 2224 811 2258 quem
844 2224 959 2258 supra
990 2212 1289 2255 commemoravi,
1325 2209 1529 2256 Gregorius
1555 2207 1692 2254 Trape-

202 2261 322 2294 zuntis
345 2260 432 2304 dux,
464 2272 548 2296 eum
570 2260 840 2306 Trapezuntem
878 2261 1010 2306 abiret,
1029 2260 1290 2305 defectionem,
1315 2269 1429 2305 quam
1446 2257 1590 2294 dudum
1615 2257 1693 2292 iam

201 2308 464 2353 parturiverat,
491 2309 614 2354 palam
640 2309 826 2354 professus
845 2313 911 2345 est.
930 2310 1136 2345 revertenti
1153 2309 1254 2344 enim
1270 2287 1334 2344 i’ne
1347 2306 1481 2353 cpolin
1495 2305 1690 2342 Dabateno

201 2356 322 2392 ducali
347 2359 532 2402 potestate
555 2358 594 2392 in
627 2357 843 2394 Taronitam
868 2358 1050 2394 translata.
1079 2358 1229 2394 obviam
1258 2357 1381 2392 factus
1406 2353 1692 2402 comprehendit

200 2416 283 2439 eum
308 2405 569 2452 captivumque
583 2405 778 2442 Tebennae
802 2407 841 2442 in
855 2406 1015 2443 vinculis
1040 2407 1185 2452 tenuit3
1211 2418 1280 2442 nee
1306 2404 1544 2441 Dabatenum
1558 2402 1690 2447 solum,

182 2453 263 2488 ‘sed
288 2453 424 2489 multos
460 2455 573 2489 etiam
597 2454 760 2491 illustres
799 2455 1081 2501 Trapezuntios,
1113 2456 1154 2491 in
1176 2434 1240 2491 ’his
1281 2452 1466 2490 Baoeheui
1499 2451 1691 2488 consobri-

199 2513 299 2536 num.
350 2502 415 2547 qui
439 2514 520 2538 cum
548 2514 567 2537 e
592 2503 750 2539 vinculis
775 2507 813 2539 et
838 2515 986 2540 carcere
1010 2516 1086 2540 non
1111 2503 1390 2550 expedirentur,
1408 2500 1689 2547 eonspiratione

200 2549 298 2584 inter
324 2561 361 2585 se
376 2550 474 2586 faeta
498 2551 668 2587 custodes
695 2552 742 2588 ab
767 2555 941 2598 apostata
964 2552 1073 2588 datos
1100 2553 1196 2589 male
1220 2552 1402 2597 mulcant3
1429 2549 1567 2597 quibus
1585 2551 1692 2585 extra

200 2609 326 2633 muros
351 2598 478 2634 eiectis
505 2600 688 2646 longeque
723 2601 932 2636 amandatis
957 2600 1171 2637 Tebennam
1206 2602 1246 2636 in
1271 2612 1376 2636 suam
1404 2598 1595 2635 redactam
1627 2607 1692 2643 po-

201 2648 374 2681 testatem
399 2647 580 2684 obtinent.
616 2649 822 2694 imperator
850 2661 938 2685 vero
963 2649 1061 2685 datis
1088 2650 1136 2685 ad
1161 2650 1387 2696 Gregorium
1413 2658 1523 2694 saepe
1547 2645 1693 2682 litteris

201 2694 312 2729 modo
328 2694 374 2730 ad
390 2707 427 2730 se
445 2707 529 2731 eum
543 2698 709 2742 vocabat,
730 2697 840 2733 modo
855 2699 890 2733 ei
914 2698 1105 2743 suadebat,
1131 2702 1175 2735 ut
1201 2699 1248 2734 ab
1273 2698 1424 2744 incepto
1443 2695 1605 2742 pessimo
1629 2692 1691 2729 de·

201 2742 362 2788 sisteret,
393 2744 424 2778 si
447 2745 590 2780 veniam
618 2746 821 2791 impetrare
845 2749 884 2781 et
910 2746 950 2781 in
976 2747 1181 2792 pristinum
1208 2749 1350 2783 statum
1374 2743 1528 2781 restitui
1553 2742 1694 2785 vellet;

201 2790 391 2827 interdum
429 2792 460 2826 si
501 2804 641 2829 morem
678 2806 753 2830 non
793 2797 950 2841 gereret,
991 2796 1218 2832 minabatur.
1269 2795 1332 2830 ine
1373 2796 1500 2830 autem
1537 2794 1691 2828 tantum,

201 2838 308 2883 afuit,
341 2843 383 2876 ut
402 2840 676 2888 obtemperaret
701 2843 854 2888 optimis
878 2844 1119 2888 imperatoris
1143 2843 1321 2890 consiliis,
1356 2846 1400 2879 ut
1425 2841 1566 2877 librum
1594 2838 1697 2876 mul
1692 2847 1723 2857 Ι
