1734 3120
316 27 453 46 af

495 234 758 269 ALEXIADIS
788 235 884 268 LIB.
912 235 992 268 XV.
1025 231 1062 268 4.
1437 230 1518 270 327

34 348 212 404 τούτοις
231 350 339 405 περὶ
366 347 446 408 τὴν
467 351 547 393 τοῦ
563 345 778 404 Ἀμορίου
794 348 985 392 πεδιάδα
1009 348 1082 392 καὶ
1101 351 1198 410 νικᾷ
1217 349 1326 394 κατὰ
1346 349 1519 407 κράτος.

34 419 180 475 ἕτεροι
209 419 259 464 δὲ
286 413 380 463 ἀπὸ
412 420 493 462 τοῦ
524 411 786 461 ‹in-atomo&
815 416 978 472 μέρους
999 419 1187 473 Τοῦρκοι
1208 417 1519 474 κατερχόμενοι

34 489 106 532 καὶ
126 485 188 540 ὠς
211 485 327 543 πρὸς
349 484 428 530 τὸν
444 483 711 530 ,Μονόλυκον
729 482 1000 537 σπεύδοντες
1018 484 1346 540 παρατυχόντες
1364 489 1418 547 τῇ
1439 491 1518 532 τοῦ

37 553 240 613 Βοὺρτξη
268 555 531 615 παρεμβολῇ
554 553 722 598 ἐκείνου
750 550 887 612 μήπω
928 549 1191 611 φθάσαντος
1226 549 1561 612 ἅφαιροῦνταιΒ

0 622 88 668 ὅτὰ
120 622 429 682 παρατυχόντα
471 619 685 679 ὑποζύγια
717 621 789 665 καὶ
824 618 904 673 τὰς
944 619 1225 676 παρασκευὰς
1262 626 1352 665 τῶν
1389 639 1520 679 στρα-

33 695 218 737 τιωτῶν.
271 690 297 736 ό
328 692 377 736 δὲ
410 688 631 747 Βοὺρτζης
662 689 882 746 [ἐκεῖθεν]
916 687 1091 747 νικητὴς
1119 687 1416 749 ὑποστρέφων
1446 692 1520 735 καὶ

34 759 203 819 πολλὴν
230 756 638 819 συνεπιφερόμενος
666 757 788 802 λείαν
817 755 1093 815 συνηντηκώς
1115 775 1199 802 τινι
1229 761 1319 802 τῶν
1346 759 1523 803 ἐκεῖθεν

33 829 279 885 ἐρχομένων
309 830 384 873 καὶ
410 825 702 885 μεμαθηκώς,
736 824 863 879 ὅπως
890 824 932 869 οἳ
970 828 1159 882 Τοῦρκοι
1189 824 1365 870 ἅπαντα
1392 825 1448 872 τὰ
1478 828 1523 871 ἑν

32 901 86 958 τῇ
123 898 387 956 παρεμβολῇ
425 891 563 941 αὐτοῦ
610 896 683 940 καὶ
730 893 808 952 τὴν
851 895 971 938 λείαν
1013 896 1163 939 πᾶσαν
1203 890 1523 952 ἀναλαβόμενοι

0 960 214 1024 ῠῷχοντο,
248 967 533 1010 διεσκοπεῖτο
562 964 607 1008 τί
638 961 693 1007 ι’ὶν
722 966 804 1023 χρῇ
825 967 988 1007 ποιεῖν.
1020 957 1157 1017 ὀξέως
1184 963 1233 1007 δὲ
1257 962 1336 1008 τόν
1354 962 1522 1021 δρόμον

33 1037 123 1078 τῶν
149 1031 386 1091 βαρβάρων
415 1033 698 1090 ποιουμένων
743 1025 883 1090 ἤθελε
920 1032 1002 1088 μὲν
1040 1032 1113 1075 καὶ
1153 1026 1288 1084 αὐτὸς
1326 1026 1523 1077 ὄπισθεν

32 1100 209 1148 διώκειν
236 1099 419 1155 τούτων,
466 1098 547 1146 οὔκ
581 1096 768 1162 ἧδῦνατο
811 1101 861 1145 δὲ
902 1097 1185 1157 κεκμηκότων
1220 1102 1311 1144 τῶν
1350 1102 1521 1146 ἳππων.

32 1171 114 1215 καὶ
134 1169 207 1215 διὰ
248 1171 368 1216 τοῦτ’
413 1165 626 1215 α’πειπών
666 1167 749 1227 τήν
793 1169 1035 1225 ἐπιδίωξιν,
1084 1166 1146 1222 (ὃς
1188 1168 1249 1227 μὴ
1293 1166 1443 1228 χεῖρόν
1477 1188 1520 1214 τι

32 1239 236 1297 συμβαίη,
269 1240 427 1295 βραδεῖ
454 1239 565 1283 ποδὶ
594 1236 675 1282 σὺν
703 1231 883 1296 εὐταξίᾳ
911 1237 1106 1291 στείχων
1125 1235 1236 1282 κατὰ
1264 1236 1316 1282 τὸ
1338 1238 1562 1295 περίορ-Ο

0 1311 150 1364 δθρον
175 1305 231 1350 τὰ
263 1301 346 1367 ἤδη
376 1307 570 1365 ῥηθέντα
609 1309 691 1351 τοῦ
720 1303 922 1363 Βοὺρτζη
956 1302 1279 1362 καταλαμβάνει
1315 1306 1521 1360 πολίχνια

35 1376 106 1420 καὶ
134 1375 338 1432 ἕξοικίζει
363 1373 552 1420 ἅπαντα.
609 1370 826 1419 κάκεῖθεν
854 1375 958 1426 τούς
986 1390 1034 1418 τε
1072 1371 1381 1428 δοριαλώτους
1420 1370 1524 1418 ἅνα-

35 1441 270 1500 λαμβάνων
298 1445 371 1488 καὶ
401 1441 549 1502 ὁπόση
578 1460 646 1496 τις
673 1434 726 1501 ἦν
755 1442 992 1499 περιουσία
1019 1446 1116 1495 τοῖς
1143 1439 1385 1498 βαρβάροις
1413 1442 1523 1486 ἐπα-

33 1509 218 1569 γόμενος
244 1513 318 1557 καὶ
344 1509 504 1569 μικρὸν
533 1511 581 1556 ἐν
601 1511 817 1568 ἐπικαίρῳ
837 1508 968 1569 τόπῳ
1001 1508 1160 1555 ἑαυτόν
1186 1527 1235 1554 τε
1261 1511 1334 1554 καὶ
1354 1508 1525 1563 πάντας

33 1579 356 1634 κεκοπιακότας
384 1575 739 1638 ἀνακτησάμενος
767 1574 1024 1634 ἀνίσχοντος
1059 1576 1182 1637 ἡλίου
1211 1581 1292 1636 τῆς
1321 1579 1381 1631 ὥς
1409 1579 1525 1635 πρὸς

0 1655 20 1691 0
34 1646 114 1693 τὸν
139 1644 443 1706 αὐτοκράτορα
470 1645 696 1708 φερούσης
724 1645 883 1703 εἴχετο.
943 1647 990 1691 ἐν
1029 1653 1092 1706 τῷ
1120 1647 1283 1703 μεταξῦ
1321 1648 1370 1692 δὲ
1398 1645 1525 1703 ἑτέρα

35 1733 103 1769 τις
130 1719 431 1773 περιτυχοῦσα
459 1713 606 1774 τούτῳ
643 1714 859 1774 Tot-pum)
881 1712 1063 1772 δι”ναμις
1082 1717 1349 1775 παραχρῆμα
1362 1715 1526 1771 ’ξυμμί-

34 1801 182 1841 γνυται
210 1781 388 1838 τοί-τοις
428 1785 503 1829 καὶ
539 1784 736 1841 πόλεμος
770 1785 979 1829 ἐντεῦθεν
1020 1779 1348 1840 ἀναρριπίζεται
1377 1783 1523 1839 μέγας.

35 1853 104 1912 ἐφ’
137 1850 286 1896 ἱκανόν
328 1853 378 1898 δὲ
418 1853 501 1911 τήν
541 1849 688 1911 μάχην
731 1848 1046 1909 ἀναδεξάμενοι
1084 1850 1190 1904 τούς
1216 1848 1567 1907 δορυαλώτουςΙ)

35 1916 222 1981 ᾗτοῦντο
252 1922 325 1966 καὶ
353 1919 410 1966 τὰ
438 1921 487 1977 ἒξ
511 1917 660 1966 αὖτῶν
689 1916 995 1981 ἀφαιρεθέντα
1023 1917 1199 1979 λάφυρα
1240 1915 1519 1974 διαβεβαιού-

0 2000 171 2044 5μενοι,
206 1985 269 2042 ὥς
298 1987 339 2034 εἶ
366 1992 458 2033 τῶν
492 1989 846 2048 ἐπιζητουμένων
865 1986 1049 2044 τύχοιεν,
1084 1982 1228 2032 οὐκέτι
1250 1986 1524 2042 προσβαλεῖν

169 2087 202 2122 5.
226 2089 289 2122 καὶ
311 2084 377 2127 τὰς
400 2087 439 2133 C,
463 2091 525 2123 καὶ
549 2100 622 2124 om.
647 2087 689 2124 P.
814 2089 848 2123 6.
873 2087 1023 2123 ἐκεῖθεν
1049 2085 1191 2121 seclusi.
1300 2085 1333 2119 7.
1360 2083 1438 2118 ἐκεῖ
1450 2081 1521 2127 ΟΡ,

166 2136 324 2172 correxi.
446 2138 504 2172 10.
526 2135 601 2183 χρὴ
625 2136 695 2181 ΟΡ,
719 2136 878 2173 correxi.
1025 2135 1083 2170 21.
1109 2130 1223 2178 τούτῳ
1249 2131 1286 2173 C,
1311 2131 1362 2177 τῷ
1387 2130 1427 2166 P.

32 2221 188 2258 adortus
213 2233 275 2258 eos
297 2222 338 2258 in
363 2223 510 2259 Amorii
534 2223 694 2270 planitie
717 2223 869 2260 devicit.
917 2222 983 2257 alii
1009 2223 1133 2257 autem
1159 2219 1301 2254 'ramae
1327 2217 1376 2253 ab
1399 2217 1521 2252 orien-

32 2270 101 2306 tali
136 2273 246 2316 parte
282 2270 330 2306 ad
367 2271 606 2318 Monolycum
646 2272 877 2316 festinantes,
915 2282 999 2306 cum
1037 2267 1245 2304 inciderent
1282 2267 1323 2301 in
1361 2265 1522 2301 Burtzae

33 2322 167 2362 castra,
190 2319 357 2355 nondum
382 2331 426 2356 eo
454 2332 603 2356 reverso
635 2321 824 2366 diripiunt
847 2330 941 2365 quae
978 2319 1144 2353 iumenta
1179 2325 1377 2360 repperere
1408 2314 1520 2349 sarci·

33 2378 172 2413 nasque
195 2367 372 2403 militum.
437 2368 594 2404 Burtzes
626 2370 749 2405 vict-or
786 2378 922 2413 magna
958 2378 1043 2401 cum
1070 2364 1210 2410 praeda
1249 2362 1378 2406 redux,
1419 2366 1461 2397 ut
1497 2373 1521 2397 a

33 2416 208 2461 quodam,
233 2417 299 2462 qui
323 2416 411 2452 inde
436 2422 600 2461 venerat,
625 2418 819 2462 comperit,
842 2419 966 2451 castra
990 2425 1058 2449 sua
1082 2413 1220 2448 aneas
1251 2410 1461 2464 diripuisse·
1481 2413 1523 2464 et

33 2475 119 2499 eum
143 2463 286 2510 praeda
309 2465 412 2500 omni
438 2466 585 2510 abiisse,
611 2466 703 2512 quid
730 2465 828 2500 facto
856 2475 949 2509 opus
973 2466 1079 2505 esset,
1103 2460 1295 2496 deliberat.
1341 2469 1425 2493 cum
1450 2469 1521 2503 igi-

32 2515 108 2557 tur,
132 2513 303 2558 quamvis
326 2513 450 2556 vellet,
497 2514 669 2550 eeleriter
706 2512 983 2559 proficiscentes
1018 2509 1198 2545 barbaros
1233 2506 1379 2552 insequi
1416 2505 1522 2541 fessis

33 2561 139 2606 equis
161 2571 237 2596 non
259 2564 396 2606 posset,
423 2563 528 2608 sequi
552 2574 637 2598 snos
661 2562 794 2605 vetuit,
818 2564 856 2595 et-
882 2571 928 2594 ne
954 2558 1046 2604 quid
1069 2558 1174 2603 peius
1197 2554 1395 2608 accideret,
1418 2554 1520 2589 lento

34 2620 144 2654 passu
169 2608 376 2654 ordineque
392 2610 568 2646 inoedens
582 2622 691 2645 mane
716 2610 755 2644 in
779 2609 844 2644 illa
869 2607 1030 2643 Burtzae
1054 2604 1193 2651 oppida
1211 2605 1382 2649 pervenit
1405 2613 1521 2647 eaque

33 2656 166 2692 ineolis
184 2656 357 2693 abductis
370 2657 552 2694 exhausit.
588 2659 644 2694 ibi
659 2662 698 2694 et
716 2657 884 2702 captivos
901 2654 1043 2699 recepit
1066 2659 1105 2688 et
1131 2656 1254 2688 totum
1271 2651 1517 2686 barbarorum

32 2708 282 2741 commeatum
295 2706 521 2753 paulumque
533 2710 711 2749 moratus,
723 2709 922 2751 postquam
935 2704 1150 2748 opportuno
1165 2700 1246 2735 loeo
1265 2710 1304 2734 se
1320 2709 1521 2743 omnesque

32 2751 259 2800 defatigatos
283 2758 479 2796 recreavit,
507 2757 655 2791 oriente
679 2754 754 2789 sole
781 2752 828 2787 ad
851 2752 1116 2797 imperatorem
1142 2748 1215 2784 iter
1241 2746 1356 2782 flexit.
1391 2747 1431 2781 in
1445 2757 1519 2792 quo

33 2800 108 2837 alia
130 2802 167 2837 ei
189 2800 397 2838 Tui-earum
422 2815 553 2838 manus
576 2803 621 2838 fit
646 2802 776 2846 obvia;
802 2800 1003 2844 statimque
1027 2808 1164 2843 magno
1190 2795 1332 2842 proelio
1347 2799 1519 2830 conserto

31 2849 199 2887 barbari.
223 2851 290 2886 ubi
313 2851 585 2897 aliquantisper
609 2862 774 2897 pugnam
800 2849 1071 2889 sustinuerunt,
1087 2848 1127 2880 et
1154 2843 1323 2890 captivos
1347 2847 1387 2878 et
1402 2842 1520 2888 spolia

33 2901 234 2945 reposcunt
256 2899 430 2947 polliciti,
455 2900 619 2947 acceptis
643 2900 691 2935 iis
715 2910 789 2934 non
814 2896 975 2943 amplius
995 2904 1235 2942 aggressuros
1257 2903 1296 2928 se
1320 2891 1518 2929 Romanos.
