1734 3120
531 236 795 272 ALEXIADIS
825 239 918 272 Lm.
948 239 1027 272 xv.
1062 236 1094 272 1.
1465 238 1548 279 309

66 350 145 411 γὰρ
175 357 355 435 μακρῶν
382 350 471 411 πρὸ
499 354 579 398 τοῦ
614 353 882 413 ἐπερχομένη
912 352 1057 414 τούτω
1094 354 1119 416 ἢ
1151 355 1280 440 νόςσος
1321 360 1373 404 οὗ
1399 378 1553 417 περιο-

66 423 201 475 δικῶς
226 420 278 467 τὸ
306 422 508 481 τηνικάδε
537 417 798 482 ἇπήντησεν,
832 422 942 468 ἄλλα
974 441 1027 470 σι·
1032 423 1155 486 νεχὴς
1184 420 1236 484 ἢν
1265 429 1338 472 καὶ
1364 428 1553 508 ἑπαλλη-

66 492 170 544 λους
195 508 301 544 τους
331 488 646 548 παροξυσμοὺς
676 491 836 536 ε’δι”.δοι
880 487 991 536 ἄλλα
1019 497 1152 539 τοῖτο
1178 493 1230 539 τὸ
1255 497 1410 550 πάθος
1440 497 1553 555 πρό-

65 577 208 617 σχημα
238 557 382 604 ἐδόκει
416 563 514 613 τοῖς
558 561 663 617 περὶ
708 558 786 604 τὸν
814 561 1147 617 Κλιτζιασθλὰι
1194 561 1451 623 νοσήματος,
1501 561 1598 610 οιΙ)

30 629 214 684 δμέντοι
245 626 426 686 νόσημα,
456 623 549 672 ἄλλ’
581 623 710 682 ἷίκνος
745 629 817 673 καὶ
845 631 1046 688 ῥᾳθτμιά
1087 630 1260 686 ἔξωθεν
1270 636 1552 715 περιβεβλη-

64 697 170 755 μένη
200 695 278 755 τὴν
298 697 560 754 ποδαλγίαν·
590 692 833 741 κάντεῦθεν
853 696 999 741 πολλὰ
1018 699 1237 753 πολλάκις
1255 697 1554 747 ἀπέσκωπτον

64 760 144 808 κάν
171 769 272 818 ταῖς
298 766 463 821 μέθαις
481 782 563 809 καν
581 768 678 816 τοῖς
696 763 856 819 πότοις
884 764 1094 823 καθάπερ
1115 763 1170 811 αι’
1172 773 1356 827 τοφιεῖς
1372 768 1606 849 ῥητορεςΡ.
1632 779 1700 813 461

67 829 312 892 ἤθοποιΐας
339 836 418 892 τῆς
446 836 535 877 τῶν
558 835 715 879 ποδῶν
735 830 892 892 οδίνης
919 837 999 878 τοῦ
1022 830 1349 894 αὐτοκράτορος
1379 854 1419 881 οι
1450 833 1554 894 βαρ-

63 905 194 959 βαροι
226 903 476 948 ἐποιοῦντο.
549 904 622 946 καὶ
668 903 903 961 κωμωδίας
945 903 1109 960 ἐγίνετο
1150 901 1380 964 πρόφασις
1410 903 1435 965 ἡ
1464 909 1554 950 τῶν

5 978 52 1014 10
65 972 220 1014 ποδῶν
249 965 460 1028 ἀλγηδών.
525 968 753 1027 πρόσωπα
793 970 873 1028 γὰρ
918 970 1082 1028 ἰατρῶν
1124 990 1172 1016 τε
1206 974 1277 1017 καὶ
1321 975 1412 1017 τῶν
1448 974 1555 1030 περὶ

62 1036 141 1082 τὸν
172 1035 477 1095 αι’·τοκράτορα
506 1040 868 1096 διαπονουμένων
888 1037 1176 1097 ὑπεκρίνοντο
1197 1042 1270 1085 καὶ
1287 1037 1427 1086 αὐτὸν
1445 1043 1554 1102 δῆτα

63 1104 141 1150 τὸν
166 1107 348 1163 βασιλέα
392 1106 456 1168 εἷς
483 1105 536 1151 τὸ
565 1108 703 1163 μέσον
746 1105 1025 1165 παράγοντες
1063 1110 1136 1154 καὶ
1179 1105 1446 1166 ἆναθέμενοι
1477 1110 1552 1155 ἐπὶ

63 1175 209 1233 κλίνης
242 1176 537 1234 προσπαίζειν
566 1170 722 1234 ᾤοντο.
780 1177 852 1221 καὶ
894 1177 969 1221 ἐπὶ
1000 1175 1178 1230 ταύταις
1216 1182 1316 1231 ταῖς
1352 1179 1553 1230 παιδιαῖς

61 1243 198 1301 γέλως
224 1247 322 1297 τοῖς
343 1241 582 1301 βαρβάροις
601 1244 772 1303 ἐπῆρτο
802 1244 956 1298 πολύς.
1006 1245 1059 1289 οὗ
1076 1243 1163 1302 μΐν
1183 1244 1394 1291 ἐλάνθανε
1414 1249 1552 1290 ταῦτα

4 1320 49 1355 15
62 1311 139 1356 τὸν
169 1308 472 1370 αιῗτοκράτορα
502 1309 744 1358 κάντεῦθεν
777 1314 1010 1374 ἠρεθίζετο
1031 1312 1147 1371 πρὸς
1174 1313 1254 1373 τήν
1282 1316 1375 1359 κατ’
1405 1310 1551 1359 αἰτῶν

60 1378 200 1440 μάχην
227 1382 394 1437 μᾶλλον
423 1379 671 1440 παφλάζων
690 1380 745 1425 τὰ
762 1385 841 1426 τοῦ
863 1386 1027 1438 &moia
1082 1378 1135 1427 οὗ
1156 1380 1271 1427 πολὺ
1291 1381 1342 1426 τὸ
1365 1383 1410 1427 ἐν
1428 1384 1592 1441 μέσῳΒ

61 1450 133 1493 καὶ
163 1450 431 1509 κουφισθεὶς
458 1453 537 1510 τῆς
566 1446 724 1509 ὄδῦνης
750 1454 832 1509 τῆς
868 1451 1160 1508 προκειμένης
1192 1449 1453 1508 ὁδοιπορίας
1486 1449 1550 1496 εἷ’-

60 1534 173 1573 χετο.
233 1515 312 1578 τήν
340 1535 388 1563 τε
405 1516 606 1574 Δάμαλιν
634 1516 907 1575 διαπεράσας
931 1520 1004 1563 καὶ
1030 1517 1109 1563 τὸν
1137 1514 1381 1576 άναμεταξῦ
1399 1524 1550 1575 Κιβω·
1561 1522 1604 1557 V·
1631 1524 1702 1558 365

60 1589 140 1630 τοῖ’
161 1587 233 1630 καὶ
254 1585 485 1644 Αἰγιαλῶν
507 1585 892 1644 διαπλωῒσάμενος
913 1586 1130 1643 πορθμὸν
1150 1589 1222 1632 καὶ
1248 1587 1327 1646 τήν
1341 1586 1551 1644 Κιβωτὸν

0 1651 319 1710 2οκαταλαβῶν
347 1654 525 1698 ἐκεῖθεν
551 1653 615 1707 εἷς
639 1653 691 1699 vr)
714 1654 955 1699 Λοπάδιον
978 1649 1132 1700 ἷίπεισι
1160 1654 1238 1714 τὴν
1265 1659 1355 1700 τῶν
1388 1653 1551 1712 ταγμά-

60 1738 149 1765 των
191 1720 476 1779 ἑκδεχόμενος
522 1723 673 1782 ἄφιξιν
714 1725 786 1768 καὶ
830 1721 1004 1769 ὁπόσον
1046 1721 1381 1783 μισθοφορικὸν
1423 1741 1551 1780 μετε-

193 1833 228 1867 4.
260 1834 531 1874 Κλιτζιασθλαν
554 1832 596 1879 Ρ,
621 1834 865 1876 κλιιζασθλιῖν
889 1834 928 1870 C.
1111 1835 1143 1870 5.
1168 1830 1278 1872 ὄκνος
1302 1833 1343 1878 Ρ,
1372 1828 1488 1879 ὅγγος
1511 1833 1549 1869 C.

197 1882 250 1916 11.
276 1878 517 1927 ὑπεκρίνοντο
544 1882 696 1928 scripsi.
721 1881 956 1928 ὑποκρίνοιτο
981 1882 1050 1918 GP.
1219 1881 1275 1918 12.
1300 1879 1546 1929 ἀναθέμενοι]

195 1944 206 1964 ι
231 1929 274 1965 in
297 1940 371 1965 ras.
397 1941 446 1965 m.
473 1931 495 1964 2
523 1929 562 1966 C.
711 1931 766 1966 13.
795 1931 1015 1982 παιδιαῖςΡ,
1041 1930 1242 1968 πεδιαῖςΟ.
1401 1931 1454 1965 16.
1481 1943 1550 1964 πα-

195 1973 346 2023 φλάζων
369 1976 413 2012 τὰ
438 1979 503 2013 τοῦ
528 1980 652 2026 θυμοῦ
678 1979 832 2036 scripsit:
861 1972 1133 2026 παμφλιίζοντα
1159 1978 1284 2013 θυμοῦ
1308 1977 1374 2013 ΟΡ.
1494 1979 1548 2014 18.

195 2026 364 2070 Κιβωτοῦ
388 2029 450 2061 καὶ
474 2028 669 2082 Αἰγιαλῶν
689 2029 845 2084 ecripsi:
873 2028 1029 2074 Κιβωτῷ
1053 2027 1207 2073 αἰγιαλῷ
1234 2026 1311 2071 CP;
1340 2026 1387 2062 cf.
1412 2027 1495 2070 279,
1514 2028 1548 2062 4.

198 2076 253 2110 19.
279 2071 605 2123 διαπλωῖσάμενος
626 2076 779 2131 scripsi:
806 2077 1100 2132 διαπλωΐέμενος
1122 2075 1189 2111 CP.
1299 2072 1493 2121 πορθμὸν]
1517 2088 1547 2122 μ

193 2134 288 2158 eras.
305 2122 345 2159 C.
467 2125 526 2160 20.
547 2121 748 2161 Λοπάδιον
772 2124 812 2168 P,
841 2120 1002 2160 λοπάδιν
1027 2124 1064 2160 C.

60 2217 224 2251 ratorem
249 2219 410 2262 ceperat,
435 2228 520 2252 cum
546 2217 710 2260 morbus,
744 2229 819 2263 quo
844 2218 989 2264 magnis
1027 2219 1114 2252 ante
1146 2215 1353 2251 intervallis
1379 2218 1548 2262 aegrota-

58 2264 137 2308 bat,
174 2266 265 2299 tunc
301 2264 480 2300 continuo
506 2269 546 2301 et
571 2266 653 2302 sine
680 2245 758 2301 u'lla
782 2266 1058 2302 intermissione
1084 2264 1250 2300 saeviens
1275 2275 1359 2299 eum
1385 2267 1547 2310 urgeret.

60 2311 161 2358 quod
185 2312 326 2347 malum
350 2313 520 2349 simulari
544 2314 760 2359 credebant,
791 2315 856 2370 qui
894 2326 978 2350 cum
1006 2312 1287 2349 Clitziasthlane
1324 2315 1444 2355 erant,
1481 2323 1549 2348 nee

59 2360 245 2404 morbum,
286 2360 351 2396 sed
388 2363 665 2398 cunctationem
703 2362 967 2409 ignaviamque
1003 2361 1189 2403 dicebant,
1227 2372 1322 2406 quae
1359 2360 1549 2407 podagrae

59 2409 221 2454 speciem
255 2420 345 2454 prae
372 2421 409 2445 se
433 2410 567 2456 ferret3
604 2411 765 2457 indeque
802 2410 921 2446 multa
958 2411 1058 2446 inter
1095 2409 1242 2456 patinas
1278 2408 1482 2455 calicesque
1503 2411 1548 2444 ut

59 2457 332 2503 extemporales
354 2458 525 2494 rhetores
558 2438 784 2496 iocabantur
809 2471 852 2495 ac
889 2459 935 2494 de
956 2458 1125 2504 podagra
1163 2457 1401 2503 imperatoris
1429 2456 1547 2493 decla-

61 2505 268 2541 mationum
291 2505 351 2541 vel
375 2507 577 2543 mimorum
617 2512 839 2555 argumenta
877 2507 1089 2542 sumebant:
1128 2506 1181 2541 sic
1218 2505 1354 2550 pedum
1380 2504 1546 2541 dolorem

59 2554 100 2589 in
135 2553 366 2589 comoediam
404 2557 613 2592 vertebant.
688 2567 775 2592 nam
826 2566 1005 2601 personae
1042 2554 1347 2609 producebantur
1390 2553 1548 2589 medico-

58 2613 144 2637 rum
184 2605 298 2648 atque
341 2603 581 2649 imperatoris
625 2604 851 2640 famulorum
898 2615 1055 2649 eumque
1094 2603 1218 2647 ipsum
1259 2601 1357 2636 lecto
1399 2601 1549 2647 imposi-

60 2654 142 2686 tum
169 2653 207 2685 et
228 2651 268 2685 in
296 2651 459 2687 medium
492 2653 683 2698 prolatum
723 2652 879 2688 illudere
917 2652 988 2686 sibi
1026 2650 1263 2693 videbantur,
1301 2649 1421 2695 iisque
1458 2649 1549 2685 iocis

60 2711 226 2734 summus
251 2699 351 2734 inter
369 2699 551 2736 barbaros
566 2701 663 2737 risus
683 2702 886 2736 oriebatur.
926 2710 999 2744 quo
1017 2699 1222 2744 imperator
1241 2697 1417 2734 nuntiato
1430 2698 1548 2753 magis

60 2747 175 2783 etiam
199 2748 257 2782 ira
282 2748 550 2785 excandescens
577 2750 624 2785 ad
653 2748 897 2795 pugnandum
940 2748 980 2782 in
1016 2758 1077 2782 eos
1102 2745 1373 2782 incendebatur
1401 2757 1444 2782 ac
1470 2746 1547 2781 vix-

61 2795 150 2831 dum
176 2794 305 2830 dolore
331 2796 475 2833 levatus
499 2798 648 2833 itineris
674 2796 880 2843 exequendi
898 2795 1095 2831 consilium
1112 2794 1221 2840 cepit.
1269 2794 1397 2839 itaque
1414 2794 1543 2829 Dama-

61 2844 116 2879 lin
141 2843 331 2890 profectus
358 2856 443 2880 cum
457 2845 596 2881 fretum
626 2847 726 2881 inter
740 2845 913 2880 Cibotum
939 2847 977 2879 et
993 2843 1164 2890 Aegialos
1191 2843 1472 2888 pernavigasset
1488 2842 1545 2877 Ci-

61 2892 268 2938 botumque
293 2894 463 2939 venisset,
490 2894 701 2941 Lopadium
727 2894 807 2929 abit
828 2892 1011 2935 Romanas
1037 2891 1162 2937 copias
1200 2891 1545 2938 mercennariosque
