1734 3120
488 256 752 296 ALmAms
779 257 873 298 ΜΒ.
898 257 997 298 m.
1029 253 1066 297 2.
1440 253 1523 299 255

37 378 295 438 λογίζεσθαι
323 376 376 424 τὸ
407 379 614 435 ἑκνίκημα
640 377 757 423 ἰ’διον
785 379 863 431 τὰς
891 377 1008 435 πρὸς
1031 374 1178 423 αὐτῶν
1205 378 1433 438 συνθήκας
1452 381 1566 426 καίΒ

38 447 142 501 τούς
170 445 331 504 ὅρκους
361 442 668 506 ἀθετήσαντας
696 448 769 491 καὶ
797 446 902 503 παρ’
937 442 1069 491 οὐδὲν
1083 448 1393 504 λογισαμένους
1408 450 1526 492 διεσ-

38 515 262 573 πάραττεν
302 512 437 561 αὗτοῦ
481 514 560 575 τὴν
604 513 760 575 ψυχήν,
807 516 879 559 καὶ
912 510 991 559 οὔκ
1033 510 1149 570 εἶχεν
1191 512 1317 568 ὅπως
1363 516 1526 573 ἐνέγκοι

38 583 117 644 τὴν
152 583 292 642 ὕβριν.
352 583 487 630 ἔνθεν
528 601 598 628 τοι
639 585 711 628 καὶ
751 581 1121 640 διαπρεσβεύεται
1165 581 1282 640 πρὸς
1319 582 1396 627 τὸν
1431 580 1531 627 Ἀν-

4 655 231 709 5τισχείας
262 647 454 710 ἶίρχοντα
488 653 653 710 Ταγγρὲ
695 653 934 709 διεγκάλιῦν
976 647 1096 710 αι’-τῷ
1142 649 1221 710 τὴν
1261 646 1432 695 ἀδικίαν
1459 654 1530 696 καὶ

37 720 121 780 τήν
148 725 239 766 τῶν
264 719 411 778 ὅρκων
442 719 695 777 παράβασιν
722 721 794 764 καὶ
826 717 888 774 ιῦς
924 716 1004 764 οἰκ
1045 718 1098 764 Bu
1132 715 1366 775 ἀνάσχοιτο
1406 720 1530 778 μέχρι

38 790 192 844 τέλους
220 787 647 850 καταφρονούμενος,
689 783 799 832 ἀλλὰ
826 786 1135 845 μετελεύσεται
1164 792 1327 833 τοῦτον
1355 789 1428 832 καὶ
1453 791 1532 848 τῆς

38 857 102 911 εἷς
126 856 370 915 Ῥωμαίους
397 858 673 914 ἀχαριστίας·
716 855 861 902 δεινὸν
888 855 970 914 γάρ
1001 855 1056 902 ι’ἰν
1084 854 1152 915 εἴη
1193 858 1266 902 καὶ
1296 857 1412 914 πέρα
1442 858 1532 901 δει-

37 928 138 979 νῶν,
171 925 213 972 εἰ
241 923 476 985 χρημάτων
518 927 599 982 μὲν
627 924 844 984 ἀνηλώκει
889 927 962 970 καὶ
1008 927 1151 970 πλείω
1194 925 1362 979 παντὸς
1399 921 1532 981 ἀριθ-

2 997 136 1050 ομοῦ,
182 991 388 1051 δυνάμεις
422 994 472 1038 δὲ
510 994 874 1050 σι’νεξαπέστειλε
912 991 991 1047 τὰς
1030 994 1408 1053 περιφανεστέρας
1442 996 1533 1037 τῶν

33 1059 289 1118 Ῥωμαϊκῶν
313 1059 628 1120 συνταγμάτων
664 1061 791 1107 ἕνεκα
819 1062 980 1119 Συρίας
1013 1060 1191 1120 ἀπάσης
1224 1063 1295 1107 καὶ
1324 1064 1404 1121 τῆς
1430 1059 1572 1108 {Ay-C

36 1130 229 1185 τιοχειάς
255 1125 394 1188 αὖτῆς
422 1127 631 1174 σπεύδων
662 1128 741 1189 ὅλῃ
770 1131 882 1186 χειρὶ
919 1132 993 1174 καὶ
1030 1128 1180 1190 γνώμῃ
1209 1129 1264 1174 τά
1292 1128 1392 1189 ὅρια
1418 1131 1532 1174 πλα-

37 1203 162 1244 τῦναι
198 1202 278 1258 τῆς
301 1196 531 1256 Ῥωμαίων
569 1194 719 1258 ἀρχῆς,
764 1197 788 1242 ὃ
830 1199 878 1243 δὲ
915 1201 1080 1257 Tama}
1118 1196 1410 1259 κατατρυφῴη
1442 1200 1532 1242 τῶν

38 1269 207 1313 ἐκείνου
238 1268 311 1312 καὶ
330 1265 569 1326 χρημάτων
598 1268 671 1312 καὶ
695 1265 859 1313 πόνων.
906 1270 1045 1312 ταῦτα
1066 1267 1531 1325 διαπρεσβευσαμένου

3 1338 117 1383 5τοῦ
148 1332 475 1392 αὐτοκράτορος
504 1353 529 1379 ο
559 1335 753 1395 ἑμμανης
782 1337 950 1390 ἐκεῖνος
979 1338 1051 1380 καὶ
1071 1335 1285 1394 θεοπλήξ
1311 1334 1533 1392 βάρβαρος

38 1399 132 1449 ουδ’
158 1399 313 1462 ἄκροις
343 1399 455 1448 ω’σὶν
482 1401 781 1460 ἀνασχόμενος
809 1422 888 1462 της
925 1422 975 1449 τε
1009 1404 1225 1484 ἀληθείας
1260 1405 1354 1448 τῶν
1389 1400 1532 1460 λόγων

38 1474 111 1517 καὶ
148 1474 233 1531 τῆς
274 1472 524 1530 παρρησίας
566 1474 659 1516 τῶν
698 1473 932 1529 πρέσβεων
972 1468 1113 1526 εὐθυς
1154 1490 1211 1517 τα
1255 1475 1336 1516 τοῦ
1362 1471 1532 1550 γένους

38 1541 184 1585 ἐποίει
213 1541 286 1585 καὶ
316 1539 391 1584 ὑπ’
421 1534 678 1596 ἀλαζονείας
708 1536 974 1597 ογκοὺμενος
1003 1538 1216 1596 ὑπεράνω
1236 1542 1329 1584 τῶν
1357 1534 1533 1595 ἄστρων

37 1606 202 1667 θήσειν
229 1609 310 1653 τόν
340 1606 509 1664 θρόνον
535 1603 822 1667 ἤλαζονευετο
851 1626 925 1653 και
967 1610 1048 1653 τοῦ
1094 1606 1284 1665 δόρατος
1325 1610 1380 1669 τῇ
1410 1603 1531 1667 ακμῇ

0 1677 351 1733 Οδιατετραίνειν
376 1672 551 1735 ἠπείλει
578 1676 633 1720 τὰ
662 1678 782 1735 τείχη
811 1675 864 1720 τά
896 1674 1158 1732 Βαβυλώνια
1188 1675 1309 1734 ἐλεγέ
1337 1693 1385 1719 τε
1411 1679 1576 1733 διαρ-Ι)

37 1743 172 1805 ρὴδηι·
197 1746 271 1789 καὶ
308 1742 594 1827 ἕξετραζῴδει
629 1762 713 1802 την
750 1743 945 1801 δύναμιν,
992 1762 1054 1798 ως
1081 1741 1308 1803 ἀπτόητὸς
1338 1744 1430 1788 ἐστι
1460 1744 1532 1787 καὶ

872 1807 894 1823 'l

37 1808 334 1868 ἀκατάσχετος
360 1812 440 1872 τὴν
469 1810 621 1872 ὁρμην,
658 1814 730 1857 καὶ
750 1808 843 1857 ουδ’
865 1830 931 1866 αν,
963 1810 1013 1857 εί
1033 1830 1077 1857 τι
1097 1813 1279 1870 γένοιτο,
1310 1809 1431 1872 μεθί·
1435 1828 1529 1856 σειν

172 1907 207 1940 2.
230 1901 485 1948 ἆθετῆσανιας
510 1905 549 1951 C,
575 1902 843 1960 ιἰθητήσαντας
859 1905 899 1941 Ρ.
1073 1907 1107 1941 5.
1136 1907 1197 1939 καὶ
1221 1901 1288 1949 τὴν
1311 1905 1386 1940 τῶν
1410 1901 1532 1950 ὅρκων

172 1954 212 1988 in
237 1965 308 1988 ras.
336 1965 382 1988 m.
413 1955 430 1989 1
460 1953 504 1989 F.
662 1956 695 1990 9.
722 1950 898 1998 ἀνηλώκει
922 1953 966 1991 F.
992 1950 1171 1988 chamna
1198 1953 1238 1989 Ρ.
1385 1953 1442 1988 13.
1467 1953 1529 1995 τῆς

171 2001 245 2038 τῶν
269 2001 311 2046 Ρ,
337 2002 411 2037 τῶν
435 2013 508 2038 om.
535 2001 579 2037 F.
727 2004 784 2038 20.
811 1997 1059 2048 διατετρήνω
1075 2001 1150 2046 ΑΡ,
1176 2002 1335 2037 correxi.
1471 2002 1530 2036 22.

172 2062 219 2085 ιιι
244 2053 391 2097 γένοιτο
416 2050 457 2092 Ρ,
484 2064 532 2086 αν
556 2062 627 2085 om.
655 2050 698 2086 F.

37 2143 188 2189 cepisse,
209 2143 375 2180 Francos
398 2155 488 2179 vero
514 2143 727 2180 foederibus
751 2143 1045 2190 iuramentisque
1069 2142 1220 2180 abolitis
1250 2145 1290 2179 et
1314 2154 1384 2190 pro
1409 2143 1529 2180 nihilo

37 2191 179 2227 habitis
208 2192 386 2237 praedam
419 2204 524 2228 suam
557 2192 700 2229 dicere:
739 2192 830 2228 haec
855 2193 976 2239 igitur
999 2193 1126 2228 omnia
1149 2193 1317 2227 animum
1352 2191 1431 2227 eius
1467 2204 1529 2228 ex-

38 2240 269 2286 cruciabant,
293 2241 348 2276 ita
372 2244 417 2276 ut
441 2240 563 2277 facere
598 2253 675 2277 non
711 2244 836 2287 posset
868 2242 962 2286 quin
998 2240 1141 2276 diutius
1179 2241 1416 2276 insolentiam
1453 2252 1529 2276 non

37 2288 233 2335 perferret.
306 2289 484 2335 quocirca.
525 2289 714 2335 legatione
765 2289 813 2325 ad
854 2289 1090 2325 Tancredum
1130 2289 1355 2324 Antiochiae
1398 2288 1531 2324 ducem

39 2338 152 2372 missa
185 2337 347 2373 iniuriae
373 2349 459 2373 eum
484 2338 693 2384 violatique
731 2337 978 2373 iurisiurandi
1009 2341 1159 2374 accusat
1195 2337 1345 2381 addens,
1381 2348 1420 2372 se
1454 2349 1530 2372 non

36 2385 287 2421 toleraturum
314 2386 475 2432 amplius
498 2386 547 2422 ab
579 2398 622 2422 eo
660 2398 699 2422 se
737 2387 874 2432 sperni,
900 2385 965 2421 sed
1003 2385 1157 2421 tandem
1180 2386 1372 2431 ingratum
1410 2385 1529 2431 ipsius

37 2433 213 2470 adversus
234 2433 420 2470 Romanos
458 2436 625 2470 animum
649 2435 835 2470 ulturum:
874 2437 984 2480 turpe
1007 2435 1107 2469 enim
1132 2437 1171 2470 et
1195 2433 1287 2469 adeo
1308 2433 1393 2479 plue
1417 2445 1530 2479 quam

36 2485 150 2528 turpe
180 2482 254 2518 sibi
278 2482 410 2525 videri,
438 2495 522 2519 cum
547 2484 629 2530 ipse
653 2486 734 2518 toto
764 2484 889 2518 animo
915 2482 1075 2518 Romani
1099 2482 1249 2527 imperii
1275 2481 1368 2517 fines
1393 2492 1530 2528 augere

37 2530 191 2566 studens
215 2531 428 2567 innumeras
452 2531 696 2578 impendisset
718 2531 897 2576 pecunias
920 2531 1260 2576 delectissimasque
1284 2542 1369 2565 suas
1401 2531 1530 2576 copias

37 2579 85 2614 ad
108 2578 254 2624 Syriam
277 2591 425 2615 omnem
452 2581 646 2626 ipsamque
660 2580 898 2615 Antiochiam
924 2578 1179 2614 debellandam
1200 2578 1316 2614 Gallis
1340 2577 1529 2614 adiunxis-

37 2631 105 2672 set,
119 2627 377 2663 Taum-edum
366 2629 485 2673 1psius
498 2633 537 2665 et
553 2629 768 2675 sumptibus
782 2632 821 2663 et
837 2627 1029 2663 laboribus
1052 2627 1209 2672 perfrui.
1245 2627 1301 2662 ita
1319 2627 1529 2672 peroranti·

40 2675 112 2711 bus
123 2676 363 2721 imperatoris
385 2676 518 2723 legatis
539 2677 704 2713 furiosus
728 2676 790 2712 ille
815 2688 859 2712 ac
883 2675 1069 2711 fanaticus
1081 2675 1273 2719 barbarus,
1287 2676 1353 2721 qui
1368 2687 1415 2710 ne
1431 2687 1529 2710 sum-

42 2725 114 2759 mis
128 2723 281 2770 quidem
305 2725 459 2761 auribus
477 2727 675 2762 veritatem
705 2725 887 2760 orationis
900 2724 1184 2770 legatorumque
1209 2723 1424 2759 libertatem
1450 2724 1532 2769 pati

38 2776 175 2818 posset,
198 2773 376 2818 vanitate,
399 2777 444 2809 ut
469 2785 561 2819 gens
578 2776 657 2809 eius
685 2773 831 2817 assolet,
856 2771 1005 2807 efflatus
1029 2783 1143 2818 supra
1165 2775 1268 2807 astra
1292 2783 1331 2807 se
1353 2772 1530 2807 thronum

38 2832 146 2855 auum
171 2820 381 2856 locaturum
405 2826 446 2858 et
484 2822 613 2858 bastae
651 2821 805 2867 cuspide
831 2821 1056 2866 Babylonios
1101 2831 1228 2855 muros
1265 2832 1528 2865 percussurum

38 2867 204 2905 iactavit.
254 2869 491 2915 gloriabatur
530 2872 646 2906 etiam
687 2869 947 2916 grandiloquis
993 2869 1119 2904 verbis
1156 2880 1224 2903 sna
1264 2869 1446 2914 potentia,
1469 2868 1530 2903 cui

0 2937 1 2956 ἕ
39 2917 136 2953 nihil
160 2920 345 2953 terrorem
369 2919 509 2954 inicere
533 2922 600 2954 aut
621 2919 793 2954 resistere
818 2920 961 2964 posset;
986 2928 1054 2952 nec
1077 2928 1116 2952 ae
1141 2917 1217 2952 ullo
1243 2916 1354 2952 modo
1383 2916 1430 2952 de
1455 2917 1530 2951 An·
