1734 3120
478 210 741 245 ALEXIADIS
769 210 865 245 LIB.
892 211 971 245 XV.
1004 208 1041 245 6.
1434 208 1512 249 341

33 341 115 382 σης
143 323 310 380 εἶχετο·
340 320 576 382 ἅπείργετο
624 325 672 369 δὲ
717 323 838 381 παρὰ
882 328 961 369 τοῦ
992 329 1353 385 σινεφεπομὲνοι·
1398 324 1559 388 αιῗτιῇΒ

33 393 222 448 Πουχέα,
256 389 307 446 ὃς
339 395 402 451 τῷ
432 394 556 450 μέρει
585 396 665 437 τοῦ
697 393 891 437 Μασούτ
928 391 1066 438 πάλαι
1106 396 1425 451 προσκείμενος
1454 400 1518 455 τῷ

31 463 285 520 φαινομένῳ
317 462 479 521 φιλίως
511 463 575 520 τῷ
608 460 772 506 Haradu
804 463 1111 520 προσεφέρετο
1151 461 1207 507 τὰ
1238 462 1381 522 λῴονα
1410 463 1518 520 τάχα

32 527 380 586 ὑποτιθέμενος·
427 533 481 590 τῇ
525 531 563 574 δ’
595 525 786 588 ἀληθείᾳ
814 527 958 586 πάγας
987 526 1105 589 αὐτῷ
1151 554 1176 576 κ
1221 534 1291 576 καὶ
1321 530 1519 588 βόθυνον

0 596 231 655 moira-m
261 596 541 654 ξυνεβούλευε
585 596 645 656 μὴ
690 596 806 654 πρὸς
851 596 932 642 τόν
973 601 1155 654 βασιλέα
1186 602 1515 659 παλινοστῆσαι,

28 663 122 711 ἀλλ’
155 666 220 720 εἰς
251 665 304 712 τό
343 664 557 724 Τυράγιον
578 664 802 711 εἰσελθεῖν
829 664 988 723 μικρὸν
1017 671 1094 726 τῆς
1133 667 1239 713 ὁδοῦ
1283 672 1517 726 παρεκκλί-

30 753 173 780 ναντα.
234 736 462 791 πολίχνιον
493 736 541 780 δὲ
572 738 705 780 τοῦτο
739 734 913 793 ἔγγιστα
941 739 1021 780 τοῦ
1057 738 1326 795 Φιλομηλιόυ
1356 739 1518 782 διακεί-

29 821 175 860 μενον.
235 805 446 848 πείθεται
476 807 573 856 τοῖς
606 806 686 848 τοῦ
718 804 897 859 Πουχέα
938 801 1085 861 λόγοις
1114 803 1139 849 ὁ
1166 804 1331 850 Σαῖσὰν
1360 804 1518 866 νήπιος

30 874 99 917 καὶ
130 871 387 928 καταλαβών
414 872 467 917 τὸ
505 871 719 930 Τιψράγιον
763 875 1000 930 προσηνῶς
1041 871 1164 930 παρά
1204 875 1294 917 τῶν
1323 875 1518 919 ἐποίκων

0 939 254 998 ῡῬωμαίων
282 942 443 999 ἐδέχθη
465 938 770 999 γινωσκόντων
799 940 882 999 τήν
911 940 1028 998 πρὸς
1049 937 1183 986 αὐτὸν
1203 945 1282 986 τοῦ
1300 943 1517 998 βασιλέως

32 1006 268 1067 εὐμένειαν.
328 1007 649 1066 καταλαβόντες
686 1010 734 1054 δὲ
769 1007 811 1054 οἱ
842 1006 1056 1066 βάρβαροι
1095 1012 1166 1054 καὶ
1195 1007 1328 1064 αὗτὸς
1358 1009 1383 1054 ὃ
1414 1012 1558 1054 Moe-C

30 1077 140 1123 σοὺτ
184 1076 507 1136 περιζώσαντες
561 1076 766 1135 γὺρωθεν
814 1075 869 1121 τὰ
915 1078 1035 1136 τείχη
1091 1078 1205 1136 πρὸς
1257 1080 1518 1136 πολιορκίαν

28 1142 255 1192 ἅπένευον.
313 1145 338 1191 ὃ
369 1147 418 1192 δὲ
448 1143 695 1205 προκύψας
724 1141 904 1191 ἒίνωθεν
931 1144 1132 1204 μεγάλως
1163 1143 1391 1206 ἤπειλεῖτο
1421 1151 1518 1200 τοῖς

30 1213 277 1275 ὁμοφύλοις
305 1214 442 1261 αὐτοῦ
485 1213 727 1274 βαρβάροις
755 1212 862 1259 ὅσον
892 1209 975 1273 ἤδη
1010 1215 1146 1272 λέγων
1184 1212 1390 1271 δυνάμεις
1415 1213 1519 1259 Ῥω-

0 1282 189 1341 5μαϊκάς
216 1282 563 1342 καταλαμβάνειν
589 1281 750 1337 αὐτοὺς
791 1286 870 1327 τοῦ
901 1278 1228 1340 αὐτοκράτορος
1266 1284 1338 1328 καὶ
1381 1283 1422 1328 εὶ
1452 1282 1511 1342 μή

32 1348 275 1396 παύσονται
295 1353 374 1412 τῆς
400 1349 552 1410 μάχης,
585 1352 829 1396 πείσεσθαι
857 1348 969 1396 τόσα
989 1351 1060 1395 καὶ
1079 1348 1202 1397 τόσα.
1249 1346 1518 1396 ἀνθίσταντο

29 1419 78 1465 δὲ
107 1420 180 1464 καὶ
209 1418 251 1465 οἳ
283 1419 407 1474 ἑντός
433 1418 643 1477 Ῥωμαῖοι
660 1424 757 1473 τοῖς
782 1417 996 1477 Τούρκοις
1023 1420 1241 1477 γενναίως.
1274 1417 1299 1464 ὁ
1331 1420 1379 1464 δὲ
1395 1425 1517 1465 Που-

28 1489 130 1544 χέας
156 1487 236 1550 τὴν
265 1487 430 1548 σκηνήν
456 1486 741 1548 διαρρήγνυσι
770 1490 842 1534 καὶ
870 1487 949 1534 τὸν
975 1485 1281 1545 κρυπτόμενον
1315 1490 1368 1547 tf*
1406 1490 1518 1549 δορᾷ

31 1554 163 1601 λύκον
191 1556 256 1610 εἰς
287 1552 540 1617 τούμφανὲς
568 1555 786 1616 ἐξαγαγών
814 1554 985 1602 κάτεισι
1021 1559 1111 1601 τῶν
1153 1559 1311 1611 τειχῶν
1339 1559 1404 1615 τῷ
1435 1556 1516 1612 μὲν

0 1624 193 1671 ῠΣαϊσᾶν
232 1624 542 1683 ὑποσχόμενος
583 1630 805 1684 θαρσῦναι
843 1627 1009 1683 μᾶλλον
1044 1628 1149 1678 τοῦς
1177 1625 1398 1677 ἐποίκους,
1445 1625 1515 1684 ἐφ’

29 1685 66 1753 ᾧ
92 1693 394 1752 γενναιότερον
422 1691 742 1749 ἀνθίστασθαι,
765 1691 1090 1750 ἀπειλούμενος
1117 1694 1346 1749 δὲμᾶλλον
1366 1689 1562 1746 αὕτοῖςΙ)

28 1763 100 1807 καὶ
128 1760 437 1820 ξυμβουλεύων
466 1764 663 1809 ἐνδοῦναι
699 1764 772 1808 καὶ
811 1761 891 1816 τὰς
929 1759 1077 1815 πύλας
1109 1757 1383 1806 ἀναπετάσαι
1419 1764 1516 1814 τοῖς
1529 1766 1573 1803 V.
1598 1769 1669 1802 380

161 1908 196 1942 4.
221 1907 394 1943 lacunam
417 1907 574 1954 signavi.
721 1908 754 1944 6.
779 1910 813 1944 9.
845 1903 1030 1954 Τυράγιον
1055 1905 1095 1950 C,
1124 1900 1308 1950 Τυγιένιον
1331 1904 1374 1940 Ρ.
1460 1905 1516 1939 16.

163 1951 344 1990 παύσεται
370 1955 439 1994 CP.
463 1956 621 1992 correxi.
721 1953 962 2001 ἀνθίσταντο]
992 1967 1035 1990 or
1058 1953 1142 1990 add.
1167 1965 1215 1989 m.
1246 1953 1268 1988 2
1293 1952 1330 1988 C.
1456 1953 1515 1988 22.

161 2000 398 2044 ἀναπετάσας
422 2004 491 2049 ΟΡ,
516 2005 673 2041 correxi.
1456 2008 1461 2013 ’

29 2143 207 2187 flecteret,
231 2145 385 2180 arcebat
408 2144 586 2190 Pucheas,
610 2145 676 2191 qui
704 2157 789 2180 eum
814 2143 1068 2180 comitabatur
1099 2141 1237 2189 quique
1259 2139 1397 2176 Masuti
1432 2152 1516 2186 par-

28 2192 131 2228 tibus
162 2191 303 2228 iamdiu
336 2193 489 2229 studens
514 2194 717 2230 amicitiam
745 2191 888 2228 Saisani
917 2191 1115 2227 simulabat
1147 2188 1445 2235 consulendoque
1470 2188 1516 2231 ei,

29 2243 72 2276 ut
96 2240 305 2284 videbatur,
331 2241 485 2288 optima,
529 2254 571 2278 re
608 2254 697 2278 vera
727 2242 878 2288 laqueos
910 2240 1126 2285 foveamque
1160 2238 1318 2284 parabat
1346 2237 1517 2281 suadens,

29 2301 76 2324 ne
102 2288 150 2324 ad
175 2289 443 2336 imperatorem
482 2294 744 2335 reverteretur,
777 2289 840 2325 sed
868 2301 984 2335 parvo
1022 2286 1251 2323 deverticulo
1281 2284 1517 2340 facto-Tyra-

28 2338 133 2383 giam
165 2337 346 2384 oppidum
381 2338 482 2375 haud
517 2339 649 2385 procul
688 2351 710 2374 a
743 2337 963 2373 Philomelio
1002 2337 1116 2371 situm
1153 2335 1324 2370 intraret.
1389 2337 1518 2380 itaque

29 2385 158 2421 Saisan
194 2397 280 2422 cum
312 2387 446 2423 stolide
474 2387 694 2424 credidisset
718 2386 890 2422 Pucheae
923 2385 1086 2421 consiliis
1118 2382 1395 2429 Tyragiumque
1429 2393 1517 2428 pro-

29 2433 148 2470 fectus
182 2446 204 2470 a
236 2434 415 2471 Romanis
451 2436 506 2472 ibi
541 2436 799 2472 habitantibus
839 2433 1000 2479 benigne
1035 2436 1211 2477 exceptus
1243 2433 1347 2473 esset,
1386 2432 1519 2476 utpote
1567 2477 1572 2481 ῃ

29 2483 95 2529 qui
133 2482 373 2529 imperatoris
404 2496 494 2531 erga
528 2496 611 2520 eum
642 2482 940 2520 benevolentiam
976 2480 1247 2527 cognovissent,
1272 2478 1424 2533 barbari
1455 2477 1518 2513 ad-

28 2531 186 2567 veniunt
219 2543 304 2568 cum
335 2533 418 2578 ipso
444 2533 603 2576 Masuto,
639 2533 702 2579 qui
734 2531 867 2568 cinctis
903 2530 1020 2564 muris
1052 2528 1100 2563 ad
1135 2529 1454 2574 oppugnationem
1479 2537 1518 2562 se

29 2582 177 2625 parant.
226 2580 303 2615 iam
342 2580 405 2616 ille
442 2581 489 2617 de
524 2581 643 2617 muris
679 2580 886 2626 despiciens
922 2577 1159 2612 vehementer
1194 2574 1393 2622 populares
1433 2585 1518 2610 suos

28 2628 199 2673 increpat
229 2628 513 2677 denuntiatque,
548 2630 734 2666 Romanas
767 2628 893 2673 copias
931 2637 1004 2661 una
1029 2637 1113 2661 cum
1139 2625 1364 2670 imperatore
1387 2621 1519 2658 adfore

28 2676 197 2723 ideoque,
236 2677 310 2712 nisi
347 2690 475 2724 pugna
511 2678 746 2721 desisterent,
784 2678 951 2710 extrema
988 2685 1049 2709 eos
1091 2683 1263 2719 passuros
1302 2682 1390 2707 esse.
1451 2670 1518 2706 sed

30 2724 221 2770 Romanis,
258 2726 323 2772 qui
356 2726 397 2762 in
429 2727 522 2762 urbe
557 2730 684 2771 erant,
718 2724 868 2760 fortiter
902 2721 1138 2758 obstantibus
1172 2719 1341 2756 Pucheas
1374 2719 1516 2774 larvam

30 2773 141 2819 ponit
176 2773 429 2821 latentemque
465 2775 533 2811 sub
570 2774 665 2821 pelle
698 2774 828 2818 lupum
859 2773 1049 2806 ostentans
1084 2767 1276 2804 descendit
1307 2767 1355 2803 de
1388 2779 1517 2813 muris,

32 2824 224 2868 tamquam
258 2822 300 2867 si,
323 2826 368 2859 ut
392 2824 616 2871 promiserat
640 2821 794 2864 Saisani,
831 2819 989 2863 incolas,
1027 2829 1100 2864 quo
1126 2816 1264 2852 fortius
1287 2817 1516 2861 resisterent,

35 2868 252 2906 firmaturus
284 2874 397 2918 esset;
430 2884 472 2908 re
503 2883 591 2909 vera
626 2873 752 2906 autem
784 2868 904 2904 minas
943 2865 1170 2913 consiliaque
1195 2865 1358 2910 miscuit,
1391 2867 1435 2901 ut
1459 2875 1516 2903 ce·
