1812 3184
288 210 341 250 72
796 214 962 249 ANNAE
993 213 1260 249 COMNENAE

287 329 444 391 ζούσης
467 329 630 392 ἡμέρας
650 329 874 387 ὄπλίζεται
895 330 969 373 καὶ
997 329 1188 374 πανσυδὶ
1207 326 1291 387 τήν
1312 327 1399 385 ἔξω
1419 331 1579 386 τειχῶν
1597 331 1784 386 Νικαίας

241 398 481 446 Βπεδιάδα
511 400 778 461 κατειλήφει.
838 399 910 442 καὶ
942 395 983 443 οἳ
1015 397 1183 442 Κελτοὶ
1212 395 1482 455 αἰσθόμενοι
1511 401 1593 458 τῆς
1616 397 1782 444 τούτου

286 469 533 526 παρουσίας
575 471 797 526 καρτερῶς
840 464 1133 523 ὁπλισάμενοι
1177 467 1433 524 καθαπερεὶ
1475 467 1651 522 λε’-οντες
1690 469 1783 513 κατ’

286 534 431 583 αὐτῶν
471 539 623 583 ἵενται.
693 538 765 581 καὶ
804 533 1092 595 συρρήγνυται
1132 539 1369 594 τηνικαῦτα
1410 533 1612 594 πόλεμος
1646 536 1784 595 βαρῦς

287 608 359 651 καὶ
380 607 534 660 δεινός.
586 606 631 650 ἐν
658 602 734 665 ἷσῃ
753 606 800 650 δὲ
829 605 966 664 μοίρᾳ
991 607 1070 662 τῆς
1097 601 1238 662 μάχης
1257 599 1532 664 ἆμφοτέροις
1551 603 1812 666 ἱσταμένηςὲ

287 679 385 729 τοῖς
413 675 566 733 μέρεσι
594 676 648 719 δι’
681 672 785 732 ὅλης
817 671 991 734 ἡμέρας,
1024 673 1124 717 ἐπεὶ
1156 670 1180 717 ὃ
1210 670 1334 734 ἥλιος
1364 674 1442 719 ἐπὶ
1469 675 1635 734 κνέφας
1654 667 1780 737 ἦλθε,

286 746 525 802 τρέπονται
571 741 613 788 οἳ
649 747 839 800 Τοῢρκοι
881 746 963 801 τῆς
993 740 1148 796 νυκτὸς
1185 738 1340 797 αὐτοῖς
1380 742 1666 804 διαιτησάσης
1705 744 1785 804 τήν

288 811 440 872 μάχην.
500 813 718 858 πίπτουσι
750 812 831 869 μὲν
862 804 939 856 οὖν
978 812 1027 867 ἐξ
1054 810 1273 869 ἑκατέρων
1313 813 1480 858 πολλοί
1521 814 1786 870 [κτείνονται

134 895 174 931 P.
203 896 272 931 311
289 883 337 927 δὲ
368 878 448 938 οὐχ
477 879 684 941 ἥττονες],
717 879 1035 938 τιτρώσκονται
1063 880 1112 925 δὲ
1143 878 1185 926 οἱ
1218 882 1418 935 πλείους.
1474 882 1548 926 καὶ
1578 880 1787 939 λαμπρὰν

287 950 367 1010 τὴν
394 952 515 1009 νίκην
544 946 756 1008 ἆράμενοι
789 948 828 994 οἳ
863 950 1040 1003 Κελτοί,
1072 951 1254 994 πολλῶν
1282 951 1331 995 δὲ
1359 951 1434 995 καὶ
1464 950 1660 1011 κεφαλὰς
1689 955 1812 1006 τοῖς]

287 1017 441 1076 δόρασι
458 1018 798 1076 περιπείραντες
819 1019 1128 1075 ἐπανέρχονται
1147 1020 1401 1077 καθαπερεὶ
1418 1021 1606 1079 σημαίας
1620 1018 1787 1074 ταύτας

287 1089 511 1148 φέροντες,
544 1087 598 1131 ἵν’
633 1085 750 1131 οὕτω
781 1085 1029 1144 πόρρωθεν
1058 1086 1110 1133 τὸ
1144 1086 1325 1146 γεγονὸς
1345 1086 1596 1146 διαγνόντες
1617 1086 1658 1134 οἱ
1679 1087 1787 1146 βάρ-

288 1160 420 1213 βαροι
448 1157 522 1200 καὶ
550 1156 628 1216 τὴν
659 1157 706 1200 ἐκ
746 1153 929 1214 πρώτης
959 1157 1171 1213 βαλβίδος
1205 1148 1339 1217 ἧτταν
1380 1155 1680 1211 δειλιάσαντες
1709 1161 1787 1220 τῆς

288 1223 501 1270 συντόνου
530 1222 669 1283 μάχης
697 1220 1044 1283 ἀποστήσονται.
1103 1229 1287 1271 τοιαῦτα
1315 1227 1397 1283 μὲν
1427 1218 1505 1272 οὖν
1529 1223 1572 1272 οἱ
1592 1230 1786 1272 Λατῖνοι

287 1293 545 1350 πεπράχασί
575 1311 624 1338 τε
654 1295 726 1338 καὶ
754 1295 1067 1352 διελογίσαντο.
1118 1292 1141 1339 ὁ
1168 1296 1216 1340 δὲ
1251 1293 1494 1350 σουλτάνος
1528 1293 1583 1340 τὰ
1622 1290 1812 1353 ἄπειρα]

287 1359 458 1406 τούτων
490 1359 769 1418 θεασάμενος
810 1359 967 1423 πλήθη
1010 1364 1082 1407 καὶ
1114 1362 1194 1422 τὴν
1238 1359 1492 1409 α’κάθεκτον
1530 1362 1699 1421 τόλμαν
1741 1364 1791 1420 ἐξ

290 1426 422 1488 αὐτῆς
452 1432 708 1491 προσβολῆς
741 1429 943 1488 ἐγνωκώς
973 1436 1071 1485 τοῖς
1112 1430 1237 1486 ἐντός
1269 1433 1456 1487 Νικαίας
1490 1431 1707 1491 Τούρκοις
1735 1430 1787 1477 τὸ

292 1496 523 1556 ἐνδόσιμον
542 1500 698 1544 δίδωσι
733 1497 988 1556 ι’πράσσετε
1010 1504 1089 1545 τοῦ
1119 1502 1314 1546 λοιποῦ”
1343 1502 1482 1561 λέγων
1513 1506 1651 1556 ι(πᾶν,
1674 1499 1788 1559 ὅπερ

250 1569 465 1623 Ββέλτιον
491 1568 705 1624 κρίνετε”.
755 1563 851 1630 ιἤδει
880 1568 959 1627 γὰρ
992 1571 1086 1630 ,πρὸ
1116 1574 1274 1628 καιροῦ
1315 1574 1379 1630 τῷ
1413 1573 1590 1628 βασιλεῖ
1621 1572 1790 1628 μᾶλλον

290 1638 671 1694 προαιρουμένους
701 1640 976 1695 παραδοῦναι
1004 1638 1083 1699 τὴν
1112 1637 1247 1684 πόλιν
1278 1637 1305 1699 ἢ
1333 1638 1458 1697 παρὰ
1486 1643 1577 1684 τῶν
1605 1641 1812 1688 Κελτῶνς

290 1702 467 1749 ἁλῶναι.
523 1703 546 1749 ὁ
577 1706 626 1750 δέ
645 1723 691 1764 γε
712 1702 948 1765 Ἰσαγγέλης
985 1710 1064 1752 τοῦ
1092 1710 1389 1766 προκειμένου
1420 1707 1630 1766 ἐχόμενος
1658 1707 1788 1767 ἔργου

425 1832 458 1866 4.
485 1828 597 1877 βαρὺς
622 1834 683 1867 καὶ
709 1829 830 1873 δεινός
854 1833 896 1878 F,
926 1833 1047 1873 δεινὸς
1071 1837 1134 1870 καὶ
1162 1833 1276 1882 βαρύς
1302 1834 1342 1871 Ρ.
1530 1837 1564 1872 6.
1589 1837 1723 1882 μέρεσι
1745 1834 1790 1878 F,

424 1881 581 1926 μέρεσιν
595 1879 635 1915 Ρ.
817 1882 865 1917 ‹5'1’
891 1879 976 1927 ὅλης
1003 1882 1146 1930 ἡμέρας
1171 1896 1243 1920 om.
1258 1883 1295 1921 C.
1509 1886 1542 1920 7.
1569 1880 1692 1923 αὐτοῖς
1716 1883 1789 1929 FC,

427 1924 535 1972 αὐτῆς
560 1928 600 1964 Ρ.
798 1928 1050 1976 διαστησάσης
1079 1932 1119 1969 C.
1373 1934 1408 1969 8.
1435 1945 1489 1980 sq.
1516 1936 1717 1969 κτείνονται
1746 1933 1790 1968 δὲ

428 1972 499 2024 οὐχ
523 1974 667 2021 ἥττονες
693 1978 835 2015 seclusi.
986 1983 1042 2017 10.
1072 1979 1134 2017 καὶ
1158 1993 1231 2018 om.
1259 1982 1296 2019 C.
1474 1984 1529 2018 14.
1555 1977 1791 2026 ἀποστήσον-

426 2039 484 2060 ται
503 2026 546 2071 F,
570 2023 852 2072 ἀποστήσωνται
867 2029 908 2065 P.
1060 2032 1115 2067 18.
1142 2028 1236 2077 ὅπερ
1250 2031 1329 2074 FA,
1357 2027 1410 2066 ὅτι
1428 2030 1469 2066 Ρ.
1630 2032 1687 2067 19.
1715 2043 1792 2065 και-

426 2075 493 2121 ροῦ
519 2074 562 2119 F,
590 2076 728 2111 πολλοῦ
740 2076 780 2113 P.
880 2079 938 2114 20.
965 2083 1282 2128 προαιρουμένους
1306 2080 1350 2126 F,
1378 2082 1725 2128 προσαιρουμένους
1749 2079 1790 2115 Ρ.

292 2197 456 2233 maximo
493 2199 637 2244 impetu
676 2200 871 2246 planitiem
912 2202 1070 2239 Nicaeae
1112 2204 1366 2241 suburbanam
1405 2206 1575 2250 occupat.
1638 2204 1791 2250 cognito

292 2245 481 2281 sultanum
508 2247 631 2292 ipsum
660 2249 785 2284 adesse
824 2250 921 2286 Galli
961 2252 1056 2288 bene
1094 2253 1233 2289 armati
1267 2253 1420 2289 leonum
1452 2253 1573 2288 instar
1613 2252 1791 2288 adversus

293 2293 432 2330 Turcas
460 2295 630 2332 involant
665 2297 968 2345 collidunturque
1003 2302 1099 2337 acies
1132 2302 1241 2348 gravi
1266 2306 1305 2338 et
1331 2302 1453 2338 atroci
1492 2301 1649 2347 proelio,
1690 2301 1791 2347 quod

293 2343 376 2387 pari
401 2344 594 2390 utrimque
619 2345 773 2382 fortuna
797 2351 877 2383 toto
904 2349 982 2384 fere
1007 2349 1069 2385 die
1094 2351 1278 2387 constitit.
1323 2351 1395 2386 sub
1421 2350 1511 2387 solis
1535 2353 1662 2386 tamen
1689 2361 1791 2386 occa-

293 2402 372 2425 sum
400 2391 580 2438 fugantur
605 2393 747 2430 Turcae
781 2400 893 2432 nocte
918 2398 1104 2443 proelium
1129 2399 1352 2445 dirimente3
1386 2399 1571 2445 multique
1607 2410 1652 2435 ex
1678 2400 1792 2434 utris-

295 2451 365 2485 que
390 2440 530 2476 cadunt
570 2441 652 2488 [nec
686 2445 880 2489 pauciore-s
913 2447 1180 2494 trucidantur],
1221 2448 1392 2495 plerique
1428 2448 1687 2484 vulnerantur.
1738 2447 1791 2483 sic

295 2488 511 2543 splendidae
536 2491 716 2527 victoriae
741 2498 934 2539 compotes
960 2495 1057 2531 Galli
1086 2497 1126 2531 in
1161 2501 1284 2533 castra
1309 2500 1554 2533 revertuntur
1583 2497 1791 2532 multorum

295 2539 422 2582 caplta
438 2537 562 2592 ‘hastis
588 2539 703 2576 infixa
727 2542 830 2577 velut
856 2543 962 2589 signa
988 2544 1168 2587 ferentes,·
1191 2549 1235 2581 ut
1260 2558 1340 2582 rem
1369 2546 1502 2592 procul
1519 2546 1791 2592 conspicientes

293 2585 448 2641 barbari
474 2588 693 2634 primaeque
731 2593 1006 2637 congressionis
1033 2594 1137 2630 clade
1173 2596 1388 2640 perturbati
1425 2595 1642 2631 certaminis
1674 2594 1790 2640 perti-

292 2645 438 2669 naciam
464 2636 712 2674 remitterent.
751 2639 842 2675 talia·
868 2641 988 2686 igitur
1013 2642 1140 2678 Latini
1166 2647 1204 2679 et
1229 2646 1425 2690 gesserunt
1450 2646 1488 2679 et
1513 2643 1789 2689 excogitarunt.

294 2685 334 2717 at
360 2683 527 2718 sultanus
567 2685 878 2724 innumerabilem
920 2702 1048 2726 eorum
1088 2692 1373 2728 multitudinem
1405 2692 1643 2738 conspicatus
1675 2691 1789 2727 invic-

291 2733 445 2786 tamque
491 2733 681 2769 audaciam
729 2737 768 2771 in
817 2749 1017 2784 congressu
1063 2744 1240 2785 expertus
1285 2741 1462 2777 Nicaeam
1501 2740 1789 2776 defendentibus

293 2778 424 2815 Turcis
450 2780 550 2816 hunc
574 2784 749 2819 nuntium
775 2787 895 2822 misit:
934 2787 1071 2832 “Agite
1104 2788 1241 2826 dehinc
1264 2793 1353 2825 utut
1378 2790 1485 2826 vobis
1511 2790 1697 2836 optimum
1736 2788 1789 2825 vi-

294 2828 441 2863 detur.”
511 2833 592 2865 erat
633 2833 729 2868 enim
765 2834 839 2869 iam
877 2835 943 2870 diu
976 2837 1010 2871 ei
1049 2839 1255 2884 cognitum,
1299 2839 1524 2885 imperatori
1559 2850 1621 2874 eos
1657 2838 1789 2874 urbem

295 2876 444 2912 tradere
484 2889 597 2923 quam
623 2891 644 2914 a
670 2880 786 2917 Gallis
815 2884 899 2930 capi
929 2884 1050 2921 malle.
1100 2890 1267 2923 ceterum
1305 2887 1493 2934 Isangeles
1532 2887 1677 2923 instans
1714 2897 1790 2922 sus-
