<?xml version="1.0" encoding="UTF-8"?>
<!DOCTYPE html PUBLIC "-//W3C//DTD XHTML 1.0 Transitional//EN"
    "http://www.w3.org/TR/xhtml1/DTD/xhtml1-transitional.dtd">
<html xmlns="http://www.w3.org/1999/xhtml" xml:lang="en" lang="en">
 <head>
  <title>
</title>
<meta http-equiv="Content-Type" content="text/html;charset=utf-8" />
  <meta name='ocr-system' content='tesseract 3.04.00' />
  <meta name='ocr-capabilities' content='ocr_page ocr_carea ocr_par ocr_line ocrx_word'/>
</head>
<body>
  <div class='ocr_page' id='page_1' title='image "./corpusscriptorum03niebuoft/corpusscriptorum03niebuoft_0520.png"; bbox 0 0 1806 3132; ppageno 0'>
   <div class='ocr_carea' id='block_1_1' title="bbox 292 197 1263 246">
    <p class='ocr_par' dir='ltr' id='par_1_1' title="bbox 292 197 1263 246">
     <span class='ocr_line' id='line_1_1' title="bbox 292 197 1263 246; baseline 0.004 -4"><span class='ocrx_word' id='word_1_1' title='bbox 292 197 376 242; x_wconf 86' lang='lat'>502</span> <span class='ocrx_word' id='word_1_2' title='bbox 812 208 991 245; x_wconf 77' lang='lat' dir='ltr'>cARom</span> <span class='ocrx_word' id='word_1_3' title='bbox 1022 208 1263 246; x_wconf 80' lang='lat' dir='ltr'><strong>DUGANGII</strong></span> 
     </span>
    </p>
   </div>
   <div class='ocr_carea' id='block_1_2' title="bbox 287 323 1784 950">
    <p class='ocr_par' dir='ltr' id='par_1_2' title="bbox 287 323 1784 950">
     <span class='ocr_line' id='line_1_2' title="bbox 291 323 1783 380; baseline 0.003 -13"><span class='ocrx_word' id='word_1_4' title='bbox 291 324 401 367; x_wconf 90' lang='lat' dir='ltr'>unde</span> <span class='ocrx_word' id='word_1_5' title='bbox 427 323 599 380; x_wconf 90' lang='lat' dir='ltr'>Drinus,</span> <span class='ocrx_word' id='word_1_6' title='bbox 628 337 701 368; x_wconf 86' lang='lat' dir='ltr'>seu</span> <span class='ocrx_word' id='word_1_7' title='bbox 721 324 910 380; x_wconf 81' lang='lat' dir='ltr'>Drymou</span> <span class='ocrx_word' id='word_1_8' title='bbox 930 325 1265 380; x_wconf 71' lang='lat' dir='ltr'>Septentrionem</span> <span class='ocrx_word' id='word_1_9' title='bbox 1296 339 1438 370; x_wconf 86' lang='lat' dir='ltr'>versus</span> <span class='ocrx_word' id='word_1_10' title='bbox 1468 326 1615 379; x_wconf 89' lang='lat' dir='ltr'>effluit,</span> <span class='ocrx_word' id='word_1_11' title='bbox 1643 326 1692 370; x_wconf 90' lang='lat' dir='ltr'>ut</span> <span class='ocrx_word' id='word_1_12' title='bbox 1721 327 1783 371; x_wconf 86' lang='lat' dir='ltr'>est</span> 
     </span>
     <span class='ocr_line' id='line_1_3' title="bbox 290 381 1783 439; baseline 0.001 -15"><span class='ocrx_word' id='word_1_13' title='bbox 290 381 403 436; x_wconf 88' lang='lat' dir='ltr'>apud</span> <span class='ocrx_word' id='word_1_14' title='bbox 432 381 714 436; x_wconf 85' lang='lat' dir='ltr'>Nicephorum</span> <span class='ocrx_word' id='word_1_15' title='bbox 754 381 861 425; x_wconf 84' lang='lat' dir='ltr'>Call.</span> <span class='ocrx_word' id='word_1_16' title='bbox 891 382 963 425; x_wconf 90' lang='lat' dir='ltr'>lib.</span> <span class='ocrx_word' id='word_1_17' title='bbox 989 383 1054 426; x_wconf 90' lang='lat'>17.</span> <span class='ocrx_word' id='word_1_18' title='bbox 1087 395 1174 438; x_wconf 88' lang='lat' dir='ltr'>cap.</span> <span class='ocrx_word' id='word_1_19' title='bbox 1199 384 1266 426; x_wconf 83' lang='lat'>28.</span> <span class='ocrx_word' id='word_1_20' title='bbox 1310 383 1411 427; x_wconf 91' lang='lat' dir='ltr'>olim</span> <span class='ocrx_word' id='word_1_21' title='bbox 1443 383 1695 439; x_wconf 84' lang='lat' dir='ltr'>Lychnidus,</span> <span class='ocrx_word' id='word_1_22' title='bbox 1737 384 1783 427; x_wconf 89' lang='lat' dir='ltr'>ut</span> 
     </span>
     <span class='ocr_line' id='line_1_4' title="bbox 291 438 1782 494; baseline 0.003 -14"><span class='ocrx_word' id='word_1_23' title='bbox 291 438 465 493; x_wconf 86' lang='lat' dir='ltr'>quidam</span> <span class='ocrx_word' id='word_1_24' title='bbox 505 438 671 494; x_wconf 88' lang='lat' dir='ltr'>putant,</span> <span class='ocrx_word' id='word_1_25' title='bbox 716 439 860 493; x_wconf 86' lang='lat' dir='ltr'>postea</span> <span class='ocrx_word' id='word_1_26' title='bbox 904 439 1125 492; x_wconf 87' lang='lat' dir='ltr'>Bederina,</span> <span class='ocrx_word' id='word_1_27' title='bbox 1170 439 1336 483; x_wconf 86' lang='lat' dir='ltr'>demum</span> <span class='ocrx_word' id='word_1_28' title='bbox 1367 440 1516 484; x_wconf 83' lang='lat' dir='ltr'>Prima</span> <span class='ocrx_word' id='word_1_29' title='bbox 1546 441 1782 484; x_wconf 72' lang='lat' dir='ltr'>Iustiniana</span> 
     </span>
     <span class='ocr_line' id='line_1_5' title="bbox 291 495 1784 552; baseline 0.001 -14"><span class='ocrx_word' id='word_1_30' title='bbox 291 495 404 538; x_wconf 84' lang='lat' dir='ltr'>dicta</span> <span class='ocrx_word' id='word_1_31' title='bbox 433 495 496 538; x_wconf 87' lang='lat' dir='ltr'>est</span> <span class='ocrx_word' id='word_1_32' title='bbox 525 509 550 538; x_wconf 91' lang='lat' dir='ltr'>a</span> <span class='ocrx_word' id='word_1_33' title='bbox 581 495 832 548; x_wconf 89' lang='lat' dir='ltr'>Iustiniano,</span> <span class='ocrx_word' id='word_1_34' title='bbox 862 496 929 538; x_wconf 92' lang='lat' dir='ltr'>cui</span> <span class='ocrx_word' id='word_1_35' title='bbox 960 509 1007 539; x_wconf 84' lang='lat' dir='ltr'>ea</span> <span class='ocrx_word' id='word_1_36' title='bbox 1035 496 1191 539; x_wconf 82' lang='lat' dir='ltr'>natalis</span> <span class='ocrx_word' id='word_1_37' title='bbox 1221 497 1316 548; x_wconf 90' lang='lat' dir='ltr'>fuit,</span> <span class='ocrx_word' id='word_1_38' title='bbox 1346 510 1371 540; x_wconf 92' lang='lat' dir='ltr'>a</span> <span class='ocrx_word' id='word_1_39' title='bbox 1393 509 1474 552; x_wconf 88' lang='lat' dir='ltr'>quo</span> <span class='ocrx_word' id='word_1_40' title='bbox 1500 497 1629 540; x_wconf 84' lang='lat' dir='ltr'>etiam</span> <span class='ocrx_word' id='word_1_41' title='bbox 1650 498 1784 540; x_wconf 86' lang='lat' dir='ltr'>maxi-</span> 
     </span>
     <span class='ocr_line' id='line_1_6' title="bbox 290 552 1780 609; baseline 0.002 -15"><span class='ocrx_word' id='word_1_42' title='bbox 290 552 371 595; x_wconf 92' lang='lat' dir='ltr'>mis</span> <span class='ocrx_word' id='word_1_43' title='bbox 401 552 558 595; x_wconf 88' lang='lat' dir='ltr'>donata</span> <span class='ocrx_word' id='word_1_44' title='bbox 601 552 663 595; x_wconf 88' lang='lat' dir='ltr'>est</span> <span class='ocrx_word' id='word_1_45' title='bbox 692 552 948 608; x_wconf 87' lang='lat' dir='ltr'>privilegiis:</span> <span class='ocrx_word' id='word_1_46' title='bbox 994 566 1251 608; x_wconf 88' lang='lat' dir='ltr'>quamquam</span> <span class='ocrx_word' id='word_1_47' title='bbox 1282 554 1511 609; x_wconf 80' lang='lat' dir='ltr'>Procopius</span> <span class='ocrx_word' id='word_1_48' title='bbox 1549 554 1594 596; x_wconf 91' lang='lat' dir='ltr'>in</span> <span class='ocrx_word' id='word_1_49' title='bbox 1624 554 1780 597; x_wconf 87' lang='lat' dir='ltr'>Anecd.</span> 
     </span>
     <span class='ocr_line' id='line_1_7' title="bbox 290 609 1781 664; baseline 0.001 -13"><span class='ocrx_word' id='word_1_50' title='bbox 290 609 552 664; x_wconf 83' lang='lat' dir='ltr'>Lychnidum</span> <span class='ocrx_word' id='word_1_51' title='bbox 584 622 608 651; x_wconf 93' lang='lat' dir='ltr'>a</span> <span class='ocrx_word' id='word_1_52' title='bbox 628 609 835 652; x_wconf 86' lang='lat' dir='ltr'>Bederina</span> <span class='ocrx_word' id='word_1_53' title='bbox 865 609 1032 652; x_wconf 85' lang='lat' dir='ltr'>videtur</span> <span class='ocrx_word' id='word_1_54' title='bbox 1062 609 1333 664; x_wconf 71' lang='lat' dir='ltr'>distinguere.</span> <span class='ocrx_word' id='word_1_55' title='bbox 1381 611 1599 654; x_wconf 87' lang='lat' dir='ltr'>Postremo</span> <span class='ocrx_word' id='word_1_56' title='bbox 1617 611 1781 663; x_wconf 87' lang='lat' dir='ltr'>Achris,</span> 
     </span>
     <span class='ocr_line' id='line_1_8' title="bbox 290 666 1781 722; baseline 0.001 -14"><span class='ocrx_word' id='word_1_57' title='bbox 290 666 491 718; x_wconf 86' lang='lat' dir='ltr'>Achrida,</span> <span class='ocrx_word' id='word_1_58' title='bbox 522 678 593 708; x_wconf 88' lang='lat' dir='ltr'>seu</span> <span class='ocrx_word' id='word_1_59' title='bbox 624 666 672 707; x_wconf 89' lang='lat' dir='ltr'>ut</span> <span class='ocrx_word' id='word_1_60' title='bbox 702 666 828 709; x_wconf 88' lang='lat' dir='ltr'>habet</span> <span class='ocrx_word' id='word_1_61' title='bbox 849 666 1001 721; x_wconf 86' lang='lat' dir='ltr'>Tyrius</span> <span class='ocrx_word' id='word_1_62' title='bbox 1029 667 1102 710; x_wconf 85' lang='lat' dir='ltr'>lib.</span> <span class='ocrx_word' id='word_1_63' title='bbox 1125 668 1191 710; x_wconf 84' lang='lat'>20.</span> <span class='ocrx_word' id='word_1_64' title='bbox 1225 680 1314 722; x_wconf 88' lang='lat' dir='ltr'>cap.</span> <span class='ocrx_word' id='word_1_65' title='bbox 1337 668 1377 710; x_wconf 82' lang='lat'>2.</span> <span class='ocrx_word' id='word_1_66' title='bbox 1409 667 1587 720; x_wconf 89' lang='lat' dir='ltr'>Acreda,</span> <span class='ocrx_word' id='word_1_67' title='bbox 1619 680 1781 710; x_wconf 91' lang='lat' dir='ltr'>nuncu-</span> 
     </span>
     <span class='ocr_line' id='line_1_9' title="bbox 288 722 1782 779; baseline 0 -13"><span class='ocrx_word' id='word_1_68' title='bbox 288 723 390 777; x_wconf 87' lang='lat' dir='ltr'>pata</span> <span class='ocrx_word' id='word_1_69' title='bbox 423 723 498 774; x_wconf 88' lang='lat' dir='ltr'>est,</span> <span class='ocrx_word' id='word_1_70' title='bbox 531 736 555 765; x_wconf 90' lang='lat' dir='ltr'>a</span> <span class='ocrx_word' id='word_1_71' title='bbox 585 722 729 765; x_wconf 91' lang='lat' dir='ltr'>Mocro</span> <span class='ocrx_word' id='word_1_72' title='bbox 750 723 1035 778; x_wconf 89' lang='lat' dir='ltr'>Bulgarorum</span> <span class='ocrx_word' id='word_1_73' title='bbox 1055 724 1170 778; x_wconf 82' lang='lat' dir='ltr'>Rege</span> <span class='ocrx_word' id='word_1_74' title='bbox 1198 725 1307 767; x_wconf 90' lang='lat' dir='ltr'>hanc</span> <span class='ocrx_word' id='word_1_75' title='bbox 1336 725 1663 779; x_wconf 73' lang='lat' dir='ltr'>appellationem</span> <span class='ocrx_word' id='word_1_76' title='bbox 1693 738 1782 767; x_wconf 88' lang='lat' dir='ltr'>sor-</span> 
     </span>
     <span class='ocr_line' id='line_1_10' title="bbox 287 779 1782 836; baseline 0.001 -14"><span class='ocrx_word' id='word_1_77' title='bbox 287 779 383 832; x_wconf 80' lang='lat' dir='ltr'>tita,</span> <span class='ocrx_word' id='word_1_78' title='bbox 405 779 470 822; x_wconf 89' lang='lat' dir='ltr'>uti</span> <span class='ocrx_word' id='word_1_79' title='bbox 490 779 616 822; x_wconf 91' lang='lat' dir='ltr'>Anna</span> <span class='ocrx_word' id='word_1_80' title='bbox 636 779 778 822; x_wconf 89' lang='lat' dir='ltr'>innuit</span> <span class='ocrx_word' id='word_1_81' title='bbox 798 780 871 823; x_wconf 91' lang='lat' dir='ltr'>lib.</span> <span class='ocrx_word' id='word_1_82' title='bbox 898 781 962 823; x_wconf 83' lang='lat'>12.</span> <span class='ocrx_word' id='word_1_83' title='bbox 993 793 1087 835; x_wconf 88' lang='lat' dir='ltr'>pag.</span> <span class='ocrx_word' id='word_1_84' title='bbox 1112 781 1208 824; x_wconf 88' lang='lat'>371.</span> <span class='ocrx_word' id='word_1_85' title='bbox 1260 781 1322 824; x_wconf 93' lang='lat' dir='ltr'>De</span> <span class='ocrx_word' id='word_1_86' title='bbox 1342 781 1528 824; x_wconf 91' lang='lat' dir='ltr'>Achride</span> <span class='ocrx_word' id='word_1_87' title='bbox 1551 782 1592 824; x_wconf 90' lang='lat' dir='ltr'>et</span> <span class='ocrx_word' id='word_1_88' title='bbox 1613 782 1782 836; x_wconf 87' lang='lat' dir='ltr'>privile-</span> 
     </span>
     <span class='ocr_line' id='line_1_11' title="bbox 288 835 1780 893; baseline 0.001 -15"><span class='ocrx_word' id='word_1_89' title='bbox 288 836 370 891; x_wconf 86' lang='lat' dir='ltr'>giis</span> <span class='ocrx_word' id='word_1_90' title='bbox 401 836 701 891; x_wconf 87' lang='lat' dir='ltr'>Episcoporum</span> <span class='ocrx_word' id='word_1_91' title='bbox 731 835 1058 880; x_wconf 87' lang='lat' dir='ltr'>Achridensium</span> <span class='ocrx_word' id='word_1_92' title='bbox 1089 837 1184 881; x_wconf 86' lang='lat' dir='ltr'>vide</span> <span class='ocrx_word' id='word_1_93' title='bbox 1214 838 1575 893; x_wconf 85' lang='lat' dir='ltr'>Theophylactum</span> <span class='ocrx_word' id='word_1_94' title='bbox 1607 839 1780 893; x_wconf 85' lang='lat' dir='ltr'>Bulgar.</span> 
     </span>
     <span class='ocr_line' id='line_1_12' title="bbox 289 892 1781 950; baseline 0.001 -15"><span class='ocrx_word' id='word_1_95' title='bbox 289 892 416 936; x_wconf 89' lang='lat' dir='ltr'>Arch.</span> <span class='ocrx_word' id='word_1_96' title='bbox 449 893 583 948; x_wconf 86' lang='lat' dir='ltr'>Epist.</span> <span class='ocrx_word' id='word_1_97' title='bbox 607 894 674 935; x_wconf 84' lang='lat'>27.</span> <span class='ocrx_word' id='word_1_98' title='bbox 705 894 919 948; x_wconf 87' lang='lat' dir='ltr'>praeterea</span> <span class='ocrx_word' id='word_1_99' title='bbox 950 894 1239 937; x_wconf 90' lang='lat' dir='ltr'>Alamannum</span> <span class='ocrx_word' id='word_1_100' title='bbox 1269 895 1323 938; x_wconf 88' lang='lat' dir='ltr'>ad</span> <span class='ocrx_word' id='word_1_101' title='bbox 1353 895 1528 950; x_wconf 88' lang='lat' dir='ltr'>Procop.</span> <span class='ocrx_word' id='word_1_102' title='bbox 1548 895 1662 938; x_wconf 83' lang='lat' dir='ltr'>Hist.</span> <span class='ocrx_word' id='word_1_103' title='bbox 1683 895 1781 938; x_wconf 85' lang='lat' dir='ltr'>Arc.</span> 
     </span>
    </p>
   </div>
   <div class='ocr_carea' id='block_1_3' title="bbox 287 949 1781 1064">
    <p class='ocr_par' dir='ltr' id='par_1_3' title="bbox 287 949 1781 1064">
     <span class='ocr_line' id='line_1_13' title="bbox 287 949 1781 1007; baseline 0.003 -16"><span class='ocrx_word' id='word_1_104' title='bbox 287 950 488 992; x_wconf 90' lang='lat' dir='ltr'>Ioannem</span> <span class='ocrx_word' id='word_1_105' title='bbox 519 949 732 999; x_wconf 88' lang='lat' dir='ltr'>Morinum</span> <span class='ocrx_word' id='word_1_106' title='bbox 765 950 837 993; x_wconf 90' lang='lat' dir='ltr'>lib.</span> <span class='ocrx_word' id='word_1_107' title='bbox 862 951 898 993; x_wconf 93' lang='lat'>1.</span> <span class='ocrx_word' id='word_1_108' title='bbox 930 951 1109 994; x_wconf 83' lang='lat' dir='ltr'>Exercit.</span> <span class='ocrx_word' id='word_1_109' title='bbox 1141 951 1298 994; x_wconf 84' lang='lat' dir='ltr'>Eccles.</span> <span class='ocrx_word' id='word_1_110' title='bbox 1331 964 1423 1007; x_wconf 88' lang='lat' dir='ltr'>cap.</span> <span class='ocrx_word' id='word_1_111' title='bbox 1445 953 1513 995; x_wconf 82' lang='lat'>27.</span> <span class='ocrx_word' id='word_1_112' title='bbox 1543 953 1584 995; x_wconf 90' lang='lat' dir='ltr'>et</span> <span class='ocrx_word' id='word_1_113' title='bbox 1605 952 1781 995; x_wconf 87' lang='lat' dir='ltr'>Leonem</span> 
     </span>
     <span class='ocr_line' id='line_1_14' title="bbox 288 1006 1781 1064; baseline 0.001 -15"><span class='ocrx_word' id='word_1_114' title='bbox 288 1006 421 1050; x_wconf 88' lang='lat' dir='ltr'>Allat.</span> <span class='ocrx_word' id='word_1_115' title='bbox 454 1006 526 1049; x_wconf 89' lang='lat' dir='ltr'>lib.</span> <span class='ocrx_word' id='word_1_116' title='bbox 549 1007 586 1049; x_wconf 90' lang='lat'>1.</span> <span class='ocrx_word' id='word_1_117' title='bbox 619 1006 669 1049; x_wconf 87' lang='lat' dir='ltr'>de</span> <span class='ocrx_word' id='word_1_118' title='bbox 685 1006 958 1051; x_wconf 85' lang='lat' dir='ltr'>Eccl.Occid.</span> <span class='ocrx_word' id='word_1_119' title='bbox 982 1009 1023 1051; x_wconf 93' lang='lat' dir='ltr'>et</span> <span class='ocrx_word' id='word_1_120' title='bbox 1040 1007 1110 1052; x_wconf 88' lang='lat' dir='ltr'>Or.</span> <span class='ocrx_word' id='word_1_121' title='bbox 1142 1009 1298 1063; x_wconf 88' lang='lat' dir='ltr'>perpet.</span> <span class='ocrx_word' id='word_1_122' title='bbox 1330 1021 1441 1052; x_wconf 78' lang='lat' dir='ltr'>conS.</span> <span class='ocrx_word' id='word_1_123' title='bbox 1464 1021 1553 1064; x_wconf 89' lang='lat' dir='ltr'>cap.</span> <span class='ocrx_word' id='word_1_124' title='bbox 1571 1010 1638 1051; x_wconf 83' lang='lat'>25.</span> <span class='ocrx_word' id='word_1_125' title='bbox 1670 1009 1781 1052; x_wconf 86' lang='lat' dir='ltr'>N.4.</span> 
     </span>
    </p>
   </div>
   <div class='ocr_carea' id='block_1_4' title="bbox 218 1071 1783 1857">
    <p class='ocr_par' dir='ltr' id='par_1_4' title="bbox 218 1071 1783 1857">
     <span class='ocr_line' id='line_1_15' title="bbox 218 1071 1781 1132; baseline 0.003 -17"><span class='ocrx_word' id='word_1_126' title='bbox 218 1110 222 1115; x_wconf 86' lang='lat'>.</span> <span class='ocrx_word' id='word_1_127' title='bbox 248 1082 276 1118; x_wconf 83' lang='lat' dir='ltr'>G</span> <span class='ocrx_word' id='word_1_128' title='bbox 424 1071 710 1131; x_wconf 84' lang='grc' dir='ltr'><em>Μανιχαίων]</em></span> <span class='ocrx_word' id='word_1_129' title='bbox 742 1075 1026 1128; x_wconf 80' lang='lat' dir='ltr'>ManichanS,</span> <span class='ocrx_word' id='word_1_130' title='bbox 1057 1089 1129 1120; x_wconf 88' lang='lat' dir='ltr'>seu</span> <span class='ocrx_word' id='word_1_131' title='bbox 1158 1077 1427 1120; x_wconf 87' lang='lat' dir='ltr'>Paulicianos</span> <span class='ocrx_word' id='word_1_132' title='bbox 1457 1077 1674 1132; x_wconf 85' lang='lat' dir='ltr'>intelligit,</span> <span class='ocrx_word' id='word_1_133' title='bbox 1711 1077 1781 1132; x_wconf 89' lang='lat' dir='ltr'>qui</span> 
     </span>
     <span class='ocr_line' id='line_1_16' title="bbox 288 1131 1781 1189; baseline 0.001 -14"><span class='ocrx_word' id='word_1_134' title='bbox 288 1145 334 1175; x_wconf 91' lang='lat' dir='ltr'>eo</span> <span class='ocrx_word' id='word_1_135' title='bbox 366 1143 468 1174; x_wconf 89' lang='lat' dir='ltr'>aevo</span> <span class='ocrx_word' id='word_1_136' title='bbox 502 1132 612 1174; x_wconf 87' lang='lat' dir='ltr'>circa</span> <span class='ocrx_word' id='word_1_137' title='bbox 643 1131 970 1187; x_wconf 84' lang='lat' dir='ltr'>Philippopolim</span> <span class='ocrx_word' id='word_1_138' title='bbox 1001 1133 1267 1187; x_wconf 71' lang='lat' dir='ltr'>habitabant,</span> <span class='ocrx_word' id='word_1_139' title='bbox 1312 1147 1497 1189; x_wconf 89' lang='lat' dir='ltr'>quosque</span> <span class='ocrx_word' id='word_1_140' title='bbox 1540 1147 1622 1177; x_wconf 93' lang='lat' dir='ltr'>non</span> <span class='ocrx_word' id='word_1_141' title='bbox 1657 1134 1781 1176; x_wconf 86' lang='lat' dir='ltr'>semel</span> 
     </span>
     <span class='ocr_line' id='line_1_17' title="bbox 287 1188 1783 1234; baseline 0.001 -2"><span class='ocrx_word' id='word_1_142' title='bbox 287 1189 341 1232; x_wconf 86' lang='lat' dir='ltr'>ab</span> <span class='ocrx_word' id='word_1_143' title='bbox 370 1188 501 1231; x_wconf 88' lang='lat' dir='ltr'>animi</span> <span class='ocrx_word' id='word_1_144' title='bbox 532 1188 782 1231; x_wconf 85' lang='lat' dir='ltr'>fortitudine</span> <span class='ocrx_word' id='word_1_145' title='bbox 807 1189 1079 1233; x_wconf 72' lang='lat' dir='ltr'>commendat</span> <span class='ocrx_word' id='word_1_146' title='bbox 1111 1190 1250 1233; x_wconf 90' lang='lat' dir='ltr'>Anna.</span> <span class='ocrx_word' id='word_1_147' title='bbox 1310 1190 1400 1234; x_wconf 89' lang='lat' dir='ltr'>Hos</span> <span class='ocrx_word' id='word_1_148' title='bbox 1431 1204 1478 1234; x_wconf 89' lang='lat' dir='ltr'>ex</span> <span class='ocrx_word' id='word_1_149' title='bbox 1508 1190 1710 1234; x_wconf 87' lang='lat' dir='ltr'>Armenia</span> <span class='ocrx_word' id='word_1_150' title='bbox 1742 1192 1783 1233; x_wconf 91' lang='lat' dir='ltr'>et</span> 
     </span>
     <span class='ocr_line' id='line_1_18' title="bbox 287 1245 1783 1303; baseline 0.002 -16"><span class='ocrx_word' id='word_1_151' title='bbox 287 1245 391 1288; x_wconf 89' lang='lat' dir='ltr'>Asia</span> <span class='ocrx_word' id='word_1_152' title='bbox 422 1245 467 1286; x_wconf 91' lang='lat' dir='ltr'>in</span> <span class='ocrx_word' id='word_1_153' title='bbox 498 1245 723 1288; x_wconf 83' lang='lat' dir='ltr'>Thraciam</span> <span class='ocrx_word' id='word_1_154' title='bbox 753 1259 778 1288; x_wconf 91' lang='lat' dir='ltr'>a</span> <span class='ocrx_word' id='word_1_155' title='bbox 801 1245 1078 1289; x_wconf 82' lang='lat' dir='ltr'>Constantino</span> <span class='ocrx_word' id='word_1_156' title='bbox 1098 1246 1360 1303; x_wconf 87' lang='lat' dir='ltr'>Copronymo</span> <span class='ocrx_word' id='word_1_157' title='bbox 1388 1247 1607 1290; x_wconf 84' lang='lat' dir='ltr'>traductos</span> <span class='ocrx_word' id='word_1_158' title='bbox 1637 1247 1783 1291; x_wconf 85' lang='lat' dir='ltr'>scribit</span> 
     </span>
     <span class='ocr_line' id='line_1_19' title="bbox 288 1297 1781 1358; baseline 0.002 -14"><span class='ocrx_word' id='word_1_159' title='bbox 288 1302 582 1356; x_wconf 82' lang='lat' dir='ltr'>Theophanes:</span> <span class='ocrx_word' id='word_1_160' title='bbox 628 1297 651 1343; x_wconf 80' lang='grc' dir='ltr'>ὁ</span> <span class='ocrx_word' id='word_1_161' title='bbox 698 1301 746 1344; x_wconf 76' lang='grc' dir='ltr'>δὲ</span> <span class='ocrx_word' id='word_1_162' title='bbox 789 1300 1006 1354; x_wconf 73' lang='grc' dir='ltr'><em>Βασιλεὺς</em></span> <span class='ocrx_word' id='word_1_163' title='bbox 1051 1306 1390 1355; x_wconf 77' lang='grc' dir='ltr'><em>Κωνσταντῖνος</em></span> <span class='ocrx_word' id='word_1_164' title='bbox 1419 1300 1590 1358; x_wconf 74' lang='grc' dir='ltr'><strong><em>Σύρους</em></strong></span> <span class='ocrx_word' id='word_1_165' title='bbox 1625 1320 1672 1347; x_wconf 81' lang='grc' dir='ltr'>τε</span> <span class='ocrx_word' id='word_1_166' title='bbox 1709 1304 1781 1347; x_wconf 81' lang='grc' dir='ltr'>καὶ</span> 
     </span>
     <span class='ocr_line' id='line_1_20' title="bbox 285 1351 1782 1418; baseline 0.001 -18"><span class='ocrx_word' id='word_1_167' title='bbox 285 1352 558 1414; x_wconf 80' lang='grc' dir='ltr'><em>Ἀρμενίους,</em></span> <span class='ocrx_word' id='word_1_168' title='bbox 593 1352 669 1410; x_wconf 64' lang='grc' dir='ltr'>οὓς</span> <span class='ocrx_word' id='word_1_169' title='bbox 698 1351 855 1415; x_wconf 73' lang='grc' dir='ltr'><em>ἤγαγεν</em></span> <span class='ocrx_word' id='word_1_170' title='bbox 885 1356 976 1402; x_wconf 75' lang='grc' dir='ltr'>ἀπὸ</span> <span class='ocrx_word' id='word_1_171' title='bbox 1011 1357 1438 1413; x_wconf 66' lang='grc' dir='ltr'><em>Θεοδοριουπόλεως</em></span> <span class='ocrx_word' id='word_1_172' title='bbox 1483 1360 1556 1404; x_wconf 81' lang='grc' dir='ltr'>καὶ</span> <span class='ocrx_word' id='word_1_173' title='bbox 1586 1361 1782 1418; x_wconf 66' lang='grc' dir='ltr'>,Μελιτη-</span> 
     </span>
     <span class='ocr_line' id='line_1_21' title="bbox 286 1411 1780 1477; baseline 0.003 -20"><span class='ocrx_word' id='word_1_174' title='bbox 286 1417 362 1466; x_wconf 71' lang='grc' dir='ltr'>νῗς</span> <span class='ocrx_word' id='word_1_175' title='bbox 406 1412 469 1466; x_wconf 82' lang='grc' dir='ltr'>εἷς</span> <span class='ocrx_word' id='word_1_176' title='bbox 517 1411 693 1474; x_wconf 77' lang='grc' dir='ltr'><em>Θρᾴκην</em></span> <span class='ocrx_word' id='word_1_177' title='bbox 737 1412 991 1473; x_wconf 75' lang='grc' dir='ltr'><em>μετῴκισεν,</em></span> <span class='ocrx_word' id='word_1_178' title='bbox 1038 1416 1086 1471; x_wconf 76' lang='grc' dir='ltr'>ἐξ</span> <span class='ocrx_word' id='word_1_179' title='bbox 1129 1414 1190 1460; x_wconf 78' lang='grc' dir='ltr'>ὠν</span> <span class='ocrx_word' id='word_1_180' title='bbox 1230 1414 1498 1475; x_wconf 67' lang='grc' dir='ltr'><em>ἐπληθύνθη</em></span> <span class='ocrx_word' id='word_1_181' title='bbox 1541 1415 1567 1477; x_wconf 77' lang='grc' dir='ltr'>ἦ·</span> <span class='ocrx_word' id='word_1_182' title='bbox 1611 1418 1780 1472; x_wconf 74' lang='grc' dir='ltr'><em>αἵρεσις</em></span> 
     </span>
     <span class='ocr_line' id='line_1_22' title="bbox 282 1471 1781 1531; baseline 0.003 -18"><span class='ocrx_word' id='word_1_183' title='bbox 282 1473 372 1514; x_wconf 77' lang='grc' dir='ltr'>τῶν</span> <span class='ocrx_word' id='word_1_184' title='bbox 402 1471 724 1516; x_wconf 80' lang='grc' dir='ltr'><em>Παυλικιανῶν.</em></span> <span class='ocrx_word' id='word_1_185' title='bbox 786 1474 900 1517; x_wconf 89' lang='lat' dir='ltr'>Idem</span> <span class='ocrx_word' id='word_1_186' title='bbox 933 1475 1057 1518; x_wconf 89' lang='lat' dir='ltr'>autor</span> <span class='ocrx_word' id='word_1_187' title='bbox 1092 1475 1154 1518; x_wconf 90' lang='lat' dir='ltr'>est</span> <span class='ocrx_word' id='word_1_188' title='bbox 1186 1489 1211 1518; x_wconf 87' lang='lat' dir='ltr'>a</span> <span class='ocrx_word' id='word_1_189' title='bbox 1244 1476 1378 1519; x_wconf 90' lang='lat' dir='ltr'>Leone</span> <span class='ocrx_word' id='word_1_190' title='bbox 1413 1475 1664 1531; x_wconf 87' lang='lat' dir='ltr'>Copronymi</span> <span class='ocrx_word' id='word_1_191' title='bbox 1694 1476 1781 1518; x_wconf 86' lang='lat' dir='ltr'>filio</span> 
     </span>
     <span class='ocr_line' id='line_1_23' title="bbox 283 1529 1781 1585; baseline 0.001 -12"><span class='ocrx_word' id='word_1_192' title='bbox 283 1529 409 1585; x_wconf 86' lang='lat' dir='ltr'>Syros</span> <span class='ocrx_word' id='word_1_193' title='bbox 438 1530 682 1582; x_wconf 79' lang='lat' dir='ltr'>haereticOS,</span> <span class='ocrx_word' id='word_1_194' title='bbox 715 1531 879 1574; x_wconf 88' lang='lat' dir='ltr'>eosdem</span> <span class='ocrx_word' id='word_1_195' title='bbox 908 1531 1016 1574; x_wconf 86' lang='lat' dir='ltr'>forte</span> <span class='ocrx_word' id='word_1_196' title='bbox 1044 1544 1139 1575; x_wconf 87' lang='lat' dir='ltr'>curn</span> <span class='ocrx_word' id='word_1_197' title='bbox 1171 1532 1441 1581; x_wconf 87' lang='lat' dir='ltr'>Paulicianis,</span> <span class='ocrx_word' id='word_1_198' title='bbox 1476 1533 1520 1574; x_wconf 91' lang='lat' dir='ltr'>in</span> <span class='ocrx_word' id='word_1_199' title='bbox 1555 1533 1781 1576; x_wconf 86' lang='lat' dir='ltr'>Thraciam</span> 
     </span>
     <span class='ocr_line' id='line_1_24' title="bbox 281 1587 1780 1644; baseline 0.002 -15"><span class='ocrx_word' id='word_1_200' title='bbox 281 1587 441 1641; x_wconf 87' lang='lat' dir='ltr'>pariter</span> <span class='ocrx_word' id='word_1_201' title='bbox 477 1587 724 1641; x_wconf 87' lang='lat' dir='ltr'>translatos.</span> <span class='ocrx_word' id='word_1_202' title='bbox 788 1588 1133 1631; x_wconf 87' lang='lat' dir='ltr'>Manichaeorum</span> <span class='ocrx_word' id='word_1_203' title='bbox 1168 1589 1652 1644; x_wconf 86' lang='lat' dir='ltr'>Philippopolitanorurn</span> <span class='ocrx_word' id='word_1_204' title='bbox 1693 1603 1780 1632; x_wconf 91' lang='lat' dir='ltr'>me-</span> 
     </span>
     <span class='ocr_line' id='line_1_25' title="bbox 281 1643 1782 1700; baseline 0.002 -15"><span class='ocrx_word' id='word_1_205' title='bbox 281 1643 407 1686; x_wconf 90' lang='lat' dir='ltr'>minit</span> <span class='ocrx_word' id='word_1_206' title='bbox 448 1643 577 1686; x_wconf 85' lang='lat' dir='ltr'>etiarn</span> <span class='ocrx_word' id='word_1_207' title='bbox 607 1643 809 1698; x_wconf 85' lang='lat' dir='ltr'>Scylitzes</span> <span class='ocrx_word' id='word_1_208' title='bbox 840 1658 937 1700; x_wconf 87' lang='lat' dir='ltr'>pag.</span> <span class='ocrx_word' id='word_1_209' title='bbox 962 1646 1058 1688; x_wconf 82' lang='lat'>866.</span> <span class='ocrx_word' id='word_1_210' title='bbox 1106 1647 1155 1689; x_wconf 93' lang='lat' dir='ltr'>ut</span> <span class='ocrx_word' id='word_1_211' title='bbox 1199 1647 1240 1689; x_wconf 88' lang='lat' dir='ltr'>et</span> <span class='ocrx_word' id='word_1_212' title='bbox 1278 1646 1596 1689; x_wconf 87' lang='lat' dir='ltr'>Villharduinus</span> <span class='ocrx_word' id='word_1_213' title='bbox 1642 1647 1782 1690; x_wconf 85' lang='lat' dir='ltr'>noster</span> 
     </span>
     <span class='ocr_line' id='line_1_26' title="bbox 281 1700 1780 1752; baseline 0.002 -10"><span class='ocrx_word' id='word_1_214' title='bbox 281 1700 336 1742; x_wconf 92' lang='lat' dir='ltr'>N.</span> <span class='ocrx_word' id='word_1_215' title='bbox 359 1701 469 1752; x_wconf 65' lang='lat'>208„</span> <span class='ocrx_word' id='word_1_216' title='bbox 502 1700 575 1743; x_wconf 91' lang='lat' dir='ltr'>ubi</span> <span class='ocrx_word' id='word_1_217' title='bbox 619 1701 732 1744; x_wconf 88' lang='lat' dir='ltr'>haud</span> <span class='ocrx_word' id='word_1_218' title='bbox 775 1701 877 1745; x_wconf 89' lang='lat' dir='ltr'>adeo</span> <span class='ocrx_word' id='word_1_219' title='bbox 922 1702 1027 1745; x_wconf 86' lang='lat' dir='ltr'>trita</span> <span class='ocrx_word' id='word_1_220' title='bbox 1075 1703 1125 1746; x_wconf 88' lang='lat' dir='ltr'>de</span> <span class='ocrx_word' id='word_1_221' title='bbox 1168 1703 1429 1746; x_wconf 88' lang='lat' dir='ltr'>Paulicianis</span> <span class='ocrx_word' id='word_1_222' title='bbox 1469 1703 1780 1747; x_wconf 83' lang='lat' dir='ltr'>adnotavimus.</span> 
     </span>
     <span class='ocr_line' id='line_1_27' title="bbox 281 1756 1783 1856; baseline 0.003 -57"><span class='ocrx_word' id='word_1_223' title='bbox 281 1757 413 1800; x_wconf 88' lang='lat' dir='ltr'>Porro</span> <span class='ocrx_word' id='word_1_224' title='bbox 445 1756 698 1856; x_wconf 52' lang='lat' dir='ltr'>Guiltlelmus</span> <span class='ocrx_word' id='word_1_225' title='bbox 729 1757 857 1813; x_wconf 89' lang='lat' dir='ltr'>Apul.</span> <span class='ocrx_word' id='word_1_226' title='bbox 899 1758 974 1802; x_wconf 90' lang='lat' dir='ltr'>lib.</span> <span class='ocrx_word' id='word_1_227' title='bbox 997 1760 1032 1803; x_wconf 91' lang='lat'>1.</span> <span class='ocrx_word' id='word_1_228' title='bbox 1077 1760 1347 1803; x_wconf 87' lang='lat' dir='ltr'>Manichaeos</span> <span class='ocrx_word' id='word_1_229' title='bbox 1375 1759 1546 1803; x_wconf 85' lang='lat' dir='ltr'>Graecis</span> <span class='ocrx_word' id='word_1_230' title='bbox 1583 1761 1783 1818; x_wconf 81' lang='lat' dir='ltr'>meruisse</span> 
     </span>
     <span class='ocr_line' id='line_1_28' title="bbox 283 1815 642 1857; baseline -0.003 0"><span class='ocrx_word' id='word_1_231' title='bbox 283 1827 329 1857; x_wconf 91' lang='lat' dir='ltr'>eo</span> <span class='ocrx_word' id='word_1_232' title='bbox 359 1826 461 1857; x_wconf 85' lang='lat' dir='ltr'>aevo</span> <span class='ocrx_word' id='word_1_233' title='bbox 490 1827 535 1857; x_wconf 90' lang='lat' dir='ltr'>re</span> <span class='ocrx_word' id='word_1_234' title='bbox 556 1815 642 1857; x_wconf 86' lang='lat' dir='ltr'>ert:</span> 
     </span>
    </p>
   </div>
   <div class='ocr_carea' id='block_1_5' title="bbox 365 1885 1660 2229">
    <p class='ocr_par' dir='ltr' id='par_1_5' title="bbox 366 1885 1636 2001">
     <span class='ocr_line' id='line_1_29' title="bbox 370 1885 1636 1946; baseline 0.004 -16"><span class='ocrx_word' id='word_1_235' title='bbox 370 1885 474 1930; x_wconf 75' lang='lat' dir='ltr'>Oam</span> <span class='ocrx_word' id='word_1_236' title='bbox 506 1887 685 1932; x_wconf 80' lang='lat' dir='ltr'>Graecis</span> <span class='ocrx_word' id='word_1_237' title='bbox 715 1889 897 1932; x_wconf 76' lang='lat' dir='ltr'>aderant</span> <span class='ocrx_word' id='word_1_238' title='bbox 925 1890 1111 1944; x_wconf 80' lang='lat' dir='ltr'>quidam,</span> <span class='ocrx_word' id='word_1_239' title='bbox 1143 1905 1248 1945; x_wconf 77' lang='lat' dir='ltr'>quos</span> <span class='ocrx_word' id='word_1_240' title='bbox 1273 1893 1483 1946; x_wconf 81' lang='lat' dir='ltr'>pessimus</span> <span class='ocrx_word' id='word_1_241' title='bbox 1515 1906 1636 1935; x_wconf 87' lang='lat' dir='ltr'>error</span> 
     </span>
     <span class='ocr_line' id='line_1_30' title="bbox 366 1943 1462 2001; baseline 0.005 -14"><span class='ocrx_word' id='word_1_242' title='bbox 366 1943 549 1988; x_wconf 76' lang='lat' dir='ltr'>Fecerat</span> <span class='ocrx_word' id='word_1_243' title='bbox 571 1950 757 1989; x_wconf 74' lang='lat' dir='ltr'>amentes</span> <span class='ocrx_word' id='word_1_244' title='bbox 783 1949 822 1989; x_wconf 76' lang='lat' dir='ltr'>et</span> <span class='ocrx_word' id='word_1_245' title='bbox 856 1947 908 1990; x_wconf 83' lang='lat' dir='ltr'>ab</span> <span class='ocrx_word' id='word_1_246' title='bbox 937 1947 1031 2001; x_wconf 72' lang='lat' dir='ltr'>ipso</span> <span class='ocrx_word' id='word_1_247' title='bbox 1063 1961 1214 1991; x_wconf 73' lang='lat' dir='ltr'>riomeri</span> <span class='ocrx_word' id='word_1_248' title='bbox 1243 1949 1462 1993; x_wconf 72' lang='lat' dir='ltr'>habebant.</span> 
     </span>
    </p>

    <p class='ocr_par' dir='ltr' id='par_1_6' title="bbox 365 2000 1660 2116">
     <span class='ocr_line' id='line_1_31' title="bbox 367 2000 1660 2060; baseline 0.005 -17"><span class='ocrx_word' id='word_1_249' title='bbox 367 2000 496 2044; x_wconf 75' lang='lat' dir='ltr'>Plebs</span> <span class='ocrx_word' id='word_1_250' title='bbox 527 2002 630 2045; x_wconf 72' lang='lat' dir='ltr'>solet</span> <span class='ocrx_word' id='word_1_251' title='bbox 657 2003 742 2046; x_wconf 80' lang='lat' dir='ltr'>ista</span> <span class='ocrx_word' id='word_1_252' title='bbox 768 2002 943 2046; x_wconf 70' lang='lat' dir='ltr'>Patrem</span> <span class='ocrx_word' id='word_1_253' title='bbox 977 2018 1069 2047; x_wconf 78' lang='lat' dir='ltr'>cum</span> <span class='ocrx_word' id='word_1_254' title='bbox 1106 2004 1278 2049; x_wconf 74' lang='lat' dir='ltr'>Christo</span> <span class='ocrx_word' id='word_1_255' title='bbox 1308 2006 1446 2049; x_wconf 78' lang='lat' dir='ltr'>dicere</span> <span class='ocrx_word' id='word_1_256' title='bbox 1467 2020 1660 2060; x_wconf 74' lang='lat' dir='ltr'>passam,</span> 
     </span>
     <span class='ocr_line' id='line_1_32' title="bbox 365 2057 1508 2116; baseline 0.005 -16"><span class='ocrx_word' id='word_1_257' title='bbox 365 2057 427 2101; x_wconf 73' lang='lat' dir='ltr'>Et</span> <span class='ocrx_word' id='word_1_258' title='bbox 451 2059 590 2111; x_wconf 74' lang='lat' dir='ltr'>fronti</span> <span class='ocrx_word' id='word_1_259' title='bbox 619 2060 755 2115; x_wconf 71' lang='lat' dir='ltr'>diyito</span> <span class='ocrx_word' id='word_1_260' title='bbox 785 2061 958 2116; x_wconf 74' lang='lat' dir='ltr'>siyrium</span> <span class='ocrx_word' id='word_1_261' title='bbox 990 2062 1135 2105; x_wconf 77' lang='lat' dir='ltr'>Crucis</span> <span class='ocrx_word' id='word_1_262' title='bbox 1164 2063 1372 2116; x_wconf 72' lang='lat' dir='ltr'>imprimit</span> <span class='ocrx_word' id='word_1_263' title='bbox 1402 2077 1508 2106; x_wconf 66' lang='lat' dir='ltr'>iiiios</span> 
     </span>
    </p>

    <p class='ocr_par' dir='ltr' id='par_1_7' title="bbox 367 2115 1488 2173">
     <span class='ocr_line' id='line_1_33' title="bbox 367 2115 1488 2173; baseline 0.005 -16"><span class='ocrx_word' id='word_1_264' title='bbox 367 2115 468 2158; x_wconf 76' lang='lat' dir='ltr'>Non</span> <span class='ocrx_word' id='word_1_265' title='bbox 497 2115 630 2159; x_wconf 81' lang='lat' dir='ltr'>aliam</span> <span class='ocrx_word' id='word_1_266' title='bbox 658 2116 769 2160; x_wconf 75' lang='lat' dir='ltr'>Nati</span> <span class='ocrx_word' id='word_1_267' title='bbox 789 2131 1024 2171; x_wconf 73' lang='lat' dir='ltr'>personam</span> <span class='ocrx_word' id='word_1_268' title='bbox 1054 2133 1181 2173; x_wconf 78' lang='lat' dir='ltr'>qaam</span> <span class='ocrx_word' id='word_1_269' title='bbox 1209 2119 1360 2163; x_wconf 79' lang='lat' dir='ltr'>Patris</span> <span class='ocrx_word' id='word_1_270' title='bbox 1389 2134 1488 2170; x_wconf 81' lang='lat' dir='ltr'>esse,</span> 
     </span>
    </p>

    <p class='ocr_par' dir='ltr' id='par_1_8' title="bbox 366 2171 1480 2229">
     <span class='ocr_line' id='line_1_34' title="bbox 366 2171 1480 2229; baseline 0.005 -15"><span class='ocrx_word' id='word_1_271' title='bbox 366 2171 494 2215; x_wconf 71' lang='lat' dir='ltr'>Hanc</span> <span class='ocrx_word' id='word_1_272' title='bbox 518 2173 645 2216; x_wconf 79' lang='lat' dir='ltr'>etiam</span> <span class='ocrx_word' id='word_1_273' title='bbox 677 2172 828 2218; x_wconf 72' lang='lat' dir='ltr'>Sancti</span> <span class='ocrx_word' id='word_1_274' title='bbox 855 2174 1120 2229; x_wconf 72' lang='lat' dir='ltr'>Spiramiriis</span> <span class='ocrx_word' id='word_1_275' title='bbox 1149 2190 1235 2220; x_wconf 87' lang='lat' dir='ltr'>esse</span> <span class='ocrx_word' id='word_1_276' title='bbox 1266 2176 1480 2220; x_wconf 73' lang='lat' dir='ltr'>docebant.</span> 
     </span>
    </p>
   </div>
   <div class='ocr_carea' id='block_1_6' title="bbox 282 2238 1104 2298">
    <p class='ocr_par' dir='ltr' id='par_1_9' title="bbox 282 2238 1104 2298">
     <span class='ocr_line' id='line_1_35' title="bbox 282 2238 1104 2298; baseline 0.006 -17"><span class='ocrx_word' id='word_1_277' title='bbox 282 2238 389 2282; x_wconf 90' lang='lat' dir='ltr'>Vide</span> <span class='ocrx_word' id='word_1_278' title='bbox 419 2240 581 2284; x_wconf 88' lang='lat' dir='ltr'>Notata</span> <span class='ocrx_word' id='word_1_279' title='bbox 607 2241 662 2284; x_wconf 91' lang='lat' dir='ltr'>ad</span> <span class='ocrx_word' id='word_1_280' title='bbox 691 2254 789 2298; x_wconf 87' lang='lat' dir='ltr'>pag.</span> <span class='ocrx_word' id='word_1_281' title='bbox 814 2242 907 2285; x_wconf 84' lang='lat'>154.</span> <span class='ocrx_word' id='word_1_282' title='bbox 936 2243 978 2286; x_wconf 91' lang='lat' dir='ltr'>et</span> <span class='ocrx_word' id='word_1_283' title='bbox 1007 2243 1104 2286; x_wconf 89' lang='lat'>451.</span> 
     </span>
    </p>
   </div>
   <div class='ocr_carea' id='block_1_7' title="bbox 236 2312 1778 2885">
    <p class='ocr_par' dir='ltr' id='par_1_10' title="bbox 236 2312 1778 2885">
     <span class='ocr_line' id='line_1_36' title="bbox 236 2312 1778 2374; baseline 0.004 -18"><span class='ocrx_word' id='word_1_284' title='bbox 236 2321 270 2356; x_wconf 91' lang='lat' dir='ltr'>D</span> <span class='ocrx_word' id='word_1_285' title='bbox 417 2312 728 2373; x_wconf 81' lang='grc' dir='ltr'><strong><em>Βεστιαρίτας]</em></strong></span> <span class='ocrx_word' id='word_1_286' title='bbox 781 2316 843 2359; x_wconf 91' lang='lat' dir='ltr'>De</span> <span class='ocrx_word' id='word_1_287' title='bbox 880 2317 1090 2360; x_wconf 86' lang='lat' dir='ltr'>Vestiario</span> <span class='ocrx_word' id='word_1_288' title='bbox 1134 2318 1176 2360; x_wconf 88' lang='lat' dir='ltr'>et</span> <span class='ocrx_word' id='word_1_289' title='bbox 1211 2318 1518 2362; x_wconf 88' lang='lat' dir='ltr'>Vestiariorum</span> <span class='ocrx_word' id='word_1_290' title='bbox 1567 2318 1778 2374; x_wconf 84' lang='lat' dir='ltr'>dignitate</span> 
     </span>
     <span class='ocr_line' id='line_1_37' title="bbox 281 2369 1774 2430; baseline 0.004 -18"><span class='ocrx_word' id='word_1_291' title='bbox 281 2369 419 2413; x_wconf 90' lang='lat' dir='ltr'>multa</span> <span class='ocrx_word' id='word_1_292' title='bbox 447 2370 529 2413; x_wconf 84' lang='lat' dir='ltr'>viri</span> <span class='ocrx_word' id='word_1_293' title='bbox 558 2371 685 2415; x_wconf 87' lang='lat' dir='ltr'>docti.</span> <span class='ocrx_word' id='word_1_294' title='bbox 746 2375 1033 2429; x_wconf 79' lang='grc' dir='ltr'><em>,Βεστιαρῖται</em></span> <span class='ocrx_word' id='word_1_295' title='bbox 1072 2387 1170 2417; x_wconf 88' lang='lat' dir='ltr'>vero</span> <span class='ocrx_word' id='word_1_296' title='bbox 1206 2374 1387 2418; x_wconf 88' lang='lat' dir='ltr'>iidemne</span> <span class='ocrx_word' id='word_1_297' title='bbox 1417 2375 1490 2430; x_wconf 88' lang='lat' dir='ltr'>qui</span> <span class='ocrx_word' id='word_1_298' title='bbox 1517 2370 1774 2429; x_wconf 79' lang='grc' dir='ltr'><em>βεστιάριοι,</em></span> 
     </span>
     <span class='ocr_line' id='line_1_38' title="bbox 281 2426 1777 2476; baseline 0.005 -8"><span class='ocrx_word' id='word_1_299' title='bbox 281 2426 366 2468; x_wconf 90' lang='lat' dir='ltr'>scio</span> <span class='ocrx_word' id='word_1_300' title='bbox 396 2427 667 2471; x_wconf 89' lang='lat' dir='ltr'>controverti.</span> <span class='ocrx_word' id='word_1_301' title='bbox 733 2429 853 2474; x_wconf 84' lang='lat' dir='ltr'>Certe</span> <span class='ocrx_word' id='word_1_302' title='bbox 886 2431 935 2473; x_wconf 94' lang='lat' dir='ltr'>ut</span> <span class='ocrx_word' id='word_1_303' title='bbox 966 2431 1275 2474; x_wconf 88' lang='lat' dir='ltr'>Vestiariorum</span> <span class='ocrx_word' id='word_1_304' title='bbox 1317 2431 1503 2475; x_wconf 88' lang='lat' dir='ltr'>officium</span> <span class='ocrx_word' id='word_1_305' title='bbox 1534 2433 1624 2475; x_wconf 84' lang='lat' dir='ltr'>erat</span> <span class='ocrx_word' id='word_1_306' title='bbox 1665 2433 1777 2476; x_wconf 86' lang='lat' dir='ltr'>circa</span> 
     </span>
     <span class='ocr_line' id='line_1_39' title="bbox 283 2483 1775 2543; baseline 0.005 -18"><span class='ocrx_word' id='word_1_307' title='bbox 283 2483 418 2526; x_wconf 87' lang='lat' dir='ltr'>vestes</span> <span class='ocrx_word' id='word_1_308' title='bbox 453 2484 737 2539; x_wconf 84' lang='lat' dir='ltr'>Imperatoris,</span> <span class='ocrx_word' id='word_1_309' title='bbox 773 2486 836 2530; x_wconf 86' lang='lat' dir='ltr'>ita</span> <span class='ocrx_word' id='word_1_310' title='bbox 874 2487 916 2531; x_wconf 90' lang='lat' dir='ltr'>et</span> <span class='ocrx_word' id='word_1_311' title='bbox 941 2487 1283 2532; x_wconf 85' lang='lat' dir='ltr'>Vestiaritarum.</span> <span class='ocrx_word' id='word_1_312' title='bbox 1350 2489 1455 2532; x_wconf 85' lang='lat' dir='ltr'>Ecce</span> <span class='ocrx_word' id='word_1_313' title='bbox 1484 2489 1595 2543; x_wconf 88' lang='lat' dir='ltr'>apud</span> <span class='ocrx_word' id='word_1_314' title='bbox 1627 2489 1775 2532; x_wconf 87' lang='lat' dir='ltr'>Cedre-</span> 
     </span>
     <span class='ocr_line' id='line_1_40' title="bbox 283 2538 1772 2603; baseline 0.005 -23"><span class='ocrx_word' id='word_1_315' title='bbox 283 2552 382 2582; x_wconf 89' lang='lat' dir='ltr'>num</span> <span class='ocrx_word' id='word_1_316' title='bbox 405 2538 456 2583; x_wconf 90' lang='lat' dir='ltr'>A.</span> <span class='ocrx_word' id='word_1_317' title='bbox 477 2551 596 2584; x_wconf 87' lang='lat' dir='ltr'>XXII.</span> <span class='ocrx_word' id='word_1_318' title='bbox 626 2542 854 2586; x_wconf 84' lang='lat' dir='ltr'>Iustiniani</span> <span class='ocrx_word' id='word_1_319' title='bbox 881 2543 1131 2599; x_wconf 75' lang='grc' dir='ltr'><em>προκένσου</em></span> <span class='ocrx_word' id='word_1_320' title='bbox 1153 2543 1386 2600; x_wconf 80' lang='grc' dir='ltr'><em>γενομένου</em></span> <span class='ocrx_word' id='word_1_321' title='bbox 1410 2543 1456 2588; x_wconf 79' lang='grc' dir='ltr'>ἕν</span> <span class='ocrx_word' id='word_1_322' title='bbox 1476 2547 1540 2601; x_wconf 77' lang='grc' dir='ltr'>τῷ</span> <span class='ocrx_word' id='word_1_323' title='bbox 1558 2541 1772 2603; x_wconf 75' lang='grc' dir='ltr'><em>Ἑβδόμῳ,</em></span> 
     </span>
     <span class='ocr_line' id='line_1_41' title="bbox 282 2589 1774 2657; baseline 0.006 -21"><span class='ocrx_word' id='word_1_324' title='bbox 282 2589 520 2639; x_wconf 72' lang='grc' dir='ltr'><em>ἀπώλεσαν</em></span> <span class='ocrx_word' id='word_1_325' title='bbox 565 2594 607 2641; x_wconf 78' lang='grc' dir='ltr'>οἳ</span> <span class='ocrx_word' id='word_1_326' title='bbox 639 2601 926 2655; x_wconf 81' lang='grc' dir='ltr'><strong><em>Βεστιαρῖται</em></strong></span> <span class='ocrx_word' id='word_1_327' title='bbox 969 2597 1022 2644; x_wconf 81' lang='grc' dir='ltr'>τὸ</span> <span class='ocrx_word' id='word_1_328' title='bbox 1056 2600 1227 2656; x_wconf 78' lang='grc' dir='ltr'><em>στέμμα</em></span> <span class='ocrx_word' id='word_1_329' title='bbox 1272 2603 1354 2645; x_wconf 82' lang='grc' dir='ltr'>τοῦ</span> <span class='ocrx_word' id='word_1_330' title='bbox 1386 2601 1623 2653; x_wconf 80' lang='grc' dir='ltr'><em>Βασιλέως.</em></span> <span class='ocrx_word' id='word_1_331' title='bbox 1685 2603 1774 2657; x_wconf 80' lang='lat' dir='ltr'>Quo</span> 
     </span>
     <span class='ocr_line' id='line_1_42' title="bbox 282 2651 1775 2717; baseline 0.005 -23"><span class='ocrx_word' id='word_1_332' title='bbox 282 2651 372 2695; x_wconf 88' lang='lat' dir='ltr'>loco</span> <span class='ocrx_word' id='word_1_333' title='bbox 404 2654 674 2709; x_wconf 86' lang='lat' dir='ltr'>Theophanes</span> <span class='ocrx_word' id='word_1_334' title='bbox 705 2657 831 2700; x_wconf 88' lang='lat' dir='ltr'>habet</span> <span class='ocrx_word' id='word_1_335' title='bbox 862 2654 902 2699; x_wconf 70' lang='grc' dir='ltr'>οἳ</span> <span class='ocrx_word' id='word_1_336' title='bbox 935 2654 1231 2717; x_wconf 75' lang='grc' dir='ltr'><strong><em>Βεστήτορεςς</em></strong></span> <span class='ocrx_word' id='word_1_337' title='bbox 1263 2672 1369 2714; x_wconf 88' lang='lat' dir='ltr'>quae</span> <span class='ocrx_word' id='word_1_338' title='bbox 1403 2659 1573 2714; x_wconf 88' lang='lat' dir='ltr'>quidem</span> <span class='ocrx_word' id='word_1_339' title='bbox 1593 2672 1671 2703; x_wconf 82' lang='lat' dir='ltr'>vox</span> <span class='ocrx_word' id='word_1_340' title='bbox 1695 2672 1775 2702; x_wconf 90' lang='lat' dir='ltr'>non</span> 
     </span>
     <span class='ocr_line' id='line_1_43' title="bbox 282 2709 1773 2771; baseline 0.006 -21"><span class='ocrx_word' id='word_1_341' title='bbox 282 2709 407 2752; x_wconf 88' lang='lat' dir='ltr'>semel</span> <span class='ocrx_word' id='word_1_342' title='bbox 429 2712 635 2765; x_wconf 86' lang='lat' dir='ltr'>reperitur</span> <span class='ocrx_word' id='word_1_343' title='bbox 655 2713 700 2755; x_wconf 91' lang='lat' dir='ltr'>in</span> <span class='ocrx_word' id='word_1_344' title='bbox 721 2714 908 2769; x_wconf 89' lang='lat' dir='ltr'>antiquis</span> <span class='ocrx_word' id='word_1_345' title='bbox 924 2715 1288 2771; x_wconf 89' lang='lat' dir='ltr'>Inscriptionibus.</span> <span class='ocrx_word' id='word_1_346' title='bbox 1318 2716 1476 2759; x_wconf 86' lang='lat' dir='ltr'>Romae</span> <span class='ocrx_word' id='word_1_347' title='bbox 1495 2717 1540 2759; x_wconf 91' lang='lat' dir='ltr'>in</span> <span class='ocrx_word' id='word_1_348' title='bbox 1555 2716 1773 2771; x_wconf 81' lang='lat' dir='ltr'>Exquiliis,</span> 
     </span>
     <span class='ocr_line' id='line_1_44' title="bbox 281 2775 1773 2817; baseline 0.006 -10"><span class='ocrx_word' id='word_1_349' title='bbox 281 2775 328 2807; x_wconf 91' lang='lat' dir='ltr'>D.</span> <span class='ocrx_word' id='word_1_350' title='bbox 388 2776 629 2811; x_wconf 82' lang='lat' dir='ltr'>PHEDIMO.</span> <span class='ocrx_word' id='word_1_351' title='bbox 683 2780 958 2815; x_wconf 78' lang='lat' dir='ltr'>VESTITORI.</span> <span class='ocrx_word' id='word_1_352' title='bbox 1019 2783 1070 2815; x_wconf 92' lang='lat' dir='ltr'>M.</span> <span class='ocrx_word' id='word_1_353' title='bbox 1120 2782 1233 2817; x_wconf 84' lang='lat' dir='ltr'>AVG.</span> <span class='ocrx_word' id='word_1_354' title='bbox 1283 2782 1526 2816; x_wconf 81' lang='lat' dir='ltr'>PHAEDER.</span> <span class='ocrx_word' id='word_1_355' title='bbox 1581 2783 1773 2816; x_wconf 78' lang='lat' dir='ltr'>FRATRI.</span> 
     </span>
     <span class='ocr_line' id='line_1_45' title="bbox 282 2825 1772 2885; baseline 0.005 -20"><span class='ocrx_word' id='word_1_356' title='bbox 282 2831 512 2867; x_wconf 80' lang='lat' dir='ltr'>PHSSIMO.</span> <span class='ocrx_word' id='word_1_357' title='bbox 562 2825 662 2868; x_wconf 84' lang='lat' dir='ltr'>Alia</span> <span class='ocrx_word' id='word_1_358' title='bbox 682 2839 788 2881; x_wconf 87' lang='lat' dir='ltr'>quae</span> <span class='ocrx_word' id='word_1_359' title='bbox 809 2828 924 2871; x_wconf 84' lang='lat' dir='ltr'>extat</span> <span class='ocrx_word' id='word_1_360' title='bbox 949 2829 994 2871; x_wconf 90' lang='lat' dir='ltr'>in</span> <span class='ocrx_word' id='word_1_361' title='bbox 1024 2830 1159 2873; x_wconf 88' lang='lat' dir='ltr'>Roma</span> <span class='ocrx_word' id='word_1_362' title='bbox 1176 2829 1456 2874; x_wconf 88' lang='lat' dir='ltr'>Subterranea</span> <span class='ocrx_word' id='word_1_363' title='bbox 1477 2830 1549 2874; x_wconf 89' lang='lat' dir='ltr'>lib.</span> <span class='ocrx_word' id='word_1_364' title='bbox 1565 2831 1604 2873; x_wconf 85' lang='lat'>3.</span> <span class='ocrx_word' id='word_1_365' title='bbox 1628 2843 1717 2885; x_wconf 89' lang='lat' dir='ltr'>cap.</span> <span class='ocrx_word' id='word_1_366' title='bbox 1733 2830 1772 2873; x_wconf 87' lang='lat'>3.</span> 
     </span>
    </p>
   </div>
  </div>
 </body>
</html>
