1734 3120
203 228 286 274 388
759 237 906 273 PETRI
936 236 1131 272 Poss1n1

201 351 250 397 δὲ
280 350 448 404 πολλὰς
485 349 598 408 μετὰ
632 353 712 394 τοῦ
747 350 1052 419 Βουτο1μίτου
1090 350 1329 418 ἐξέπεμψε,
1360 342 1528 417 ανὸρας
1561 365 1687 404 μαχι-

199 406 432 465 μωτάτους
476 410 548 453 καὶ
583 403 716 452 αὖτόν
746 406 802 479 δὴ
829 405 907 451 τὸν
943 404 1123 476 Βάρὸαν
1155 407 1228 449 καὶ
1256 404 1334 450 τὸν
1359 401 1688 477 ’Λρχιοινοχοον

202 466 393 527 Μιχαὴλ,
419 461 703 537 ἄκμάζοντας
733 434 804 508 καὶ
823 461 1055 534 ἅρτιφυεῖς
1074 461 1126 507 τὸ
1150 463 1326 520 γένειον.
1373 480 1449 515 ους
1466 462 1689 534 νηπιόθεν

199 504 565 593 προσλαβόμενος
593 520 617 594 ᾇ
645 519 942 589 αὐτοκράτωρ,
975 522 1048 564 καὶ
1067 518 1123 564 τὰ
1144 519 1437 591 στρατιωτικὰ
1458 518 1688 564 ἑκπαιόεύ-

200 595 291 634 σας,
326 581 385 633 ὥς
403 577 716 636 εὐνουστέρους
734 582 823 622 τῶν
842 573 987 622 ἄλλων
1008 580 1071 636 τῶ
1094 577 1375 636 Βουτουμίτῃ
1394 578 1686 633 παραδίδωσι.

201 639 269 682 Ad
309 652 432 695 quem
466 639 605 682 locum
636 638 867 681 versionem
906 649 1069 692 quoque
1107 637 1294 679 nostram
1326 636 1395 679 hic
1432 636 1687 679 adscribam:

200 696 449 739 Batamiten
476 697 539 739 ire
566 696 692 739 iussit
720 696 767 738 in
790 693 986 738 Ciliciam
1016 707 1108 736 cum
1112 694 1261 759 copiis
1293 693 1530 736 lectissimis
1567 697 1690 747 atque

201 753 305 796 adeo
329 753 436 806 flore
466 754 559 807 ipso
587 752 766 795 militiae
794 751 1035 804 Romanae;
1078 751 1185 793 viris
1213 750 1403 793 omnibus
1427 751 1687 815 fortissimis,

200 813 238 852 et
267 811 563 864 experimentis
584 810 760 874 matonis·
771 808 981 862 probatae
1009 808 1190 850 virtutis
1248 806 1394 850 Erant
1422 808 1469 849 in
1498 807 1553 849 iis
1572 807 1688 849 Bar—

201 867 282 910 das
308 871 347 910 et
365 866 672 910 Pocillatoram
686 866 888 920 princeps
907 864 1108 918 Michael,
1131 864 1330 916 florentes
1357 868 1493 907 aetate
1509 864 1686 916 invenes,

202 927 240 967 et
259 924 410 978 prima
438 924 640 989 lanayine
681 923 818 966 malas
861 922 1090 976 siynantes.
1167 934 1270 976 quos
1299 936 1326 964 a
1360 921 1511 975 prima
1554 925 1689 964 aetate

199 980 453 1046 Imperator,
488 981 672 1023 nutritos
712 979 829 1033 apud
870 992 927 1031 se,
967 978 1152 1021 imbuere
1194 978 1447 1021 rudimentis
1486 977 1689 1021 militaris

202 1038 310 1081 artis
334 1052 419 1092 per
447 1039 631 1104 seipsam
672 1037 782 1080 tanti
829 1036 1010 1079 duoeerat
1055 1035 1221 1078 heroica
1255 1049 1492 1089 puerorum
1533 1034 1688 1088 indole,

200 1095 420 1150 studioque
459 1096 528 1138 sui
570 1108 620 1137 ac
665 1094 750 1148 fide
792 1093 952 1136 maiore
994 1092 1232 1135 delectatas.
1280 1093 1357 1135 etc.
1433 1091 1540 1135 Vide
1582 1104 1689 1147 quae

201 1151 358 1195 dicturi
389 1164 532 1195 sumus
563 1151 617 1194 ad
645 1163 789 1194 vocem
817 1143 1193 1218 Λρχοντοπιῦλοι

336 1211 413 1251 AI
418 1210 637 1251 PAPIA
686 1208 847 1262 Nempe
876 1202 1111 1262 Λγράριον
1135 1206 1247 1261 apud
1270 1205 1440 1249 Annam
1471 1206 1690 1249 naviculae

199 1266 335 1309 tectae
365 1278 494 1321 genus
517 1265 599 1309 661.
674 1265 736 1307 De
778 1277 859 1319 quo
898 1277 995 1307 611111
1037 1263 1142 1306 nihil
1185 1264 1363 1306 habeam
1394 1263 1522 1329 quod·
1536 1263 1687 1306 addam

200 1322 254 1365 ad
274 1322 518 1374 Meursium,
550 1334 673 1387 quem
700 1333 775 1364 1166
804 1321 1030 1376 compilare
1068 1333 1143 1363 1166
1171 1320 1412 1372 retractare,
1445 1320 1526 1363 nisi
1556 1319 1689 1363 sicubi

199 1392 362 1423 necesse
393 1379 532 1431 fuerit,
562 1379 727 1422 animus
754 1378 828 1431 est,
862 1378 1063 1421 hactenus
1095 1378 1151 1420 sit
1180 1377 1295 1420 satis.
1341 1390 1440 1420 nam
1472 1377 1523 1419 de
1551 1378 1688 1432 etymo

201 1449 308 1491 quae
337 1436 600 1479 coniecturae
629 1435 941 1488 succurrebant,
965 1435 1077 1478 tanti
1103 1447 1187 1478 11611
1218 1435 1281 1477 661
1310 1434 1468 1489 exequi.

334 1495 482 1536 ΛΗΡ.
542 1493 632 1536 Lib.
662 1503 745 1536 XV.
772 1505 869 1548 pag.
890 1468 987 1535 462.
1037 1492 1127 1532 τῶν
1159 1487 1275 1533 ου’τω
1303 1489 1582 1545 καλουμένων
1607 1506 1690 1545 μα-

199 1545 368 1605 λάγνων
397 1565 532 1592 αυτον
572 1546 650 1592 τὸν
693 1543 800 1615 ἀέρα
830 1547 1053 1602 κατέλαβε.
1098 1548 1301 1604 Malagna
1345 1548 1501 1591 montis
1539 1561 1688 1591 nomen

200 1607 440 1662 proprium3
470 1600 554 1673 αὴρ
584 1608 664 1649 τοῦ
697 1599 829 1661 όρους
858 1606 931 1661 qui
966 1605 1134 1649 dicatur
1164 1606 1243 1648 1166
1263 1605 1377 1672 1666,
1410 1605 1686 1648 divinandum

202 1665 276 1707 est.
350 1665 613 1707 phavorinus
655 1663 715 1707 sic
760 1676 898 1706 aerem
943 1662 1154 1706 describit.
1229 1677 1279 1704 ου
1326 1663 1468 1704 πᾶσαι
1502 1677 1548 1703 αι
1579 1658 1688 1703 κατὰ

179 1717 341 1765 ,τόπον
367 1737 436 1763 κιν
449 1717 557 1772 ’σεις
585 1717 708 1773 εἰσίν,
741 1713 845 1773 dvm,
874 1715 1007 1772 κάτω,
1041 1717 1144 1772 ἔσω,
1179 1715 1279 1772 ἔξω,
1301 1718 1435 1784 δεξιᾷ,
1465 1713 1687 1817 αριστερᾷ,

200 1777 274 1820 καὶ
309 1774 335 1837 ἦ
365 1794 444 1820 κυκ
473 1774 662 1837 οφορικὴ
692 1776 871 1834 κίνησις.
931 1778 990 1820 EX
1018 1777 1097 1820 hac
1136 1789 1158 1819 e
1193 1776 1313 1832 vulgi
1349 1789 1473 1819 sensu
1518 1778 1688 1831 accepta

200 1834 369 1879 notione
398 1836 558 1879 factum
590 1836 638 1878 ut
667 1835 778 1878 66116
807 1847 886 1878 vox
917 1847 997 1877 non
1020 1835 1109 1876 tam
1130 1833 1325 1876 elementi
1344 1834 1541 1876 naturam
1563 1846 1687 1888 quam

199 1892 281 1935 1661
311 1892 439 1935 61111111
468 1892 682 1936 interdum
709 1892 859 1948 signet.
918 1891 968 1934 Id
1000 1890 1185 1933 cernitur
1213 1890 1257 1933 in
1286 1890 1360 1933 illo
1382 1890 1568 1946 Virgilii.

332 1949 422 1993 Aut
452 1963 554 2004 qnos
586 1949 748 1993 Oceano
769 1948 954 2004 propior
983 1948 1095 2003 qen't
1125 1947 1258 1990 India
1288 1947 1414 1999 lacos,

332 2005 527 2050 Extremi
551 2007 672 2050 sinus
701 2006 836 2049 orbis:
865 2005 938 2048 abi
966 2019 1069 2048 aera
1096 2006 1261 2058 vincere
1288 2018 1496 2048 summam

335 2063 517 2107 Arboris
549 2063 651 2107 haut
679 2063 794 2107 allae
825 2063 940 2106 iacta
962 2066 1141 2117 potuere
1169 2056 1363 2117 sayittae.

332 2119 395 2163 Et
425 2134 528 2177 qens
554 2120 634 2164 illa
666 2120 833 2175 quidem
861 2120 1042 2174 sumptis
1069 2132 1156 2162 non
1183 2118 1312 2162 tarda
1333 2117 1567 2173 pharetris.

195 2178 285 2220 Α61
315 2190 503 2221 summus
529 2177 688 2221 arboris
719 2178 781 2220 est
812 2178 1019 2220 extremus
1046 2189 1148 2231 apex
1169 2188 1383 2219 ramorum
1403 2188 1453 2219 ac
1474 2175 1686 2218 frondium

197 2234 401 2277 altissime
430 2247 632 2290 exurgens
659 2247 785 2289 supra
817 2234 980 2299 sylvam
1010 2233 1229 2288 reliquam.
1285 2233 1345 2276 Ex
1374 2233 1439 2276 his
1472 2232 1683 2275 coniectu-

199 2304 290 2334 ram
320 2291 502 2346 capienti
534 2292 584 2334 de
612 2291 703 2334 1666
735 2291 807 2346 qui
832 2291 894 2334 est
937 2291 981 2333 in
1010 2290 1203 2333 manibus
1249 2289 1381 2333 videri
1420 2290 1585 2344 poterat
1617 2302 1687 2332 aer

198 2348 353 2391 montis
380 2361 465 2391 esse
508 2360 723 2417 supremus
766 2348 854 2391 eius
899 2348 1053 2390 vertex.
1129 2343 1283 2390 Verum
1325 2346 1548 2389 intercedit
1591 2346 1686 2388 hnic

196 2405 422 2459 suspicioni
447 2399 700 2447 cinolov'fha
731 2405 822 2460 ipsa
850 2404 933 2448 loci
953 2405 994 2447 et
1023 2403 1131 2447 ratio
1155 2404 1398 2455 sententiae,
1426 2415 1532 2458 quae
1557 2403 1687 2458 exigit

198 2462 247 2503 ut
279 2475 349 2504 661
365 2462 676 2527 Malagnorum
708 2462 764 2513 sit
794 2474 877 2504 non
907 2461 1140 2504 editissima
1169 2461 1324 2503 montis
1362 2460 1449 2503 eius
1479 2473 1587 2515 pars,
1615 2459 1684 2502 sed

197 2518 304 2561 mari
335 2518 473 2562 vicina
502 2519 694 2572 maxime,
728 2519 1033 2573 imminensque
1062 2519 1306 2572 opportune,
1337 2517 1520 2560 rostrum
1551 2516 1686 2571 quod-

198 2574 295 2617 dam
338 2576 413 2618 aut
456 2577 582 2631 eaput
622 2576 897 2630 promontorii
933 2576 986 2618 ad
1022 2574 1310 2630 appulsionem
1353 2574 1686 2628 solutionemque

198 2632 381 2674 navium.
441 2632 598 2676 Statim
644 2632 851 2687 siquidem
893 2632 1066 2676 additur
1100 2631 1345 2687 Augustum
1389 2630 1515 2673 simul
1555 2630 1683 2673 istum

199 2702 337 2730 acrem
360 2689 521 2744 attigit,
553 2690 668 2745 regia
697 2702 863 2732 monere
893 2689 1020 2732 missa
1044 2688 1355 2757 Imperatlicem
1393 2688 1437 2730 in
1467 2699 1562 2730 arce
1594 2699 1684 2730 ma-

198 2744 342 2811 r'itima
372 2747 701 2788 commorantem
731 2746 1007 2789 accersivisse.
1068 2741 1092 2788 ὁ
1133 2741 1338 2813 βασιλεὺς
1375 2739 1466 2798 ἅμα
1505 2745 1568 2811 τῷ
1605 2740 1684 2785 τὸν
1731 2751 1734 2799 J

198 2795 306 2867 ἀέρα
333 2802 606 2868 καταλαβεῖν,
638 2802 710 2845 διὰ
734 2804 813 2845 τοῦ
842 2802 1072 2857 βασιλικοῦ
1099 2797 1320 2868 μονήρους
1344 2799 1682 2856 μεταπέμπεται

197 2853 275 2915 τὴν
305 2853 588 2914 Αὕγούσταν.
644 2859 748 2913 11116,
778 2860 827 2902 111
846 2860 1031 2915 apparet,
1063 2871 1110 2902 eo
1137 2859 1226 2915 ipso
1245 2859 1386 2902 animo
1417 2870 1467 2901 ac
1495 2870 1566 2913 spe
1585 2870 1683 2901 con·
1728 2869 1734 2878 ²
