1734 3120
198 221 280 268 254
703 228 867 267 ANNAE
896 227 1162 268 OOMNENAE

196 349 430 407 βαρβάρων
468 349 654 393 τουτωνὶ
687 344 898 405 (βράγχων
935 348 1007 391 καὶ
1036 344 1105 391 ὅτι
1135 342 1270 400 αὐτὸς
1299 343 1444 392 πολλὰ
1473 345 1554 405 μὲν
1583 340 1686 407 ἄνη-

197 418 329 464 λώκει
360 416 569 479 χρήματα,
590 414 734 461 πολλὰ
755 416 792 460 δ’
815 413 1066 460 ἐπεπόνθει
1087 413 1208 460 δεινὰ
1234 414 1291 461 τά
1322 434 1370 460 τε
1395 419 1686 477 μυριοπληθῆ

199 488 342 532 ἐκεῖνα
362 483 665 544 στρατεύματα
685 485 732 528 ἐκ
752 486 830 544 τῆς
850 481 1041 539 ἑσπέρας
1061 482 1125 537 εἷς
1144 482 1222 544 τὴν
1237 480 1391 529 Ἀσίαν
1407 483 1684 542 διαβιβάζων,

199 555 340 600 καίτοι
374 549 798 611 δι’στραχηλοτάτοις
827 547 981 603 αὐτοῖς
1011 549 1278 609 ἐγτυγχάνων
1302 549 1372 597 αἐἱ
1401 554 1473 597 καὶ
1501 554 1689 597 καταπί-

45 637 90 675 V.
116 637 186 674 335
198 641 321 681 κροις
368 620 560 678 ἀνδράσι,
608 618 753 664 πολλοὶ
796 621 844 664 δὲ
886 617 1106 675 Ῥωμαϊκὰ
1150 623 1461 677 στρατεύματα
1513 619 1724 674 τούτοιςό

154 692 521 748 Βσυνεκπέμπων
555 687 664 733 κατὰ
702 692 792 732 τῶν
827 686 1047 745 Τούρκων,
1097 691 1218 733 δυεῖν
1261 688 1398 743 ἕνεκα,
1430 692 1563 734 τοῦτο
1594 691 1685 746 μέν,

196 761 267 803 ἵνα
295 757 355 819 μὴ
391 760 636 815 Τουρκικῆς
664 755 881 813 μαχαίρας
919 753 1223 813 παρανάλωμα
1257 758 1452 815 γένοιντο
1485 755 1687 816 (ἑκήδετο

195 829 274 887 γὰρ
305 824 450 873 αὔτῶν
492 825 552 880 (ὃς
582 826 895 883 Χριστιανῶν),
931 827 1064 870 τοῦτο
1097 827 1148 879 δ’,
1189 823 1316 879 ὅπως
1354 827 1427 870 καὶ
1456 824 1530 885 ὑφ’
1566 824 1690 885 ἡμῶν

195 893 562 954 συγκροτούμενοι
592 894 670 947 τοὶς
691 894 771 951 μὲν
788 892 943 947 πόλεις
962 896 1054 938 τῶν
1077 890 1360 952 Ἰσμαηλιτῶν
1385 890 1686 951 (ἷλοθρεύοιεν,

194 965 273 1018 τὰς
311 966 359 1009 δὲ
403 966 476 1008 καὶ
520 961 837 1016 ’ὑποσπόνδους
878 966 975 1015 τοῖς
1009 963 1237 1018 βασιλεῦσι
1264 960 1492 1020 Ῥωμαίων
1523 965 1689 1007 διδοῖεν
1705 967 1734 1000 l(

194 1029 276 1078 κάκ
294 1030 454 1077 τούτου
474 1030 529 1076 τὰ
548 1032 836 1088 σχοινίσματα
855 1034 946 1075 τῶν
956 1029 1183 1087 Ῥωμαίων
1213 1028 1517 1085 πλατύνοιντο,
1549 1026 1690 1090 ἀπήν-

194 1117 298 1160 τησε
329 1100 377 1146 δὲ
406 1096 531 1145 οὐδὲν
562 1095 726 1160 ὄφελος
747 1094 839 1143 ἀπὸ
868 1101 960 1143 τῶν
979 1096 1207 1143 τοσούτων
1222 1096 1431 1156 καμάτων
1448 1100 1522 1143 καὶ
1537 1096 1690 1143 πόνων

42 1184 83 1219 Ρ,
110 1185 181 1219 423
194 1171 266 1214 καὶ
292 1170 472 1226 δωρεῶν
503 1171 556 1229 τῇ
585 1166 812 1225 Ῥωμαίων
854 1165 1078 1227 ἡγεμονία,
1119 1162 1229 1212 ἄλλα
1265 1171 1346 1225 τῆς
1377 1185 1425 1212 τε
1455 1164 1687 1223 Ἀντιόχου

194 1235 370 1290 πόλεως
399 1238 538 1293 ἀπρὶξ
567 1234 738 1291 εἴχοντο
774 1238 864 1279 τῶν
891 1253 939 1279 τε
981 1230 1126 1279 ἄλλων
1163 1234 1456 1293 πολισμάτων
1493 1234 1597 1297 ἡμῖν
1637 1232 1689 1280 οὗ

193 1307 491 1364 μετεδίδοσαν,
523 1305 675 1364 φέρειν
705 1307 784 1349 οὐκ
821 1300 937 1359 εἶχεν
967 1300 1058 1348 οὐδ’
1099 1301 1215 1357 ὅλως
1253 1299 1448 1363 ἠνείχετο
1486 1304 1547 1364 μή
1588 1300 1689 1360 ου’χὶ
1705 1312 1734 1345 ΙΞ

194 1370 446 1432 ἀντιδρᾶσαι
470 1372 525 1418 τὰ
553 1373 685 1431 χείρω
717 1374 791 1417 καὶ
817 1374 897 1431 τῆς
935 1370 1140 1430 τοιαύτης
1170 1373 1503 1430 ἀπανθρωπίας
1529 1368 1690 1426 αὖτοὺς

195 1439 464 1500 α’μύνασθαι.
517 1441 568 1486 τὸ
587 1440 667 1500 γὰρ
695 1442 862 1486 ἐκείνου
882 1441 963 1498 μὲν
993 1436 1105 1485 εἶναι
1135 1439 1214 1494 τὰς
1237 1436 1498 1501 ἆμυθήτους
1519 1442 1686 1494 ἐκείνας

195 1508 364 1567 δωρεὰς
393 1510 464 1554 καὶ
494 1512 573 1553 τοῦ
603 1513 766 1566 χρυσοῦ
788 1507 892 1563 τούς
921 1513 1136 1568 θημῶνας
1157 1510 1230 1553 καὶ
1258 1507 1338 1568 τὴν
1358 1505 1688 1566 ἀνυπέρβλητον

196 1579 306 1634 ὑπὲρ
338 1573 485 1622 αὖτῶν
513 1578 728 1636 φροντίδα
757 1578 829 1621 καὶ
860 1579 951 1621 τῶν
980 1579 1087 1633 παρ’
1117 1572 1252 1621 αὗτοῦ
1285 1578 1506 1634 συνεργῶν
1535 1573 1689 1628 αὐτοῖς

197 1646 501 1705 πεμφθέντων
545 1643 885 1702 στρατευμάτων
930 1644 985 1688 τὰ
1029 1642 1204 1704 πλήθη,
1250 1642 1331 1703 τήν
1372 1645 1420 1689 δὲ
1463 1644 1688 1700 βασιλείαν
1702 1653 1734 1688 2(

193 1712 419 1771 Ῥωμαίων
462 1714 597 1773 μηδὲν
642 1715 851 1759 ἐντεῦθεν
895 1709 1172 1767 ἀπόνασθαι,
1219 1712 1324 1767 τοὺς
1365 1713 1414 1758 δὲ
1461 1711 1688 1771 Φράγγους

333 1873 363 1906 1.
389 1867 443 1905 ὅτι
470 1870 511 1911 F,
540 1867 593 1905 ὅτ’
619 1870 658 1906 Ρ.
813 1873 847 1908 5.
873 1868 1058 1917 Ῥωμαϊκὰ
1085 1866 1338 1917 στρατεύματα
1365 1868 1407 1914 F,
1433 1863 1688 1914 στρατεύματα

328 1915 511 1966 Ῥωμαϊκὰ
537 1918 576 1954 Ρ.
733 1919 766 1954 6.
797 1919 898 1954 δυεῖν
923 1919 966 1963 F,
994 1919 1100 1954 δυοῖν
1124 1918 1163 1954 Ρ.
1324 1921 1356 1955 8.
1385 1916 1449 1964 ὑφ’
1480 1917 1519 1960 F,
1545 1914 1614 1964 ἀφ’
1641 1916 1679 1951 Ρ.

328 1968 360 2002 9.
387 1967 462 2014 μὲν
490 1966 629 2002 addidi.
818 1969 873 2002 10.
901 1967 1042 2002 διδοῖεν
1068 1967 1216 2013 scripsi:
1245 1962 1392 2002 διδόναι
1417 1966 1455 2002 Ρ.
1631 1967 1686 2000 17,

329 2016 469 2055 ἐκείνας
494 2013 634 2062 δωρεὰς
658 2015 702 2057 F,
730 2014 871 2062 δωρεὰς
900 2016 1042 2055 ἐκείνας
1068 2015 1108 2051 Ρ.
1271 2017 1326 2052 18.
1352 2012 1435 2054 τοὺς
1459 2013 1532 2058 FC,
1559 2011 1622 2052 τὰς
1647 2013 1687 2048 Ρ.

331 2065 482 2099 19—21.
506 2067 565 2099 καὶ
591 2064 664 2099 τῶν
689 2065 775 2110 παρ’
791 2091 799 2099 .
815 2091 823 2099 .
839 2091 846 2099 .
866 2060 1085 2099 ἀπόνασθαι
1107 2064 1147 2099 in
1165 2076 1239 2110 mg.
1259 2064 1343 2100 add.
1361 2075 1398 2099 m
1431 2065 1448 2098 1
1469 2062 1511 2098 F.
1630 2062 1685 2097 19.

329 2110 449 2151 αὐτοῖς
475 2112 514 2154 F,
541 2109 651 2147 αὐτοῦ
678 2112 718 2148 Ρ.

193 2263 440 2299 barbarorum
458 2263 668 2299 iuramenta
695 2266 733 2298 et
756 2265 816 2299 tot
838 2265 1010 2309 sumptus
1034 2262 1255 2308 laboresque
1276 2274 1298 2298 a
1314 2272 1352 2297 se
1379 2261 1574 2307 impensos,
1591 2273 1687 2305 cum,

196 2316 363 2357 quamvis
378 2312 537 2357 superbe
561 2315 810 2358 proterveque
837 2323 879 2347 ea
905 2323 996 2358 gens
1027 2323 1066 2347 se
1089 2311 1275 2357 gessisset,
1301 2309 1591 2345 innumerabilia
1609 2310 1687 2345 eius

196 2361 344 2406 agmina
371 2371 413 2395 ex
440 2360 732 2396 occidentalibus
764 2361 876 2395 terris
910 2361 949 2395 in
976 2360 1103 2395 Asiam
1138 2359 1370 2404 deportasset
1396 2358 1516 2404 iisque
1549 2358 1688 2393 multos

196 2408 451 2444 Romanorum
489 2410 675 2444 exercitus
712 2413 843 2444 contra
869 2408 1010 2444 Turcas
1048 2408 1278 2443 adiunxisset
1304 2407 1459 2451 (fecerat
1483 2406 1522 2441 id
1548 2408 1688 2452 partim

196 2456 398 2492 christiana
423 2457 557 2493 ductus
581 2459 750 2502 caritate,
776 2469 823 2492 ne
850 2457 1057 2492 Turcarum
1082 2456 1217 2502 gladiis
1241 2456 1454 2500 interirent,
1479 2456 1620 2500 partim
1645 2458 1689 2490 ut

197 2515 219 2538 a
243 2506 350 2540 nobis
375 2505 497 2540 adiuti
523 2505 792 2541 lsmaelitarum
818 2506 928 2541 urbes
954 2506 1045 2540 alias
1072 2507 1294 2548 everterent,
1326 2503 1417 2539 alias
1450 2504 1686 2549 imperatori-

196 2553 264 2587 bus
280 2553 457 2589 Romanis
482 2566 526 2589 ex
553 2554 703 2589 foedere
724 2554 925 2589 redderent
939 2555 1066 2600 itaque
1078 2552 1170 2588 fines
1185 2552 1334 2599 imperii
1353 2551 1688 2598 promoverentur),

196 2613 241 2636 ex
266 2602 380 2636 tantis
406 2602 524 2647 igitur
550 2602 728 2638 molestiis
758 2603 1024 2649 laboribusque
1066 2605 1104 2637 et
1142 2601 1361 2636 muneribus
1398 2600 1493 2635 nihil
1529 2600 1689 2646 imperio

197 2649 364 2684 Romano
391 2649 535 2685 fructus
561 2651 787 2686 redundasse
813 2654 993 2696 reputans
1017 2662 1060 2686 ac
1084 2650 1142 2685 vel
1166 2650 1406 2685 Antiochiam
1433 2648 1525 2684 istos
1548 2648 1686 2684 mordi-

196 2709 260 2731 cus
284 2700 410 2732 tenere
435 2710 502 2733 nec
527 2699 671 2744 reliqua
698 2699 872 2734 Romanis
910 2699 1049 2745 oppida
1090 2697 1258 2742 reddere,
1297 2697 1396 2734 ferre
1433 2696 1576 2732 diutius
1613 2709 1688 2732 non

197 2746 333 2790 potuit,
361 2746 450 2791 quin
479 2747 575 2781 mala
600 2748 760 2782 referret
784 2751 1002 2794 tantamque
1019 2759 1146 2782 eorum
1165 2746 1476 2782 inhumanitatem
1497 2746 1686 2781 ulciscere.-

196 2798 270 2828 tur.
335 2793 516 2829 Tancrcdi
544 2795 641 2830 enim
680 2796 839 2831 utilitati
864 2807 940 2831 esse
968 2797 1166 2830 innumera
1191 2795 1256 2830 illa
1279 2794 1379 2830 dona
1409 2794 1566 2840 aurique
1589 2805 1687 2829 acer·

196 2853 261 2877 vos
286 2845 324 2876 et
348 2853 475 2877 curam
502 2843 602 2878 illam
629 2844 846 2879 immensam
888 2844 1224 2889 multitudinesque
1248 2843 1481 2879 exercituum
1521 2842 1578 2877 his
1602 2853 1624 2876 a
1649 2852 1688 2876 se
1721 2879 1734 2890 .

195 2890 337 2926 auxilio
383 2891 591 2936 missorum,
618 2891 827 2926 Romanum
853 2895 975 2926 autem
1016 2892 1216 2937 imperium
1253 2891 1350 2926 nihil
1387 2891 1474 2926 inde
1502 2888 1717 2926 commodi‘
