1734 3120
215 229 298 273 210
716 231 881 269 ANNAE
910 228 1176 267 ΟΟΜΝΕΝΑΕ

215 370 284 398 σιν
313 350 381 396 ὅτι
414 347 539 394 ’((κᾶν
568 347 633 402 σύ,
664 349 857 405 βασιλεῦ,
891 346 969 399 τὰς
998 344 1230 403 προνομὰς
1259 346 1330 390 καὶ
1366 344 1581 402 ἐκδρομὰς
1611 346 1700 389 τῶν

187 457 191 467 ,
216 422 398 465 Κελτῶν
429 418 507 479 ὅλῃ
527 419 638 474 χειρὶ
658 419 729 461 καὶ
745 414 894 474 γνώμῃ
916 412 1100 458 κωλύων
1119 407 1252 474 ἦσθα,
1279 411 1391 459 ἀλλὰ
1411 413 1580 458 τούτων
1599 411 1702 458 οἴνα-

216 485 521 533 πεπτωκότων
540 486 613 530 καὶ
637 481 1018 540 ἑπινυσταζόντων
1051 482 1116 528 ἔτι
1143 484 1249 541 περὶ
1280 481 1359 544 τὴν
1390 481 1590 543 φυλακὴν
1620 487 1701 528 τοῦ

217 559 431 614 πορθμοῦ
455 554 783 612 Λογγιβαρόιάς
807 550 969 610 σχολήν
996 552 1045 607 ἐξ
1067 552 1250 610 ἀνάγκης
1280 549 1321 594 οἳ
1346 549 1463 608 πρὸς
1493 549 1571 595 τὸν
1595 554 1703 595 Βαΐ-

216 628 407 682 ,ιιοῦντον
422 619 788 679 ὄιαπλωῖζόμενοι
815 622 889 664 καὶ
912 619 967 663 τὰ
992 617 1108 676 πρὸς
1128 620 1277 677 χρείαν
1300 620 1554 676 κομίζοντες
1577 618 1702 674 ἔχου-
1717 624 1734 658 5

217 710 299 739 σιν.
330 690 369 737 οἳ
398 690 477 750 γὰρ
497 686 588 735 ἀπὸ
605 690 931 748 Λογγιβαρδιάς
950 686 1040 744 πρὸ
1063 691 1222 745 μικροῦ
1248 686 1364 745 πρὸς
1383 686 1462 733 τὸν
1483 690 1704 745 Βαϊμοῦν-

217 778 295 806 τον
317 758 395 805 τὸν
414 754 650 803 ἆπόπλουν
666 755 959 816 ποιησάμενοι
980 755 1058 800 τὸν
1078 757 1348 801 ἐπιπνέοντα
1370 754 1546 810 τούτοις
1573 751 1706 801 ⁸35&-

73 843 111 878 P.
136 843 206 878 396
218 847 295 873 τον
314 825 651 886 ἐπιτηρήσαντες
679 820 840 882 ἔνεμον
878 826 970 879 (καὶ
999 824 1078 882 γὰρ
1110 823 1232 869 νότοι
1261 826 1342 882 μὲν
1360 821 1505 881 εὗρεῖς
1523 819 1701 869 εὔθετοι

218 901 313 949 τοῖς
332 891 423 940 ἀπὸ
440 894 766 953 Λογγιβαρόίας
789 893 904 951 πρὸς
932 893 983 938 τὸ
1003 891 1237 950 Ἰλλυρικὸν
1266 894 1554 938 διαπλέουσίν
1580 892 1702 945 εἶσιν,

220 963 261 1010 οἳ
281 966 329 1010 δέ
346 982 392 1022 γε
412 967 563 1021 βορεῖς
589 959 837 1020 ἀνάπαλιν),
861 961 1170 1020 πτερώσαντες
1189 961 1269 1015 τὰς
1288 966 1391 1016 ναῦς
1409 966 1507 1016 τοῖς
1526 963 1703 1022 λαίφεσι
1720 967 1734 1001 1

217 1031 295 1078 τὸν
324 1031 438 1090 πρὸς
465 1032 517 1076 τὸ
542 1028 775 1087 Ἰλλυρικὸν
794 1029 1031 1075 ἀπόπλουν
1049 1028 1152 1075 τότε
1183 1029 1448 1089 ἐθάρρησαν.
1497 1032 1707 1091 σφοδρῶς

219 1103 268 1147 δὲ
294 1099 318 1147 ὁ
350 1099 478 1154 νότος
507 1101 732 1145 ἐπιπνέων
751 1100 1051 1157 προσορμίσαι
1086 1100 1166 1156 μὲν
1193 1098 1257 1152 εἰς
1276 1098 1328 1143 τὸ
1351 1097 1597 1157 Δυρράχιον
1627 1098 1706 1143 ου’-

219 1170 370 1226 δαμῶς
397 1165 659 1224 παρεχώρει,
691 1169 999 1224 παραπλεῦσαι
1031 1168 1079 1211 δὲ
1109 1166 1188 1225 τὴν
1214 1162 1342 1228 ἠϊόνα
1363 1167 1611 1224 Δυρραχίου
1633 1167 1705 1210 καὶ

219 1237 296 1283 τὸν
324 1233 517 1282 Λῦλῶνα
546 1237 806 1292 καταλαβεῖν
826 1232 1051 1295 ἠνάγκασε.
1094 1240 1218 1280 κεῖθι
1239 1235 1287 1280 δὲ
1305 1234 1384 1289 τὰς
1401 1233 1706 1295 μἰ.>ριοφόρους

220 1303 404 1358 ὁλκάδας
433 1304 814 1362 προσορμίσαντες
843 1302 1047 1360 δυνάμεις
1076 1321 1124 1347 τε
1159 1301 1328 1356 πολλὰς
1357 1304 1406 1359 ἐξ
1428 1301 1607 1347 ἱππέων
1635 1303 1734 1347 καὶ]

220 1375 368 1430 πεζῶν
396 1370 742 1430 συνεπαγόμενοι
763 1374 835 1416 καὶ
864 1370 918 1416 τὰ
950 1374 1123 1433 ζωαρκῆ
1150 1369 1326 1415 ἅπαντα
1354 1373 1417 1430 τῷ
1442 1368 1706 1429 Βαϊμούντῳ

221 1439 565 1500 προσαγηόχασι.
621 1437 867 1485 κάντεῦθεν
898 1438 1161 1500 πανηγύρεις
1179 1441 1350 1493 πολλᾶς
1370 1438 1705 1501 συνεστήσαντο,

181 1507 283 1562 Βῶς
309 1504 632 1568 ἀφθονώτερον
662 1509 838 1553 ἐκεῖθεν
874 1507 915 1552 οἳ
948 1510 1112 1552 Κελτοὶ
1147 1507 1202 1552 τὰ
1233 1506 1352 1565 πρὸς
1387 1509 1603 1566 διοίκησιν
1633 1509 1708 1565 ἒμ-

223 1575 540 1633 πορεύωνται.”
585 1574 610 1621 ὁ
640 1577 688 1621 δὲ
719 1575 923 1633 βασιλεΐς
952 1581 1109 1634 θυμοῦ
1139 1578 1362 1635 πλησθεὶς
1390 1574 1469 1621 τὸν
1496 1572 1708 1620 Ἰσαάκιον

223 1643 367 1689 πολλὰ
394 1646 707 1702 κατεμέμψατο
736 1646 808 1688 καὶ
837 1641 1199 1704 ἅπειλησάμενος,
1232 1644 1271 1690 εἰ
1300 1643 1361 1704 μὴ
1390 1642 1734 1702 ὁιορθώσοιτο,ς

221 1708 498 1766 ἄνυστάκτως
527 1714 800 1772 ἐγρηγορέναι
821 1713 1064 1759 ἀνέπεισεν.
1109 1715 1209 1763 ἐπεὶ
1240 1715 1288 1758 δὲ
1317 1711 1376 1773 μὴ
1405 1712 1515 1758 κατὰ
1535 1711 1709 1772 γνώμην

221 1785 284 1840 τῷ
314 1779 667 1841 Κοντοστεφάνῳ
698 1783 964 1839 ἐπεραίνετο.
996 1784 1086 1838 (καὶ
1124 1781 1207 1841 γάρ
1245 1780 1369 1839 ἅπαξ
1404 1783 1476 1827 καὶ
1511 1784 1579 1835 δὶς
1612 1783 1710 1827 ἐπι-

360 1903 412 1938 17.
437 1900 721 1951 προσηγηόχασι
745 1903 787 1940 F.
1016 1905 1070 1940 18.
1097 1904 1242 1940 ἐκεῖθεν
1268 1905 1304 1938 οἱ
1327 1903 1370 1948 F,
1396 1903 1543 1939 ἐκεῖθεν
1566 1913 1639 1938 om.
1665 1902 1705 1938 P.

359 1951 414 1987 19.
444 1950 530 1986 *τὸν
556 1952 598 1988 F.
780 1953 837 1988 20.
865 1949 1110 1999 ὃιορθώσοιτο
1136 1952 1179 1998 F,
1205 1947 1439 1999 διορθώσατο
1465 1951 1505 1987 P.
1651 1952 1707 1985 21.

355 1995 552 2036 ἀνέπεισεν
574 2000 616 2043 F,
642 1997 816 2037 ἀνέπεισε
843 2001 882 2037 Ρ.
1007 2003 1065 2037 22.
1091 1997 1331 2048 ἐπιχειρήσας
1357 2000 1399 2045 F,
1426 2001 1655 2047 ἒπιχειρίοας
1669 1999 1708 2037 Ρ.

223 2108 370 2144 inerant
383 2109 422 2145 in
436 2110 483 2145 iis
497 2110 601 2146 haec:
621 2110 812 2157 “quamvis
826 2115 879 2157 tu,
893 2112 1111 2158 imperator,
1127 2111 1363 2148 excursiones
1379 2111 1570 2147 Gallorum
1587 2121 1630 2146 ac
1647 2121 1711 2156 po-

223 2157 431 2202 pulationes
445 2159 546 2194 omni
565 2160 603 2195 vi
620 2161 795 2206 omnique
813 2160 937 2196 studio
959 2160 1182 2207 praepedire
1201 2160 1377 2206 volueris,
1395 2159 1566 2196 socordia
1584 2162 1709 2194 tamen

222 2216 361 2251 eorum,
390 2207 524 2252 quibus
549 2207 825 2254 Longibardiae
854 2209 944 2245 freti
967 2209 1137 2245 custodia
1159 2209 1335 2244 mandata
1365 2211 1458 2254 erat,
1485 2207 1626 2244 factum
1643 2210 1711 2251 est,

223 2256 267 2288 ut
297 2266 407 2289 naves
436 2255 483 2290 ad
508 2255 760 2292 Boemundum
799 2258 1012 2293 traicientes
1049 2270 1134 2293 cum
1159 2258 1271 2293 rebus
1298 2257 1473 2293 omnibus
1496 2255 1711 2292 necessariis

224 2302 375 2338 minime
400 2304 609 2340 turbentur.
661 2306 726 2351 qui
752 2307 850 2341 enim
876 2306 1000 2351 paullo
1029 2310 1115 2342 ante
1140 2318 1159 2341 e
1181 2306 1438 2352 Longibardia
1463 2305 1510 2340 ad
1527 2305 1710 2340 Boemun·

225 2350 311 2385 dum
339 2352 505 2396 pervecti
530 2355 628 2398 sunt,
655 2353 830 2389 idoneum
856 2355 929 2390 sibi
965 2358 1119 2390 ventum
1147 2358 1445 2401 expectaverant.
1510 2365 1597 2389 nam
1624 2363 1707 2388 cum

224 2399 343 2434 austri
367 2399 441 2435 late
466 2401 650 2446 spirantes
688 2403 725 2437 in
762 2402 950 2448 Illyricum
976 2415 996 2438 e
1022 2402 1282 2449 Longibardia
1315 2403 1582 2449 navigantibus
1608 2412 1710 2447 pros·

226 2447 306 2491 peri
335 2447 421 2493 sint,
446 2448 582 2484 boreae
615 2453 740 2485 autem
774 2451 932 2497 adversi,
965 2451 1085 2497 plenis
1122 2452 1214 2487 velis
1250 2453 1290 2487 in
1326 2452 1517 2498 Illyricum
1544 2450 1709 2496 pervecti

226 2495 499 2540 navigationem
524 2497 682 2534 feliciter
706 2499 956 2536 confecerunt.
1009 2504 1134 2536 austro
1173 2512 1261 2536 vero
1299 2501 1480 2536 acerrimo
1508 2499 1555 2534 ad
1573 2499 1710 2545 Dyrra-

226 2542 353 2598 chium·
374 2545 558 2590 appellere
575 2558 647 2581 non
667 2548 840 2592 permissi
865 2548 955 2584 litus
970 2548 1167 2594 Dyrrachii
1183 2549 1433 2595 praetervecti
1459 2548 1507 2584 ad
1526 2547 1710 2583 Aulonem

227 2590 408 2635 proficisci
433 2594 553 2629 coacti
578 2598 676 2640 sunt,
705 2596 769 2631 ubi
797 2608 909 2632 naves
939 2598 1128 2633 onerarias
1144 2597 1402 2643 capacissimas
1417 2597 1708 2639 constituerunt,

227 2642 269 2693 ut
293 2643 479 2685 equestres
505 2653 547 2678 ac
570 2643 759 2687 pedestres
784 2645 910 2690 copias
930 2657 1083 2691 magnas
1108 2658 1192 2682 cum
1218 2646 1339 2681 omnis
1362 2645 1510 2692 generis
1532 2655 1712 2681 commea-

226 2687 328 2742 tibus
351 2688 565 2726 Boemundo
591 2691 791 2728 adferrent.
841 2693 974 2729 deinde
1000 2694 1136 2730 multos
1160 2697 1344 2730 mercatus
1370 2695 1628 2736 instituerunt,
1666 2694 1709 2727 ut

226 2734 366 2790 lurgius
390 2737 492 2773 illinc
516 2738 801 2784 importarent.”
839 2745 879 2777 at
903 2742 1109 2788 imperator
1134 2743 1192 2778 ira
1221 2743 1340 2779 elatus
1366 2743 1406 2778 in
1430 2742 1611 2778 Isaacium
1629 2751 1712 2787 gra-

226 2787 323 2819 viter
359 2785 527 2821 invectus
561 2791 635 2832 est3
677 2800 834 2835 cumque
875 2790 984 2826 simul
1022 2791 1242 2837 minaretur,
1281 2792 1354 2827 nisi
1390 2790 1597 2837 prudenter
1633 2799 1710 2824 rem

227 2835 386 2877 gereret,
413 2833 459 2867 ad
484 2835 714 2880 vigilandum
742 2838 893 2883 quidem
921 2839 1103 2874 intentius
1129 2852 1214 2875 eum
1253 2840 1441 2881 excitavit,
1471 2839 1534 2874 sed
1558 2838 1733 2881 minime„

228 2880 529 2929 Contostephano
566 2895 625 2919 res
664 2896 706 2920 ex
747 2887 871 2922 animo
908 2887 1028 2923 cessit.
1095 2899 1181 2923 nam
1215 2888 1326 2924 semel
1351 2888 1565 2934 iterumque
1589 2885 1723 2935 Gallosj
