1780 3138
277 235 355 275 158
773 236 937 271 ANNAE
967 232 1233 269 COMNENAE

274 352 603 412 βαστοκράτορα
631 348 878 409 βαρβάρους
899 346 1178 405 θεασάμενος
1208 347 1283 391 ἐπὶ
1308 347 1399 390 τῶν
1428 345 1563 402 ὤμων
1591 342 1646 388 τὰ
1669 342 1761 389 ἓτε-

233 422 472 481 Βρόστομα
517 423 621 481 ξίφη
665 420 973 477 κραδαίνοντας
1018 416 1232 473 ἔντρομος
1269 412 1460 473 γεγονώς
1497 416 1762 474 παραχρῆμα

275 490 447 536 ἅπαντα
475 486 732 549 ἀπαγγέλλει
771 485 873 540 τοί-ς
909 503 956 530 τε
998 485 1258 540 συνίστορας
1290 479 1583 540 ὁμολογήσας,
1627 482 1763 540 μηδὲν

276 561 324 605 δὲ
353 561 457 615 περὶ
486 561 565 603 τοῦ
597 555 737 617 φόνου
769 554 928 600 εἰδέναι
969 549 1359 609 διισχυριζόμενος.
1429 546 1526 595 εἶτα
1565 551 1764 607 παραδο-

276 629 432 681 θέντες
450 631 545 680 τοῖς
559 624 636 687 τὴν
656 622 851 684 φυλακὴν
871 620 1040 667 τούτων
1062 620 1490 676 ἑμπεπιστευμένοις
1511 618 1617 679 [τῶν
1635 613 1780 662 vivan-³

275 695 434 755 τόρων]
465 697 536 740 καὶ
575 694 873 750 διαιρεθέντες
904 691 1151 753 ἔμφρουροι
1191 687 1405 747 γεγόνασι.
1480 686 1586 741 τούς
1626 687 1675 732 δέ
1716 704 1762 745 γε

125 773 166 808 P.
194 772 264 808 362
278 762 467 817 λοιπούς
496 755 631 815 αὖθις
659 757 842 820 ἠρώτων
872 760 977 816 περὶ
1005 761 1084 803 τοῦ
1116 756 1352 816 δράματος.
1414 753 1766 815 ὁμολογήσαντες

277 832 325 876 δὲ
353 830 526 876 ἅπαντα
554 831 626 875 καὶ
654 830 763 888 μηδὲ
791 826 868 873 τὸν
897 825 1037 888 φόνον
1068 824 1408 883 ἕπικρύψαντες,
1439 825 1539 870 ἐπεὶ
1570 822 1612 868 οἱ
1634 841 1766 882 στρα-

277 902 431 945 τιῶται
471 901 630 944 τοῦτον
682 897 1019 955 μεμελετηκέναι
1076 892 1364 954 ἐγνώσθησαν
1415 894 1488 939 καὶ
1529 895 1697 951 μᾶλλον
1740 889 1764 936 ὃ

278 965 465 1024 Ἀνεμᾶς
482 964 670 1026 ΖγΙιχαήλ,
699 963 722 1010 ὁ
747 966 818 1010 καὶ
843 968 923 1023 τῆς
937 965 1100 1023 βουλῇς
1120 967 1378 1023 κορυφαῖος,
1407 963 1526 1008 ὀ-καὶ
1549 960 1660 1006 κατὰ
1679 963 1763 1006 τοῦ

279 1032 601 1094 αὐτοκράτορος
616 1032 772 1095 φόνιον
786 1034 944 1087 πνέων,
962 1030 1159 1085 ἅπαντας
1175 1033 1437 1089 περιορίσας
1451 1032 1524 1076 καὶ
1540 1029 1623 1084 τοὶς
1634 1033 1768 1089 ’σφιῦν

281 1103 490 1163 ἐδήμευσε
519 1103 787 1161 περιουσίας.
836 1102 860 1146 ὁ
889 1102 1038 1159 μέντοι
1069 1097 1192 1155 οἶκος
1220 1103 1300 1145 τοῦ
1321 1102 1615 1157 Σολομῶντος
1640 1116 1768 1155 περι-

281 1171 420 1232 φανὴς
446 1170 508 1216 ὢν
539 1169 678 1230 ἐδόθη
699 1169 814 1228 πρὸς
832 1171 910 1231 τὴν
930 1165 1207 1228 Λῖἷγουσταν.
1249 1170 1390 1228 ἐκείνη
1411 1169 1471 1222 δέ,
1501 1166 1642 1213 ὁποία
1662 1167 1768 1223 περὶ

281 1239 335 1284 τὰ
363 1242 554 1293 τοιαῦτα,
591 1235 740 1284 οἶκτον
768 1240 963 1295 λαβοῦσα
994 1240 1073 1299 τῆς
1107 1241 1187 1282 τοῦ
1217 1239 1512 1294 Σολομῶντος
1543 1234 1768 1293 όμευνέτι-

283 1311 361 1362 δος
387 1304 683 1365 ἆπεχαρίσατο
711 1310 870 1352 τοῦτον
899 1302 1008 1368 αὐτῇ
1031 1307 1141 1365 μηδὲ
1169 1305 1221 1351 τὸ
1243 1305 1375 1362 τυχὸν
1396 1306 1574 1351 ἐκεῖθεν
1604 1300 1770 1365 άφελο-

282 1378 400 1436 μένη.
441 1375 519 1421 τὸν
547 1378 694 1433 μέντοι
722 1377 989 1432 Σολομῶντα
1017 1374 1274 1434 ἔμφρουρον
1305 1371 1421 1431 εἶχεν
1451 1371 1769 1436 ἧΣωζόπολις.

239 1443 360 1488 Βτόν
388 1444 436 1488 δὲ
464 1439 652 1501 Ἀνεμᾶν
684 1445 755 1488 καὶ
785 1442 894 1497 τούς
926 1441 1006 1488 σὺν
1035 1439 1154 1503 αὗτῷ
1189 1441 1250 1497 ὡς
1278 1443 1580 1500 πρωταιτιόυς
1599 1442 1672 1486 καὶ
1691 1438 1771 1500 τὴν

131 1523 175 1559 V.
200 1524 268 1559 287
283 1514 328 1557 ἐν
355 1515 445 1572 χρῷ
470 1511 630 1570 κουρὰν
662 1516 739 1572 τῆς
767 1514 961 1572 κεφαλῆς
988 1513 1059 1557 καὶ
1089 1515 1169 1556 τοῦ
1200 1510 1418 1570 πώγωνος
1454 1508 1661 1569 ψιλώσας
1698 1507 1771 1554 διὰ

282 1581 417 1639 μέσης
459 1584 723 1637 πομπεῦσαι
764 1584 840 1641 τῆς
889 1576 1060 1639 οἷγορᾶς
1107 1579 1477 1638 παρεκελεύσατο,
1534 1575 1631 1624 εἶτα
1675 1579 1770 1634 ἐξο-

284 1651 504 1707 ρυχθῆναι
538 1648 642 1702 τους
671 1644 952 1708 ὀφθαλμούς.
1028 1646 1362 1706 παραλαβόντες
1391 1641 1470 1694 οὖν
1498 1645 1684 1700 τούτους
1728 1643 1768 1691 οἶ

281 1719 475 1775 σκηνικοὶ
504 1718 576 1761 καὶ
606 1716 795 1770 σάκκους
821 1715 1147 1775 περιβαλόντες,
1187 1716 1266 1771 τὰς
1301 1718 1349 1762 δὲ
1377 1716 1578 1777 κεφαλάς
1619 1716 1769 1766 ἐντοσ-

280 1785 402 1837 θίοις
429 1789 549 1841 βοῶν
592 1787 663 1830 καὶ
711 1783 950 1843 προβάτων
993 1787 1161 1839 ταινίας
1206 1787 1329 1845 δίκην
1375 1783 1678 1843 κοσμήσαντες
1723 1784 1768 1828 ἑν

278 1854 432 1908 βουσὶν
476 1851 762 1912 ἀναγαγόντες
806 1855 879 1899 καὶ
925 1855 1239 1912 ἑγκαθίσαντες
1284 1850 1341 1900 οὗ
1382 1855 1626 1913 περιβάδην
1655 1849 1769 1898 ἀλλὰ

415 1934 447 1969 5.
473 1934 546 1970 τῶν
571 1930 783 1980 ἀνακτόρων
807 1934 954 1971 seclusi.
1054 1937 1108 1971 14.
1134 1936 1383 1983 Σολομῶντος
1397 1935 1434 1982 C,
1459 1934 1711 1982 Σαλομῶντος
1728 1933 1768 1970 Ρ.

415 1983 471 2017 21.
500 1979 758 2029 περιβαλόντες
781 1983 851 2028 FC,
878 1981 1159 2031 περιβαλλόντες
1182 1984 1236 2021 sic
1250 1984 1289 2020 P.

282 2070 402 2123 torem
440 2069 599 2104 intuitus
635 2070 887 2117 barbarosque
913 2083 997 2106 eum
1031 2073 1327 2117 circumstantes,
1366 2072 1431 2118 qui
1456 2070 1601 2118 gladios
1637 2071 1677 2105 in
1704 2069 1771 2105 hu-

283 2127 394 2151 mens
419 2128 464 2152 ex
503 2129 575 2152 una
612 2122 718 2163 parte
757 2123 885 2155 acutos
911 2120 1122 2166 gestabant,
1150 2120 1198 2156 ad
1216 2124 1420 2156 tremorem
1447 2131 1565 2166 usque
1589 2118 1768 2165 perterri-

284 2167 345 2220 tus
370 2169 503 2201 cuncta
528 2167 655 2201 statim
682 2167 869 2203 confessus
900 2172 956 2204 est
982 2169 1225 2215 prodiditque
1251 2170 1419 2204 omnium
1445 2169 1679 2205 consciorum
1704 2179 1768 2202 no·

285 2225 401 2269 mma,
436 2215 679 2259 pertinaciter
716 2220 839 2251 tamen
877 2229 1128 2263 perseverans,
1168 2218 1267 2253 nihil
1304 2229 1343 2253 se
1379 2217 1426 2253 de
1460 2216 1572 2253 caede
1609 2217 1767 2252 novisse.

285 2264 363 2317 tum
393 2263 455 2297 isti
483 2263 557 2298 suis
594 2264 810 2300 custodibus
849 2266 982 2301 traditi
1024 2267 1063 2301 in
1102 2270 1294 2312 separatos
1329 2277 1496 2302 carceres
1532 2265 1637 2301 ducti
1674 2267 1772 2300 sunt.

284 2309 418 2344 demde
443 2312 556 2346 ceteri
583 2324 729 2358 quoque
753 2313 882 2348 eadem
908 2314 953 2350 de
978 2326 1020 2349 re
1038 2315 1264 2361 interrogati
1290 2316 1417 2350 omnia
1434 2313 1709 2350 confirmarunt
1735 2314 1772 2347 et

285 2369 330 2392 ne
356 2358 502 2414 caedem
528 2360 675 2405 quidem
711 2362 943 2398 reticuerunt
968 2364 1106 2408 ipsam3
1133 2375 1293 2409 cumque
1330 2363 1470 2400 milites
1507 2375 1587 2398 eam
1623 2371 1773 2408 parasse

285 2409 430 2451 pateret
441 2409 695 2463 'luprimisque
709 2409 925 2446 Michaelem
944 2412 1136 2457 Anemum,
1162 2413 1280 2448 totius
1298 2412 1446 2448 consilii
1466 2412 1687 2458 principem,
1705 2410 1772 2445 im-

285 2458 468 2499 peratoris
503 2458 717 2503 sanguinem
758 2459 1004 2504 anhelantem,
1036 2460 1228 2496 decretum
1262 2464 1328 2506 est,
1363 2464 1408 2496 ut
1433 2460 1634 2506 publicatis
1666 2458 1774 2494 bonis

286 2514 410 2538 omnes
435 2503 733 2550 deportarentur.
784 2507 991 2544 Solomonis
1016 2509 1125 2544 aedes
1161 2521 1341 2556 perquam
1367 2509 1557 2556 elegantes
1582 2509 1773 2554 Augustae

285 2550 442 2605 donatae
468 2556 564 2608 sunt,
592 2565 685 2608 quae
713 2558 837 2590 tamen
863 2569 933 2602 pro
959 2558 1074 2592 animi
1095 2557 1220 2593 indole
1246 2559 1425 2593 miserata
1450 2557 1658 2593 Solomonis
1684 2566 1772 2591 uxo·

285 2610 337 2633 ris
362 2611 407 2634 ne
431 2612 584 2636 minima
602 2602 749 2647 quidem
780 2616 822 2639 re
846 2608 999 2651 excepta
1025 2606 1106 2641 illas
1134 2606 1168 2641 ei
1186 2606 1398 2652 gratificata
1423 2609 1490 2642 est.
1541 2606 1622 2652 ipse
1647 2607 1772 2640 autem

285 2646 458 2704 Solomon
472 2648 681 2695 Sozopolim
710 2655 764 2687 est
790 2653 827 2687 in
854 2653 1061 2689 custodiam
1087 2654 1278 2691 deductus.
1321 2655 1502 2690 Anemam
1529 2657 1655 2690 autem
1676 2653 1768 2689 eius-

285 2707 498 2751 que-Soclos
523 2701 565 2733 ut
590 2699 858 2736 coniurationis
883 2706 1052 2738 auctores
1078 2703 1125 2738 ad
1153 2707 1275 2739 cutem
1302 2707 1411 2739 tonso
1435 2704 1559 2749 capite
1589 2706 1626 2738 et
1651 2701 1770 2737 barba

285 2747 554 2800 Pepltu?‚1'st⁸?³
579 2759 646 2792 per
671 2748 833 2783 medium
871 2749 995 2785 forum
1034 2751 1243 2797 imperator
1279 2752 1440 2796 traduci,
1475 2751 1610 2787 deinde
1649 2748 1765 2786 oculis

286 2803 428 2837 privari
453 2797 569 2850 iussit.
610 2807 701 2850 quos
726 2799 807 2832 tum
826 2799 982 2834 scaenici
1002 2800 1252 2844 apprehensos
1266 2802 1383 2836 saccis
1399 2800 1606 2836 induerunt
1623 2809 1767 2835 eorum-

286 2851 358 2885 que
382 2844 506 2897 capita
531 2845 717 2897 intestinis
741 2845 853 2880 boum
880 2847 1078 2892 oviumque
1104 2849 1210 2894 quasi
1236 2849 1371 2884 taeniis
1395 2851 1602 2894 ornarunt3
1635 2845 1770 2883 deinde

286 2888 404 2924 bobus
429 2894 621 2935 impositos
648 2893 819 2928 cruribus
846 2906 919 2930 non
945 2894 1075 2931 divisis
1117 2897 1180 2932 sed
1218 2897 1265 2932 ad
1292 2909 1407 2932 unum
1446 2897 1544 2933 latus
1580 2890 1780 2932 eonversif
