1780 3138
271 216 348 256 156
773 220 938 254 ΑΝΝΑΕ
965 218 1232 253 COMNENAE

268 340 481 384 συνέθετο
509 334 720 389 κοινωνός
750 333 853 392 ἦιιῖν
883 336 961 394 τῆς
988 335 1151 394 βουλῆς
1180 335 1271 377 τῶν
1306 331 1487 378 πάντων
1522 332 1750 379 ἓοεσθαι.”

223 415 250 451 G
267 406 291 453 ὁ
323 408 370 453 δὲ
399 407 569 464 μωρίαν
597 403 755 450 τούτου
782 400 1207 463 καταψηφισάμενος
1245 403 1318 447 καὶ
1347 403 1601 464 περίφοβος
1629 419 1752 461 γεγο-

266 474 362 530 νώς,
396 474 455 528 ιῦς
483 473 685 533 μηδόλως
709 473 943 529 ἐχεμυθεῖν
975 468 1208 531 πεφυκότα
1243 468 1462 530 διαγνούς,
1507 466 1658 517 οὐκέθ’
1692 470 1753 526 ὠς

266 543 318 589 το
348 542 570 602 πρότερον
598 540 713 599 πρὸς
742 537 873 586 αὖτὸν
903 541 1072 600 ἐφοίτα.

380 618 418 659 6.
478 610 530 657 Οἳ
549 612 627 668 μὲν
650 603 725 655 οὖν
742 611 1019 667 στρατιῶται,
1046 607 1150 662 τοὺς
1162 604 1407 666 Ἆνεμάδας
1429 611 1545 670 φημὶ
1560 611 1634 655 καὶ
1654 606 1780 656 'Am

268 680 442 737 τιόχους
459 681 646 733 καὶτοὺς
675 677 844 724 τούτων
871 675 1140 735 συνωμότας,
1174 675 1284 722 κατὰ
1314 680 1394 723 τοῢ
1425 680 1655 734 βασιλικοῦ
1676 677 1755 737 τὴν

271 751 508 808 σκαιωριάν
538 751 771 794 ἐποιοῦντο
818 745 1032 804 σώματος,
1071 748 1127 791 ἵν’
1160 745 1350 805 ὁπηνίκα
1379 751 1535 805 καιροῦ
1561 743 1751 793 εὗθέτου

268 818 450 875 τύχοιεν,
481 815 688 875 παρευθύ
733 815 811 861 τὸν
839 813 1144 873 μελετώμενον
1173 815 1285 860 κατὰ
1315 818 1395 861 τοῦ
1429 811 1756 874 αι’·τοκρᾶτορος

269 885 408 947 φόνον
423 885 486 939 εἷς
516 885 643 943 ἔργον
672 882 938 942 προάξωσιν.
983 882 1043 938 (ὃς
1073 883 1265 942 δὲπαρά
1286 886 1366 943 τῆς
1395 884 1611 943 προνοίας
1630 879 1756 929 ὅῖδεια

271 951 453 1012 οὖδεμία
471 952 645 1007 τούτοις
666 954 835 998 ἐδίδοτο
857 954 928 997 καὶ
947 951 969 997 ὁ
990 951 1141 1010 καιρὸς
1161 951 1452 1011 παρερρύετο,
1478 954 1780 1013 πτοηθέντες]

269 1019 330 1082 μὴ
359 1020 616 1082 κατάφωροι
646 1023 863 1080 γένωνται,
897 1017 946 1066 ὃν
975 1019 1214 1081 ἐπεζήτουν
1244 1021 1397 1079 καιρὸν
1431 1021 1590 1078 ἔδοξαν
1630 1020 1757 1081 εὑρη-

227 1093 399 1137 Βκέναι.
460 1092 558 1135 ἐπεὶ
589 1088 667 1148 γὰρ
700 1089 723 1135 ὁ
754 1086 1041 1148 αὐτοκράτωρ
1072 1089 1183 1147 μετὰ
1212 1089 1264 1136 τὸ
1298 1092 1617 1152 διυπνισθῆναι
1648 1089 1758 1135 κατὰ

271 1161 415 1219 δείλην
443 1158 555 1219 ἑῴαν
583 1159 660 1220 τὴν
688 1160 734 1204 ἐκ
761 1161 850 1203 τῶν
880 1161 1060 1204 πολλῶν
1091 1160 1352 1219 φροντίδων
1375 1159 1650 1218 ἐγγινομένην
1678 1157 1758 1205 δίλ-

270 1247 354 1288 μην
382 1229 730 1286 καταγλυκαίνειν
772 1228 942 1272 ἐθέλων
985 1228 1124 1273 ἐνιότε
1168 1227 1506 1286 συμπαίστορας
1549 1224 1641 1284 εἶχε
1669 1230 1759 1274 τῶν

272 1298 508 1355 συγγενέων
537 1296 655 1350 τινὰς
685 1298 854 1353 παίζων
884 1296 935 1342 τό
985 1300 1204 1356 ζατρίκιον
1246 1297 1424 1358 (παιδιὰ
1461 1300 1510 1343 δὲ
1545 1300 1679 1343 τοῦτο
1712 1299 1780 1343 ἐκ]

272 1370 351 1426 τῆς
377 1369 466 1411 τῶν
493 1362 740 1425 Ἀσσυρίων
768 1370 939 1428 τρυφῆς
976 1369 1261 1427 ἐξευρημένον
1291 1370 1364 1413 καὶ
1401 1367 1465 1422 εἷς
1503 1366 1618 1426 ἡμᾶς
1648 1368 1759 1412 ἐκεῖ-

126 1445 165 1481 Ρ.
193 1446 260 1480 361
275 1440 358 1481 θεν
386 1433 630 1494 ἐληλυθός),
672 1433 711 1480 οἳ
746 1434 824 1497 τὴν
866 1436 1121 1496 τυραννικὴν
1165 1438 1479 1494 ἐξοπλίσαντες
1520 1439 1647 1497 χεῖρα
1687 1434 1760 1479 διὰ

275 1506 359 1548 τοῦ
386 1505 612 1560 βασιλικοῦ
642 1505 926 1550 κοιτωνίσκου
958 1504 1142 1562 ἔμελλον
1179 1503 1240 1559 ὠς
1270 1503 1335 1559 εἷς
1359 1503 1438 1551 τὸν
1462 1504 1646 1561 βασιλέα
1674 1521 1760 1559 χω-

277 1574 405 1638 ρῆσαι
431 1570 508 1616 τὸν
534 1570 673 1631 φόνον
704 1568 945 1627 ὦδίνοντες.
998 1572 1021 1618 ὁ
1050 1575 1099 1618 δέ
1127 1592 1195 1619 τοι
1220 1572 1449 1630 βασιλικὸς
1471 1573 1760 1626 κοιτωνίσκος

122 1642 165 1680 V·
195 1643 263 1678 286
277 1639 429 1694 οὗτος,
473 1632 611 1698 οὗπερ
658 1639 699 1686 οἳ
743 1643 940 1698 βασιλεῖς
985 1641 1140 1698 ἔτυχον
1180 1639 1480 1700 εὖναζόμενοι,
1527 1639 1638 1686 κατὰ
1681 1639 1780 1701 τὴνὶ

277 1704 500 1766 εὐώνυμον
529 1714 670 1754 κεῖται
698 1709 890 1769 πλευρὰν
921 1714 999 1757 τοῦ
1041 1712 1109 1757 ἐπ’
1144 1709 1328 1770 ὀνόματι
1361 1713 1444 1771 τῆς
1475 1708 1761 1771 Θεομήτορος

272 1779 606 1837 ἆνεγηγερμένου
646 1780 853 1836 τεμένους
898 1781 1008 1826 κατὰ
1048 1779 1103 1825 τὰ
1133 1777 1364 1838 ἀνάκτορα,
1410 1778 1495 1826 κᾶν
1525 1777 1566 1825 οἳ
1596 1779 1760 1824 πολλοὶ

407 1879 438 1912 5.
466 1879 565 1933 φημὶ
583 1880 643 1912 καὶ
661 1874 851 1926 ἀντιόχους
866 1880 908 1926 F,
935 1883 995 1915 καὶ
1011 1877 1203 1937 ὅξντιόχους
1219 1893 1290 1917 om.
1309 1881 1350 1916 P.
1428 1881 1462 1916 6.
1486 1875 1703 1927 συνωμότας
1716 1879 1760 1924 F,

406 1937 613 1972 συνομοτας
640 1926 680 1962 Ρ.
876 1929 910 1964 9.
937 1931 1148 1975 προαξωοίν
1177 1930 1220 1974 F,
1251 1925 1441 1977 πράξωσιν
1465 1928 1504 1966 Ρ.
1702 1929 1757 1963 10·

407 1970 642 2022 παρερρὺετο]
668 1987 706 2022 ερ
731 1976 770 2012 in
796 1989 866 2012 ras.
898 1977 941 2013 F.
1078 1980 1131 2014 14.
1157 1974 1301 2020 ἤθελεν,
1327 1974 1387 2013 ὅτε
1414 1977 1451 2014 C.
1579 1977 1633 2012 16.
1665 1977 1759 2016 ἐξευ·

406 2026 569 2069 ρημένον
594 2023 630 2068 O,
657 2025 907 2072 ἐξευρημένων
931 2026 971 2061 Ρ.
1118 2028 1176 2062 21.
1204 2023 1359 2075 ὀνόματι
1386 2026 1431 2072 F,
1460 2021 1646 2073 ὀνόματος
1672 2024 1712 2060 Ρ.

275 2105 517 2150 promissione
552 2106 697 2141 consilii
727 2108 847 2143 nostri
880 2108 998 2144 totius
1028 2109 1235 2155 exequendi
1261 2110 1404 2145 socium
1441 2120 1480 2144 se
1510 2108 1592 2143 fore
1630 2110 1761 2152 pact-us

277 2154 367 2188 est''.
418 2153 521 2188 cuius
559 2155 758 2190 stultitiam
796 2156 858 2191 ille
897 2157 1102 2193 detestatus
1141 2158 1278 2194 timore
1315 2157 1477 2204 quodam
1516 2156 1670 2192 affectus
1693 2158 1761 2196 est,

277 2201 364 2246 quia
392 2213 438 2236 ne
465 2202 618 2238 minima
644 2204 791 2249 quidem
821 2205 859 2240 in
886 2217 926 2241 re
954 2209 1077 2242 tacere
1105 2218 1188 2242 eum
1215 2218 1322 2253 posse
1350 2205 1546 2253 eognovit;
1573 2216 1689 2251 quare
1715 2205 1761 2240 ab

276 2248 346 2284 hoc
370 2250 456 2285 inde
482 2253 649 2296 tempore
684 2264 757 2287 non
784 2256 826 2288 ut
851 2257 960 2290 antea
987 2255 1138 2290 domum
1176 2256 1256 2291 eius
1282 2255 1560 2302 frequentabat.

315 2345 322 2352 .
409 2300 439 2333 6.
490 2298 628 2334 Milites
657 2312 756 2341 vero,
782 2303 990 2338 Anemades
1015 2302 1099 2339 dieo
1134 2304 1415 2350 Antioohosque
1449 2312 1653 2348 eorumque
1675 2312 1762 2337 con·

275 2356 378 2390 nelos,
404 2348 638 2392 imperatoris
664 2349 763 2384 vitae
789 2350 1075 2396 insidiabantur,
1108 2355 1151 2388 ut
1176 2356 1325 2399 tempus
1351 2352 1480 2388 naneti
1506 2353 1762 2397 opportunum

274 2394 400 2448 statim
427 2395 648 2431 destinatam
674 2397 910 2443 imperatoris
934 2400 1083 2436 caedem
1117 2404 1392 2447 perpetrarent.
1448 2412 1532 2436 cum
1559 2401 1685 2435 autem
1709 2397 1763 2433 di-

275 2453 359 2476 vina
385 2443 620 2487 providentia
651 2446 828 2482 securitas
853 2448 943 2493 ipsis
982 2448 1231 2495 denegaretur
1260 2453 1481 2495 tempusque
1505 2450 1761 2495 opportunum

276 2491 625 2538 praeterlaberetur,
650 2495 772 2539 veriti,
799 2507 844 2530 ne
869 2496 1250 2542 deprehenderentur,
1286 2498 1530 2540 occasionem,
1556 2508 1668 2543 quam
1704 2507 1764 2531 oa-

278 2540 439 2583 ptarent,
466 2540 647 2576 invenisse
678 2543 749 2578 sibi
784 2544 1018 2582 videbantur.
1087 2547 1293 2592 imperator
1331 2547 1432 2583 enim
1464 2557 1593 2582 somno
1620 2544 1764 2580 solutus

277 2598 395 2628 mane,
413 2591 455 2622 ut
480 2592 621 2624 aestum
652 2591 853 2627 multarum
879 2605 1051 2630 curarum
1079 2596 1226 2641 leniret,
1262 2607 1348 2631 cum
1379 2594 1572 2631 interdum
1608 2592 1763 2629 colluso-

276 2645 334 2691 res
374 2637 549 2680 quosdam
591 2642 881 2686 consanguineos
919 2642 966 2677 ad
999 2644 1195 2679 zati-icium
1234 2644 1443 2688 adhiberet,
1507 2642 1572 2689 qui
1611 2641 1762 2687 quidem

277 2694 376 2737 iussus
417 2685 462 2719 ab
487 2686 734 2738 'Assyriorum
779 2689 928 2725 luxuria
966 2692 1140 2727 inventus
1178 2693 1224 2727 ad
1262 2705 1329 2728 nos
1379 2691 1467 2727 inde
1506 2691 1652 2727 delatus
1694 2691 1761 2731 est,

276 2730 331 2765 llll
357 2732 494 2785 ‘nefarii
520 2736 713 2779 tyrannica
738 2749 850 2772 manu
876 2743 1019 2775 armata
1049 2752 1115 2786 per
1140 2741 1287 2787 regium
1318 2740 1584 2776 dormitorium
1612 2738 1761 2774 caedem

277 2778 470 2834 molientes
496 2781 540 2816 ad
575 2783 837 2829 imperatorem
875 2788 1076 2832 procedere
1115 2790 1404 2825 constituerunt.
1467 2791 1524 2824 est
1555 2789 1680 2823 autem
1723 2784 1763 2821 id

277 2827 588 2885 nubieulum‚.11bi
614 2835 703 2868 tune
727 2833 970 2879 imperatores
996 2836 1262 2883 dormitabant,
1281 2838 1321 2873 in
1342 2838 1494 2874 sinistro
1519 2836 1636 2872 latere
1662 2833 1764 2871 aedis

277 2886 426 2912 nomine
464 2877 636 2923 deiparae
684 2882 784 2917 intra
833 2885 973 2930 regiam
1013 2888 1215 2929 extructae,
1265 2898 1377 2933 quam
1421 2885 1592 2933 plerique
1628 2887 1780 2930 magno*
