1734 3120
492 245 756 283 AnnxlAms
785 245 878 284 Lm.
909 247 988 285 xv.
1019 243 1056 285 6.
1429 241 1508 287 337

26 360 103 405 ἐπὶ
124 362 318 421 κεφαλῆς
344 360 425 418 μὲν
452 357 586 414 αὐτὸς
615 357 819 421 εἱστήκει,
860 359 1066 416 δεξιόθεν
1095 363 1167 407 καὶ
1198 364 1247 419 ἐξ
1274 361 1511 423 εὐωνύμων

26 426 69 473 οἳ
99 430 205 474 καθ’
236 424 348 486 αἷμα
378 430 450 474 καὶ
479 428 529 484 ἐξ
554 425 800 486 ἀγχιστείας
829 424 948 488 αὐτῷ
978 428 1279 491 προσήκοντες
1308 434 1381 478 καὶ
1409 432 1510 479 τοί·-
1522 443 1561 478 Ρ.
1587 445 1659 480 478

24 514 119 550 τοις
148 497 366 554 ἐχομένως
384 494 514 554 μιγάς
541 499 632 541 τῶν
653 500 938 554 στρατιωτῶν
970 495 1182 555 ἔκκριτος,
1208 498 1508 561 κατάφρακτοι

24 562 238 618 ἅπαντες·
282 563 307 611 ὁ
353 565 403 610 δὲ
446 568 535 610 τῶν
577 563 733 610 ὅπλων
777 561 1066 622 α’ποστίλβων
1099 566 1271 625 πυρσὸς
1299 569 1378 614 τὸν
1405 565 1512 627 άέρα

0 633 162 682 ῑπλέον
190 634 263 678 καὶ
291 637 369 693 τῆς
396 631 575 694 ἡλιακῆς
603 628 785 686 α’κτῖνος
814 632 1062 692 κατηύγαζε.
1113 635 1441 696 προσεληλὺθει
1464 639 1513 682 δὲ

23 704 256 760 τηνικαῦτα
277 702 348 746 καὶ
369 699 393 746 ὁ
415 699 654 755 σουλτάνος
680 700 793 758 μετὰ
817 704 908 746 τῶν
931 699 1006 745 ὑπ’
1023 698 1155 747 αὐτὸν
1173 708 1426 762 σατραπῶν,
1451 697 1512 750 ὦν

24 767 48 814 ὁ
81 771 346 824 ΖΡΙονόλυκος
370 768 514 829 χρόνῳ
545 770 617 814 καὶ
646 770 783 829 πείρᾳ
808 771 879 814 καὶ
901 765 1056 830 ἀνδρίᾳ
1085 769 1264 816 πάντων
1294 776 1383 818 τῶν
1403 772 1512 818 κατὰ

23 836 102 898 τὴν
126 833 283 884 ΪΑσίαν
317 835 523 898 Τούρκων
556 836 824 898 ὑπερφέρων
852 841 1037 897 προῆγε,
1081 841 1153 884 καὶ
1190 840 1509 898 καταλαμβάνει

22 905 101 950 τὸν
142 907 325 962 βασιλέα
364 906 475 951 κατὰ
505 904 584 965 τὴν
620 903 810 950 πεδιάδα
837 904 916 965 τὴν
948 906 1110 963 μεταξὺ
1140 904 1512 966 Λῦγουστόπολιν

0 974 96 1019 )καὶ
124 969 368 1030 Ἀκρόνιον.
429 971 471 1019 οἱ
513 975 561 1019 δέ
600 992 646 1032 γε
687 971 912 1032 σατράπαι
952 972 1199 1031 πόρρωθεν
1235 974 1509 1033 θεασάμενοι
1523 986 1563 1022 V.
1591 974 1686 1022 378'

23 1040 101 1085 τὸν
129 1037 436 1099 αὐτοκράτορα
479 1045 567 1086 τῶν
612 1043 771 1086 ἵππων
800 1038 1050 1098 ἀποβάντες
1088 1040 1166 1103 τὴν
1203 1045 1374 1104 συνήθη
1412 1048 1550 1098 τοῖςΒ

21 1111 248 1165 βασιλεῦσι
278 1107 575 1169 προσκύνησιν
592 1105 917 1155 ἀποδεδώκασι.
962 1108 1040 1154 τὸν
1071 1110 1120 1155 δὲ
1137 1111 1378 1157 σουλτάνον
1398 1115 1509 1158 πολ-

22 1176 149 1232 λάκις
178 1181 258 1223 τοῦ
286 1180 434 1223 ἵππου
465 1176 688 1237 ἀποβῆναι
713 1176 1053 1236 ἐπιχειρήσαντα
1083 1177 1107 1223 ὁ
1139 1175 1425 1238 αὐτοκράτωρ
1457 1177 1509 1226 οὗ

24 1245 268 1304 ξυνεχώρει.
327 1243 421 1292 ἄλλ’
465 1248 631 1300 ἐκεῖνος
672 1245 779 1303 ταχὺ
825 1244 1042 1303 πεζεύσας
1085 1245 1162 1292 τὸν
1200 1246 1321 1293 πόδα
1349 1247 1508 1294 τούτου

0 1311 272 1373 ἰη’σπάσατο.
330 1317 403 1360 καὶ
436 1310 486 1369 ὃς
523 1313 649 1373 χεῖρά
680 1333 728 1360 τε
758 1313 863 1368 δοὺς
891 1311 1011 1375 αὐτῷ
1041 1317 1114 1361 καὶ
1139 1317 1286 1362 ἵππον
1322 1321 1412 1362 τῶν
1442 1318 1510 1362 ε’κ-

22 1385 185 1442 κρίτων
212 1385 414 1443 ἐπιβῆναι
448 1385 683 1430 ἐκέλευσεν.
741 1382 980 1440 ἐπιβάντος
1015 1386 1064 1429 δὲ
1091 1382 1251 1430 τούτου
1284 1387 1355 1430 καὶ
1387 1382 1511 1444 παρᾶ

22 1453 218 1510 θατέραν
245 1453 440 1509 πλευρὰν
480 1456 559 1497 τοῦ
599 1448 930 1510 αὐτοκράτορος
964 1454 1336 1511 προσεγγίσαντος
1368 1473 1510 1512 παρα-

21 1524 165 1580 χρῆμα
193 1519 245 1565 τὸ
266 1517 444 1581 ’ἄμφίον
473 1517 500 1566 ὃ
531 1522 849 1580 περιεβέβλητο
889 1518 1022 1574 λύσας
1050 1526 1147 1575 τοῖς
1175 1516 1315 1579 ὤμοις
1342 1523 1508 1568 ἐκείνου

25 1588 237 1634 ἐπέθετο.
299 1583 397 1633 εἶτα
424 1586 583 1646 μικρὸν
613 1589 808 1646 ἐπισχών
836 1587 889 1635 τὸ
921 1593 1011 1634 πᾶν
1037 1593 1127 1633 τῶν
1155 1585 1275 1648 αὐτῷ
1303 1591 1510 1648 δεδογμέ-

0 1673 110 1706 )νων
147 1654 453 1716 δημηγορήσας
496 1656 678 1718 ἐξέφηνε
717 1659 854 1717 λέγων
898 1656 960 1711 ὥς
1007 1657 1081 1703 “εἰ
1119 1658 1198 1715 μὲν
1227 1661 1280 1720 τῇ
1307 1659 1509 1718 βασιλείᾳ

16 1724 245 1783 Ῥωμαίων
275 1723 474 1771 ὑπείκειν
498 1725 721 1783 βούλεσθε
754 1729 826 1773 καὶ
864 1726 943 1781 τὰς
972 1725 1081 1771 κατὰ
1108 1730 1197 1771 τῶν
1230 1731 1548 1784 ΧριστιανῶνΟ

23 1792 242 1852 ἐκδρομὰς
269 1789 505 1853 ἀνακόψαι,
543 1796 734 1853 χαρίτων
763 1797 844 1854 μὲν
871 1798 944 1841 καὶ
974 1799 1103 1857 τιμῆς
1130 1791 1405 1840 ἀπολαύσετε
1435 1797 1506 1840 καὶ

21 1858 185 1916 ἆνέτως
227 1863 272 1907 ἐν
311 1867 410 1917 ταῖς
451 1858 827 1923 ἅποτεταγμέναις
872 1862 976 1922 ὑμῖν
1016 1862 1179 1921 χώραις
1219 1867 1298 1908 τοῦ
1339 1865 1506 1908 λοιποῦ

159 1951 190 1984 1.
217 1951 382 1985 εἱστείκει
408 1950 445 1987 C.
545 1951 584 1991 ἐξ
605 1948 805 1998 εὐωνύμων
830 1951 868 1998 C,
894 1952 932 1991 ἐξ
957 1963 1030 1987 om.
1052 1951 1092 1986 P.
1251 1953 1285 1987 7.
1312 1947 1444 1997 ἷινδρία
1467 1950 1505 1997 C,

157 1995 309 2045 ἀνδρείᾳ
332 1998 371 2034 Ρ.
525 2001 558 2035 9.
585 1998 677 2035 κατὰ
703 2000 855 2046 scripsi:
882 2003 943 2035 καὶ
972 2000 1040 2035 CP.
1190 2000 1244 2034 14.
1269 1998 1348 2046 τὸν]
1375 2011 1397 2034 ν
1421 1999 1507 2035 add.

155 2048 242 2082 m.2
263 2046 301 2083 C.
402 2047 458 2083 16.
484 2044 664 2093 ἐπιβάντα
690 2049 732 2083 δὲ
756 2049 885 2084 τοῦτον
901 2048 970 2091 ΟΡ,
997 2049 1156 2084 correxi.
1228 2047 1328 2093 παρὰ
1355 2048 1505 2093 scripsi:

154 2097 239 2141 περὶ
266 2094 335 2131 ΟΡ.
484 2098 541 2132 17.
567 2099 868 2143 προσεγγίσαντα
891 2096 959 2142 CP,
984 2097 1141 2133 correxi.
1257 2097 1313 2132 20.
1340 2096 1503 2143 δημηγο-

154 2140 268 2190 ρήσας
281 2143 320 2190 C3
347 2140 609 2191 δημογορήσας
622 2145 661 2181 Ρ.
759 2146 817 2181 21.
843 2141 1036 2190 βούλεσθε]
1064 2146 1196 2190 βουλεσ
1220 2144 1258 2179 in
1276 2156 1345 2179 ras.
1367 2156 1413 2180 m.
1429 2145 1451 2178 2
1466 2143 1504 2181 C.

20 2225 111 2271 ipse,
142 2224 314 2261 dextram
341 2237 431 2263 vero
455 2230 494 2263 et
519 2227 712 2264 sinistram
735 2231 882 2274 partem
907 2226 1173 2273 consanguinei
1201 2226 1278 2262 eius
1293 2225 1506 2272 affinesque.

19 2285 111 2319 quos
137 2273 235 2310 lecta
259 2274 423 2311 militum
445 2279 594 2312 caterva
619 2277 777 2323 excepit,
794 2276 1029 2322 cataphracti
1045 2287 1189 2319 omnes3
1213 2286 1402 2310 armorum
1416 2285 1505 2311 vero

20 2321 197 2367 splendor
223 2323 342 2370 magis
369 2324 484 2359 etiam
508 2336 619 2371 quam
645 2325 732 2361 solis
758 2325 855 2360 radii
880 2335 1001 2360 aerem
1032 2323 1287 2360 collustrabat.
1347 2334 1389 2359 ac
1419 2334 1505 2368 pro·

19 2373 180 2406 cesserat
205 2371 358 2407 interim
385 2371 553 2409 sultanus
588 2385 736 2419 quoque
760 2385 846 2410 cum
884 2372 1044 2418 satrapis
1080 2373 1154 2408 suis
1179 2371 1273 2407 duce
1299 2370 1504 2417 Monolyco‚

20 2418 86 2465 qui
111 2420 284 2455 omnibus
307 2420 347 2456 in
372 2420 462 2457 Asia
477 2421 610 2458 Turcis
643 2425 767 2457 aetate
791 2421 1022 2467 experientia
1051 2421 1193 2455 virtute
1217 2420 1386 2465 superior
1413 2422 1504 2462 erat,

18 2470 58 2502 et
83 2466 241 2503 offendit
268 2469 535 2515 imperatorem
561 2470 600 2505 in
626 2481 756 2516 campo
785 2471 885 2505 inter
912 2468 1188 2514 Augustopolin
1213 2467 1502 2513 Acroniumque.

19 2515 75 2551 ibi
100 2519 274 2562 satrapae
297 2517 430 2563 procul
454 2518 680 2564 imperatore
711 2520 908 2564 conspecto
945 2517 1109 2563 degressi
1145 2516 1250 2561 equis
1289 2518 1503 2551 consuetam

18 2564 311 2610 imperatoribus
336 2566 599 2602 salutationem
625 2567 814 2611 feccrunt;
854 2566 1001 2601 sultano
1038 2568 1162 2600 tamen
1200 2574 1308 2609 saepe
1338 2563 1385 2599 de
1408 2574 1503 2609 equo

20 2611 242 2648 descendere
265 2616 416 2650 conanti
440 2615 646 2661 imperator
671 2615 709 2650 id
736 2626 810 2650 non
835 2613 1071 2649 concedebat.
1113 2612 1176 2647 sed
1200 2612 1372 2648 celeriter
1396 2612 1428 2647 is
1441 2611 1503 2647 de-

19 2659 144 2697 siliens
167 2661 300 2707 pedem
329 2663 491 2709 Augusti
517 2663 719 2707 osculatur,
745 2662 810 2708 qui
837 2662 971 2697 dextra
995 2661 1122 2696 iuncta
1140 2672 1256 2695 unum
1279 2671 1326 2695 ex
1348 2659 1503 2696 delectis

19 2709 125 2755 equis
149 2710 395 2747 conscendere
420 2723 504 2747 eum
521 2712 642 2747 iussit.
686 2722 760 2757 quo
786 2710 886 2746 facto
913 2721 997 2746 cum
1015 2709 1062 2744 ad
1086 2709 1243 2744 alterum
1263 2708 1501 2754 imperatoris

19 2757 119 2793 latus
143 2759 364 2804 accessisset,
402 2760 528 2796 subito
567 2761 599 2795 is
636 2758 848 2803 amiculum,
884 2769 958 2804 quo
995 2757 1149 2792 indutus
1185 2760 1277 2798 erat,
1313 2756 1425 2792 solvit
1460 2767 1503 2791 ac

20 2805 160 2841 sultani
174 2805 339 2843 humeris
350 2807 493 2854 induit3
512 2808 734 2853 silentioque
749 2807 854 2842 brevi
868 2805 1078 2850 interiecto,
1093 2804 1276 2851 quidquid
1289 2804 1501 2848 videbatur,

19 2853 76 2890 ita
99 2855 288 2900 exposuit:
325 2855 381 2891 “si
405 2856 660 2892 Romanorum
696 2855 853 2901 imperio
890 2853 1061 2890 cedentes
1098 2853 1335 2889 excursiones
1372 2855 1501 2888 contra

21 2901 251 2939 Christianos
276 2904 488 2950 omiseritis,
512 2904 701 2941 benefieiis
726 2902 1005 2948 honoribusque
1030 2902 1259 2947 augebimini
1279 2913 1322 2937 ac
1346 2901 1501 2936 liberam

110 2974 227 3011 Arma
249 2975 444 3012 Oomnena.
495 2967 561 3012 HJ
1228 2974 1274 3008 22
