1812 3184
254 237 308 280 64
757 236 923 275 ΑΝΝΑΕ
952 233 1220 273 ΟΟΜΝΕΝΑΕ

254 376 326 405 σοι
356 359 437 418 τήν
467 355 663 416 σήμερον
706 349 1020 412 οἷποχαρίζεται
1063 350 1239 397 ἅπαντα
1280 349 1304 395 ὃ
1334 348 1580 408 βασιλεύς”.
1643 349 1668 396 ὁ
1700 352 1748 396 δὲ

257 430 508 486 περιχαριῦς
548 429 683 470 ταῦτα
736 422 972 480 δεξάμενος
1008 422 1081 467 καὶ
1119 416 1436 479 εὐχαριστήσας
1473 415 1611 481 ἆπῂει
1650 415 1751 464 ἅνα-

250 493 604 555 .παυθησόμενος
637 484 688 538 οὗ
728 493 974 537 κατέλυσεν.
1038 485 1444 546 ἀποκομισθέντων
1488 489 1537 534 δὲ
1580 486 1752 534 τούτων

211 560 387 624 Βαῦτῷ,
420 560 679 621 μεταβαλών
710 559 733 606 ὅ
774 561 880 618 πρὶν
916 556 1213 616 τεθαυμακώς
1247 556 1335 618 ἔφη
1384 553 1631 603 (ια’ὗδέποτε
1661 575 1752 603 τοι-

256 631 390 692 αύτην
420 628 595 689 ἇτιμίαν
628 629 816 675 ἔσεσθαί
846 646 924 686 μοι
953 622 1045 672 οἷπό
1083 630 1164 672 τοῦ
1195 627 1414 683 βασιλέως
1443 620 1637 686 ἤλπισα·
1680 628 1787 672 λα-5

256 700 412 759 βόντες
443 692 521 746 οὖν
549 702 684 744 ταῦτα
706 694 951 757 ἀπαγάγετε
983 699 1046 755 τῷ
1076 695 1348 753 πέμψαντι”.
1411 692 1436 740 ὃ
1467 696 1517 740 δὲ
1546 694 1754 753 βασιλεὺς

115 780 156 817 P.
174 779 243 815 304
258 770 310 816 τὸ
339 767 470 830 φύσει
499 768 805 825 παλίμβουλον
832 769 921 810 τῶν
954 765 1165 810 Λατίνιον
1195 761 1422 823 γινώσκων
1461 762 1541 809 τᾶν
1570 762 1753 824 δημώδη

258 836 388 896 λόγον
417 835 633 897 ἆντέφησε
670 834 832 880 “mazona
850 838 1032 893 πρᾶγμα
1053 832 1172 891 πρὸς
1200 831 1279 878 τὸν
1297 830 1413 878 ἴδιον
1434 834 1752 891 ἒπανερχὲσθω

257 903 514 966 αὕθέντην”.
570 909 701 952 τοῦτο
739 903 763 950 ὁ
796 908 1073 962 Βαὶμοῦντος
1110 899 1309 957 οἰκούσας
1337 905 1410 949 καὶ
1438 901 1544 958 τοὺς
1582 898 1755 949 ἆποκο-

256 977 467 1033 μίσοντας
495 976 717 1032 ἐπιμελῶς
738 969 1055 1033 ἀναζητοῦντας
1083 965 1218 1026 αὖθις
1255 969 1365 1018 αὐτοὶ
1398 971 1518 1031 ὁρῶν
1557 976 1751 1031 μεταβα-
1772 982 1812 1017 10

252 1042 344 1088 »λων
374 1042 398 1089 ὁ
440 1044 547 1100 πρὶν
589 1038 977 1100 ἀποπεμπόμενος
1002 1045 1138 1086 ταῦτα
1166 1043 1241 1086 καὶ
1268 1035 1525 1098 ἀχθόμενος
1553 1042 1631 1087 ἐπὶ
1652 1039 1755 1086 τού-

256 1129 351 1166 τοις
380 1109 531 1170 ἶλαρὸν
558 1112 731 1168 βλέμμα
760 1115 856 1164 τοῖς
890 1105 1217 1167 οἷποκομισταῖς
1254 1110 1422 1155 ἐδείκνυ
1450 1107 1662 1167 καθάπερ
1689 1128 1757 1164 τις

256 1177 492 1234 πολύπους
519 1178 1005 1239 μετασχηματιζόμενος
1032 1180 1077 1224 ἐν
1099 1183 1268 1236 βραχεῖ.
1319 1177 1452 1239 φύσει
1484 1179 1566 1237 μὲν
1591 1179 1670 1238 γὰρ
1703 1171 1755 1239 ἦν

259 1246 282 1293 ὁ
321 1244 427 1308 ἀνὴρ
469 1247 666 1308 πονηρὸς
698 1250 770 1294 καὶ
815 1245 917 1306 ὅξύς
952 1247 1069 1305 πρὸς
1109 1246 1164 1292 τὰ
1196 1249 1526 1305 συμπίπτοντα,
1561 1249 1757 1308 πονηρίᾳ

257 1319 330 1362 καὶ
361 1314 539 1378 ἀνδρείᾳ
566 1321 782 1363 τοσοῦτον
820 1315 1049 1374 ὑπερέχων
1079 1314 1294 1362 ἁπάντων
1333 1320 1423 1360 τῶν
1452 1314 1555 1362 τότε
1585 1319 1759 1375 ὄιερχο-
1774 1332 1812 1366 15

258 1388 401 1444 μένων
429 1387 651 1440 Λατίνιον,
681 1384 855 1432 ὁπόσον
897 1383 1113 1443 δυνάμεσί
1153 1403 1202 1430 τε
1233 1386 1305 1430 καὶ
1335 1384 1552 1445 χρήμασιν
1573 1384 1756 1447 ἥττητο·

260 1451 370 1499 ἀλλὰ
397 1456 469 1501 καὶ
501 1453 562 1509 ὦς
589 1453 770 1499 πάντων
801 1452 971 1511 ἐκράτει
1003 1454 1333 1511 κακεντρεχειάς
1363 1455 1616 1515 περιουσίᾳ,
1637 1452 1689 1499 τὸ
1710 1455 1759 1499 δὲ

219 1524 567 1581 Βπαλίμβουλον
597 1521 658 1577 ιῦς
688 1520 879 1583 φυσικόν
914 1541 955 1568 τι
995 1526 1086 1567 τῶν
1123 1523 1336 1567 Λατίνων
1371 1524 1760 1582 παρακολούθημα

263 1593 512 1649 παρείπετο
560 1593 632 1636 καὶ
675 1587 807 1651 αὐτῷ.
877 1589 932 1636 τοὶ
980 1594 1083 1650 γοῦν
1126 1588 1327 1649 χρήματα
1370 1589 1393 1636 ὁ
1425 1586 1760 1649 ἀπωθούμενος

264 1663 516 1717 περιχαριῦς
544 1664 776 1719 τηνικαῦτα
797 1657 1024 1717 ἐλάμβανε.
1073 1658 1260 1714 δύσνοι-ς
1286 1658 1366 1718 γὰρ
1389 1657 1451 1705 ὢν
1470 1658 1550 1720 τὴν
1569 1658 1756 1719 γνώμην,
1772 1673 1812 1707 2ss

265 1729 365 1774 ἐπεὶ
404 1729 514 1788 μηδὲ
550 1727 697 1786 χώραν
741 1727 857 1783 ὅλως
899 1730 1162 1788 κεκτημένος
1199 1732 1278 1788 τῆς
1315 1727 1601 1788 ἐνεγκαμένης
1643 1727 1760 1791 ἐξῄει

395 1880 428 1914 7.
455 1880 690 1926 παλίμβολον
707 1879 751 1915 A.
910 1880 944 1915 9.
969 1879 1076 1914 τοῦτο
1101 1879 1213 1924 FAC,
1238 1881 1350 1916 ταῦτα
1364 1878 1405 1916 P.
1505 1876 1762 1927 ἀποκομίσον-

393 1940 456 1967 τας
478 1927 630 1974 scripsi:
653 1924 961 1974 ἂποκομίσαντας
986 1927 1060 1964 PA.
1348 1930 1403 1964 10.
1430 1927 1545 1975 ὁρῶν]
1575 1928 1688 1965 αἰτῶν
1713 1928 1757 1964 G.

398 1977 453 2012 18.
489 1977 744 2034 παλίμβουλον
769 1976 831 2019 G',
860 1978 1098 2024 παλίμβολον
1124 1977 1183 2013 G'2.
1341 1979 1399 2014 19.
1423 1973 1698 2026 ἀπωθούμενος
1728 1977 1760 2012 Gr

394 2025 434 2060 in
459 2037 533 2072 mg,
561 2029 826 2073 αποθουμενος
850 2024 891 2061 P.

262 2169 485 2213 parassem”.
535 2172 617 2205 tum
642 2169 705 2205 ille
735 2171 859 2206 “Haec
882 2171 1033 2206 omnia”
1080 2172 1135 2207 ait
1185 2171 1322 2207 “hodie
1359 2171 1431 2207 tibi
1457 2170 1664 2218 imperator
1688 2170 1761 2206 lar·

261 2216 402 2262 gitur’'.
451 2217 547 2253 laete
572 2218 751 2254 beneficio
776 2222 928 2265 accepto
954 2221 1174 2267 magnisque
1199 2221 1336 2267 gratiis
1372 2220 1466 2256 actis
1498 2220 1696 2265 quieturus
1720 2220 1761 2255 in

264 2276 370 2300 suum
396 2264 647 2302 diversorium
674 2267 788 2312 abiit3
816 2268 882 2303 ubi
907 2280 996 2304 vero
1020 2268 1084 2304 illa
1104 2269 1177 2304 sibi
1203 2268 1455 2313 afferrirvidit,
1478 2271 1625 2304 mutata¹
1638 2268 1760 2314 priori

263 2313 512 2350 admiratione
546 2315 806 2362 “Numquam”
845 2317 970 2363 inquit
1006 2318 1175 2353 “tantam
1194 2318 1289 2353 mihi
1317 2318 1364 2353 ab
1390 2318 1620 2364 imperatore
1655 2318 1760 2364 igno-

263 2362 418 2397 miniam
442 2362 522 2398 fore
546 2363 810 2400 credidissem:
862 2367 998 2401 sumite
1026 2366 1116 2402 haec
1142 2370 1190 2412 ct,
1230 2367 1295 2412 qui
1321 2367 1437 2412 misit,
1471 2367 1506 2402 ei
1532 2367 1761 2413 reportatee’

264 2410 328 2445 sed
366 2410 583 2458 imperator,
623 2413 723 2459 quod
758 2413 927 2448 innatam
971 2413 1195 2450 Latinorum
1230 2415 1421 2451 levitatem
1447 2418 1571 2460 norat,
1605 2415 1761 2462 vulgare

265 2458 359 2494 illud
376 2459 531 2496 verbum
550 2461 712 2506 protulit
737 2462 857 2497 “mala
881 2474 940 2497 res
966 2463 1012 2498 ad
1037 2464 1238 2509 proprium
1254 2467 1448 2500 auctorem
1471 2463 1638 2501 redeat’‘.
1665 2476 1762 2510 quae

264 2507 328 2542 ubi
354 2507 591 2544 Boemundus
631 2510 777 2546 audivit
815 2510 1033 2557 baiulosque
1073 2524 1231 2548 munera
1256 2512 1423 2548 studiose
1448 2512 1627 2559 colligere
1650 2513 1759 2558 vidit,

263 2558 409 2591 mutata.
434 2557 628 2602 sententia,
653 2559 718 2604 qui
745 2562 832 2594 ante
867 2571 909 2594 ea
947 2560 1212 2605 repudiaverat
1251 2564 1289 2597 et
1331 2572 1442 2607 aegre
1467 2561 1621 2607 tulerat,
1647 2561 1760 2598 hilari

263 2604 370 2640 vultu
399 2608 443 2640 ut
466 2605 573 2641 brevi
599 2618 636 2642 se
663 2607 935 2643 transformans
958 2608 1115 2655 polypus
1139 2609 1285 2646 baiulos
1314 2610 1510 2655 spectavit.
1553 2612 1635 2646 erat
1660 2611 1761 2647 enim

262 2655 399 2688 natura
423 2657 593 2689 versutus
620 2658 658 2690 et
683 2655 729 2691 ad
756 2656 893 2700 omnia,
930 2669 1023 2702 quae
1056 2657 1288 2701 accidebant,
1314 2669 1508 2704 praesens3
1536 2661 1761 2705 tantumque

262 2700 402 2737 astutia
441 2713 483 2737 ac
523 2702 750 2740 fortitudine
790 2704 975 2750 omnibus,
1017 2707 1081 2751 qui
1116 2709 1208 2742 tunc
1243 2708 1438 2750 transiere,
1469 2706 1616 2742 Latinis
1645 2708 1761 2744 excel-

263 2749 346 2794 luit,
373 2753 555 2795 quantum
595 2753 730 2797 opibus
767 2753 960 2798 copiisque
995 2755 1116 2790 cessit.
1167 2755 1233 2790 sed
1259 2759 1302 2790 ut
1328 2755 1505 2791 fraudum
1532 2756 1764 2792 abundantia

263 2809 391 2834 omnes
416 2798 495 2834 fere
520 2802 722 2846 superavit,
747 2802 802 2836 ita
825 2801 1210 2838 innataeLatinorum
1235 2804 1370 2839 animis
1398 2805 1674 2841 inconstantiae
1700 2817 1762 2841 cx-

263 2858 349 2893 pers
373 2858 447 2882 non
475 2846 559 2884 fuit.
610 2861 701 2895 quas
728 2852 853 2885 autem
878 2850 1033 2886 divitias
1059 2855 1304 2896 recusaverat,
1331 2856 1423 2888 tunc
1448 2853 1569 2888 laetus
1594 2854 1763 2900 accepit:

262 2895 365 2934 tristi
392 2896 490 2932 enim
518 2897 655 2944 animo,
697 2910 782 2934 cum
823 2910 870 2933 ne
909 2901 1034 2935 terrae
1071 2900 1222 2946 quidem
1263 2901 1375 2937 ullius
1421 2901 1596 2938 dominus
1634 2904 1763 2949 patria
