1794 3132
59 369 149 416 Pag.
158 369 216 404 32.
229 367 260 403 Β

236 1951 269 1986 D

237 2074 270 2109 D

271 231 356 279 436
787 240 965 276 cAROLI
992 239 1231 275 DUOANGII

383 351 583 413 Ἆπάρας
607 358 684 414 τῆς
713 351 909 412 Ῥώμης]
943 354 1193 398 Guillelmus
1224 352 1464 407 Apuliensis
1494 352 1567 396 lib.
1590 353 1629 395 4.

434 431 535 475 Illis
563 430 796 486 Greyorius
823 429 1106 472 Beneventum
1134 426 1261 480 Papa
1285 426 1431 470 diebus

433 488 640 532 Advenit:
669 487 772 530 urbs
799 489 890 529 erat
918 486 1018 528 haec
1047 483 1241 526 Romano
1269 483 1441 526 subdita
1461 482 1621 539 Papae,

434 545 571 599 Atque
598 545 666 587 sui
694 543 815 595 iuris,
846 542 946 597 quia
975 540 1082 584 Dux
1112 540 1329 583 obsederat
1355 540 1511 593 urbem,

435 601 574 657 Aeqre
601 600 728 654 Papa
758 600 865 642 tulit.
907 598 1081 641 Veniam
1109 596 1320 640 Robertus
1347 600 1394 639 ut
1421 597 1548 640 huius

435 658 636 712 Impetret
666 657 860 710 offensae,
887 654 1035 708 Papae
1060 654 1306 708 properavit
1332 653 1390 696 ad
1416 654 1573 697 urbem.

435 715 659 769 Supplicat
687 717 726 756 et
746 712 930 766 pedibus
958 710 1105 755 Sancti
1135 711 1244 753 dans
1275 710 1416 753 oscula
1445 709 1596 754 Patris

436 771 690 825 Suscipitur.
739 769 867 813 Tanti
889 781 1074 822 persona
1102 768 1262 822 viyoris
1290 766 1447 810 honore

438 828 588 883 Diyna
616 827 848 880 videbatur,
878 825 1095 868 considere
1121 823 1248 878 Papa
1277 825 1419 879 coeyit.

437 885 699 938 Soliloquum
729 882 892 926 cunctis
921 880 1158 924 astantibus
1183 880 1282 923 inde
1309 882 1481 924 remotis

442 940 675 984 Consilium
701 944 867 983 tenuere
896 938 983 981 diu.
1033 937 1139 979 Tum
1165 936 1291 991 Papa
1314 937 1462 990 fideles

442 997 671 1041 Convocat:
702 1010 753 1039 ex
781 995 928 1049 Papae
956 998 1158 1037 secretum
1186 994 1371 1036 iussibus
1398 994 1547 1038 horum

438 1054 668 1106 Panditur,
697 1053 856 1098 allatus
884 1051 990 1095 liber
1019 1054 1079 1094 est
1108 1050 1453 1105 Evanqeliorum.

441 1111 546 1154 Dum
574 1110 723 1164 Papae
749 1110 878 1160 iurat,
905 1108 1038 1162 fuerit
1067 1108 1168 1151 dum
1195 1108 1284 1150 vita
1311 1111 1534 1162 superstes,

444 1167 770 1210 Observaturum
795 1165 897 1220 fidei
925 1179 969 1208 se
998 1166 1098 1208 iura
1118 1165 1324 1218 perennis

441 1224 656 1267 Ecclesiae
684 1222 874 1274 Sanctae,
907 1225 1017 1264 totus
1045 1222 1113 1264 cui
1142 1221 1327 1264 subiacet
1357 1219 1497 1264 Orbis.

442 1281 628 1323 Romani
655 1280 796 1334 Rcyni
824 1279 906 1321 sibi
928 1279 1180 1333 promisisse
1211 1277 1418 1321 Coronam

442 1337 568 1391 Papa
592 1337 818 1391 ferebatur,
849 1337 949 1391 quia
978 1335 1074 1378 Rex
1102 1335 1330 1378 damnatus
1360 1334 1413 1378 ab
1442 1334 1518 1378 illo

444 1394 657 1437 Henricus
682 1393 825 1446 fuerat
845 1396 1025 1446 propter
1056 1392 1276 1435 commissa
1302 1391 1501 1445 nefandis

439 1451 720 1494 Accumulata
746 1450 905 1493 modis:
935 1463 1010 1492 nec
1039 1449 1150 1491 enim
1177 1449 1423 1491 venundare
1454 1447 1638 1492 Sanctus

439 1507 655 1551 Ecclesias
685 1507 855 1559 veritus,
876 1519 1126 1560 perversum
1156 1506 1312 1560 doyma
1341 1505 1500 1548 colebat

442 1564 639 1617 Simonis,
667 1567 706 1607 ct
733 1563 898 1607 nullum
920 1562 1106 1606 donabat
1134 1562 1381 1616 Pontificali

444 1621 646 1669 Cic-lmine,
673 1625 845 1674 praeter
874 1634 942 1663 eos
971 1620 1042 1674 qui
1073 1620 1260 1662 maxima
1290 1619 1402 1662 dona
1432 1618 1638 1662 tulissent.

277 1697 338 1739 Ex
367 1695 431 1738 his
461 1695 563 1737 satis
596 1694 713 1749 patet
743 1694 845 1749 quid
875 1694 978 1738 velit
1007 1692 1145 1745 Anna,
1174 1693 1274 1735 dum
1305 1693 1366 1735 aih
1395 1692 1439 1734 in
1470 1705 1516 1735 eo
1546 1691 1657 1747 quod
1688 1691 1764 1733 ha-

277 1753 413 1797 bitum
444 1753 506 1794 est
533 1751 586 1794 ad
615 1752 901 1794 Beneventum
933 1751 1153 1817 colloquio,
1186 1749 1435 1804 Gregorium
1457 1749 1585 1803 Regis
1617 1760 1764 1790 nomen

279 1822 329 1852 ac
362 1808 628 1863 dignitatem,
659 1803 736 1864 τὴν
764 1809 844 1850 τοῦ
868 1803 1016 1863 Ῥηγὸς
1045 1805 1181 1860 aglom,
1215 1806 1323 1849 Duci
1354 1806 1590 1861 pollicitum
1617 1805 1767 1852 fuisse3

279 1865 598 1920 Imperatoriam
630 1865 791 1907 scilicet
820 1864 1086 1920 dignitatem,
1117 1877 1199 1906 non
1232 1863 1390 1905 nudum
1422 1863 1549 1918 Regis
1575 1861 1764 1904 titulum.

413 1931 737 1989 Λαντοῦλφον]
771 1932 1041 1987 Rudolphum
1061 1931 1238 1975 Sueviae
1258 1931 1430 1983 Ducem,
1452 1943 1476 1973 a
1498 1929 1763 1984 Principibus

282 1989 501 2032 Germanis
530 1989 572 2031 in
604 1990 763 2045 Regem
794 1990 971 2032 electum
1004 1990 1084 2032 An.
1116 1998 1339 2032 MLXXVII.
1400 2017 1402 2019 -

419 2050 637 2111 Οὗελκόν]
670 2057 946 2112 Welphonem
966 2057 1040 2100 IV.
1061 2055 1283 2099 Baioariae
1305 2056 1476 2107 Ducem,
1498 2053 1767 2109 praecipuum

281 2114 379 2156 belli
410 2113 602 2157 Saxonici
634 2114 780 2156 contra
800 2113 1031 2156 Henricum
1060 2113 1329 2164 incentorem,
1362 2112 1426 2154 uti
1446 2112 1603 2154 habent
1624 2111 1767 2152 Bruno

281 2170 331 2212 de
371 2171 489 2213 Bello
534 2170 684 2214 Saxon.
726 2183 822 2226 pag.
859 2172 951 2212 133.
997 2170 1141 2212 Lamb.
1191 2169 1415 2212 Schafnab.
1462 2168 1514 2210 A.
1560 2177 1763 2210 MLXXVI.

283 2227 433 2270 Chron.
457 2227 779 2282 Weingartense
808 2240 897 2282 cap.
918 2228 957 2270 8.
989 2227 1030 2269 et
1061 2226 1170 2269 Otho
1202 2225 1384 2280 Frising.
1416 2224 1488 2267 lib.
1513 2225 1547 2268 1.
1580 2224 1629 2266 de
1651 2223 1764 2266 Gest.

283 2283 438 2326 Frider.
472 2296 559 2338 cap.
581 2285 619 2327 6.
651 2284 822 2338 proinde
853 2296 926 2339 pro
960 2277 1153 2326 Οὐελκόν
1195 2281 1533 2325 substituendum
1567 2273 1769 2336 Οὗελφόν

283 2340 394 2394 apud
423 2341 592 2383 Annam
625 2353 844 2393 censerem,
877 2340 957 2382 nisi
988 2340 1155 2383 docerer
1185 2352 1210 2382 a
1231 2338 1436 2381 Monacho
1452 2337 1704 2393 Pegaviensi
1725 2337 1767 2378 in

283 2397 394 2439 Hist.
416 2397 597 2440 Wiberti
628 2397 864 2440 Groicensis
895 2395 993 2440 ch
1024 2398 1065 2440 et
1095 2395 1216 2449 Wolf
1245 2396 1477 2450 promiscue
1521 2393 1631 2448 apud
1667 2392 1771 2435 Ger-

284 2466 428 2495 manos
459 2453 605 2496 efferri.
667 2454 734 2496 Ita
782 2454 889 2497 enim
937 2453 1021 2506 ille,
1071 2453 1215 2495 urbem
1245 2466 1351 2507 quae
1378 2451 1591 2503 Poduch,
1622 2450 1670 2493 id
1712 2452 1771 2491 est

283 2510 384 2551 urbs
412 2509 537 2563 Wolfi
566 2510 791 2554 barbarica
829 2510 978 2566 linqua
1010 2510 1179 2553 dicitur.
1236 2508 1319 2552 Ubi
1358 2507 1577 2552 barbarica
1623 2507 1771 2561 lingua

285 2565 533 2609 Germanica
575 2566 843 2622 intelligitur,
893 2566 1003 2622 quod
1046 2566 1207 2622 pridem
1244 2564 1410 2608 monuit
1440 2563 1666 2607 Goldastus
1718 2562 1770 2605 ad

291 2622 507 2665 Walafrid.
540 2617 843 2667 Strab.1ib.1.
883 2624 933 2666 de
964 2624 1065 2666 Vita
1106 2622 1146 2666 S.
1182 2622 1307 2665 Galli.
1383 2621 1499 2664 Idem
1543 2633 1663 2675 porro
1709 2619 1771 2661 est

292 2677 456 2731 Wolfus
485 2679 525 2721 et
556 2679 743 2734 Guelfus.
817 2680 878 2722 De
908 2680 1020 2723 vocis
1052 2679 1161 2734 apud
1193 2679 1422 2722 Germanos
1465 2675 1772 2732 significatione

284 2734 343 2776 sic
371 2736 606 2778 Aventinus
636 2737 709 2779 lib.
732 2738 770 2779 6.
802 2737 957 2779 Annal.
986 2736 1102 2779 Boic.
1133 2736 1203 2790 qui
1225 2736 1396 2789 primus
1420 2733 1664 2787 Welphonis
1694 2745 1771 2774 no-

284 2805 378 2833 men
407 2792 514 2844 tulit,
550 2793 602 2835 ab
634 2793 823 2847 auspicio
863 2794 927 2835 rei
969 2793 1174 2836 militaris
1213 2793 1398 2846 bonoque
1441 2792 1579 2834 omine
1625 2789 1769 2832 tramit.

289 2847 418 2891 Canis
447 2849 568 2901 enim,
601 2849 736 2903 lupus,
778 2854 900 2904 atque
928 2850 1084 2904 vulpes,
1114 2863 1289 2904 quorum
1330 2847 1490 2892 catulos
1523 2846 1770 2901 Welphones
