1768 3152
585 255 591 257 ⁴
645 248 648 249 ⁷
676 276 969 314 ramum.
1523 279 1578 313 1x

75 401 421 453 Barbetinum
453 408 505 450 et
520 398 828 448 Vaticanum
862 414 924 448 ex
954 414 1017 447 eo
1047 397 1260 449 fluxisse
1290 401 1580 451 certissimo

78 481 392 531 documento
430 479 634 529 scimus⁶
701 473 949 526 nimirum
986 477 1170 527 ultima
1204 479 1437 544 quinque
1471 481 1578 530 eius

77 560 210 610 folia
243 559 462 609 madore
499 557 632 607 adeo
670 566 790 607 sunt
826 566 1087 621 corrupta,
1133 567 1191 607 ut
1232 558 1391 607 modo
1438 559 1579 625 prin-

77 639 216 707 cipia
245 638 406 688 modo
438 638 602 687 exitus
624 650 870 686 versuum
899 634 1279 686 desiderentur.
1332 638 1437 687 iam
1476 637 1583 688 duo>

76 718 154 768 illi
190 718 395 768 codices
445 731 561 767 cum
607 715 816 766 easdem
850 715 1007 782 plane
1055 715 1269 766 lacunas
1308 717 1583 767 ostendant

81 797 311 847 dubitari
355 796 539 862 nequit
576 796 703 861 quin
742 812 770 845 e
807 794 1134 846 Coisliniano
1169 794 1420 859 descripti
1464 796 1581 846 sint..

80 894 235 943 quem
281 876 396 941 ipse
431 875 646 925 Parisiis
693 874 817 924 inde
863 893 893 924 a
931 880 1030 919 XIV
1067 876 1096 923 8
1136 874 1333 923 contuli
1370 874 1581 926 lacuna-

79 970 301 1022 rumque
333 954 502 1021 spatia
538 953 819 1019 diligenter
842 953 1103 1004 dimensus
1125 953 1179 1002 in
1216 953 1313 1003 hac
1351 953 1582 1004 editione

78 1052 183 1084 non
220 1043 326 1084 tam
362 1033 417 1083 id
455 1033 540 1098 egi
586 1042 642 1082 ut
675 1033 846 1083 hiatus
888 1033 1263 1082 sententiarum
1302 1032 1581 1098 explerem,

80 1114 172 1180 qui
209 1111 354 1164 lusus
383 1112 582 1178 ingenii
618 1112 749 1162 mihi
786 1121 842 1160 ut
877 1111 1048 1161 facilis
1085 1111 1158 1160 ita
1196 1111 1351 1175 plane
1386 1112 1582 1164 inutilis

80 1210 192 1243 esse
230 1191 522 1254 videbatur,
564 1207 726 1257 quam
762 1199 821 1239 ut
849 1190 1050 1240 tristem
1083 1189 1279 1239 codicis
1317 1190 1584 1241 condicio-

80 1289 203 1323 nem
238 1287 355 1322 cum
391 1270 496 1321 fide
520 1278 986 1337 repraesentarem.
1042 1270 1218 1335 itaque
1254 1278 1305 1319 et
1343 1287 1585 1320 versuum

81 1360 134 1402 et
163 1351 469 1401 lacunarum
510 1350 735 1400 ambitus
775 1349 1082 1414 significavi,
1135 1349 1321 1398 harum
1369 1349 1583 1415 quidem

80 1430 166 1491 ita,
204 1439 263 1480 ut
288 1430 581 1480 litterarum
619 1446 754 1495 quae
782 1429 1114 1478 evanuissent
1147 1437 1237 1478 aut
1267 1428 1586 1480 interiissent

80 1523 357 1561 numerum
393 1509 698 1559 indicarem.
762 1523 868 1575 qua
905 1508 1228 1575 conputandi
1263 1508 1463 1558 ratione
1501 1525 1584 1559 ea·-

82 1589 313 1640 vendum
359 1597 436 1639 est
487 1606 553 1638 ne
605 1588 823 1638 nimium
873 1587 1097 1637 fidamus
1143 1597 1361 1654 propter
1414 1589 1584 1653 ipsam

81 1669 374 1720 litterarum
404 1667 832 1734 inaequalitatem
847 1682 863 1716 z·
896 1676 1006 1716 tum
1039 1667 1330 1734 reputanda
1356 1684 1586 1735 conpen-

83 1749 177 1800 dia
207 1749 265 1798 in
298 1748 489 1798 finibus
521 1748 751 1797 maxime
789 1765 1036 1797 versuum
1072 1746 1428 1797 usitatissima:
1464 1765 1586 1813 pos-

82 1837 249 1879 tremo
294 1828 606 1895 scripturam
645 1835 701 1876 ut
733 1844 816 1877 res
851 1835 903 1877 et
938 1826 1146 1877 librarii
1176 1825 1345 1876 libido
1383 1827 1588 1877 serebat

83 1925 223 1958 nunc
281 1904 551 1973 angustius
604 1915 890 1956 coartatam
939 1923 1078 1955 nunc
1122 1906 1277 1955 latius
1317 1905 1586 1955 diductam

83 1987 247 2038 fuisse
265 1994 671 2037 consentaneum
695 1994 787 2036 est.
842 1985 895 2034 in
917 1984 1120 2051 reliqua
1143 1984 1418 2035 Alexiadis
1437 1992 1586 2049 parte

86 2066 434 2117 conlationem
466 2064 779 2116 Coisliniani
815 2073 1021 2115 secutus
1059 2082 1188 2128 sum,
1224 2078 1380 2130 quam
1414 2064 1587 2113 Mont-

85 2146 360 2196 fauconius
394 2145 428 2195 l.
468 2162 510 2195 c.
549 2144 732 2195 edidit.

225 2224 434 2277 Codicis
451 2224 727 2275 Barberini
755 2222 1119 2291 apographum
1148 2230 1291 2273 extat
1315 2223 1370 2272 in
1400 2222 1589 2272 biblio-

85 2303 510 2368 thecaLeidensi‚
533 2303 796 2370 quodIoa.
814 2303 956 2352 Frid.
975 2302 1276 2355 Gronovius
1290 2301 1478 2367 partim
1495 2319 1588 2351 sua

86 2383 278 2450 partim
294 2383 465 2433 aliena
477 2401 636 2433 manu
658 2383 886 2433 confecit
901 2399 912 2431 :
935 2391 986 2432 et
1001 2382 1054 2431 in
1067 2381 1394 2445 marginibus
1414 2380 1524 2430 eius
1539 2389 1590 2431 et

87 2463 226 2512 inter
254 2476 434 2512 versus
466 2462 647 2512 addita
683 2472 760 2512 est
790 2462 980 2513 codicis
1006 2461 1300 2511 Florentini
1331 2460 1590 2525 scriptura

86 2541 431 2606 neglegenter
449 2542 711 2592 adnotata.
745 2542 886 2608 quod
907 2540 1269 2606 apographum
1287 2536 1378 2604 (G)
1399 2539 1495 2589 etsi
1511 2547 1588 2589 to-

88 2629 199 2669 tum
233 2620 451 2670 contulit
486 2621 543 2670 L.
583 2621 904 2687 Schopenus,
943 2630 1127 2669 tamen
1165 2619 1414 2684 equidem
1451 2618 1588 2669 ultra

90 2699 351 2750 decimum
379 2700 574 2750 librum
602 2701 710 2750 eius
740 2700 932 2750 menda
956 2718 1063 2749 non
1083 2698 1311 2748 indicavi
1332 2699 1436 2747 iam
1461 2698 1589 2748 affa-

88 2778 183 2828 tim
213 2788 451 2830 constare
483 2789 624 2830 ratus
652 2780 783 2829 nihil
815 2780 984 2829 bonae
1020 2779 1185 2843 frugis
1222 2778 1276 2826 in
1309 2795 1369 2827 eo
1407 2777 1589 2827 inesse.

93 2876 154 2909 ex
174 2859 355 2909 codice
374 2861 807 2910 autemVaticano
824 2857 908 2925 (V)
928 2857 1182 2909 nonnulla
1207 2857 1463 2922 excerpsit
1480 2855 1589 2906 Leo
