1734 3120
184 247 267 288 364
695 256 860 291 ANNAE
889 255 1155 290 COMNENAE

179 386 226 427 γε
255 365 448 429 τάληθὲς
479 369 635 424 εἰπεῖν,
679 373 767 414 τῶν
806 371 1049 430 θεοφιλιῦν,
1094 366 1247 427 ὥσπερ
1287 371 1400 416 ποτὲ
1439 368 1664 429 ὑπεχώρει

175 438 249 482 καὶ
278 436 498 483 ὑπείκαθε
526 442 623 492 τοῖς
653 439 915 499 θεοφιλέσιν
945 438 1127 491 ἐκείνοις
1156 440 1344 493 νεανίαις
1365 440 1410 484 ἐν
1430 441 1666 495 Βαβυλῶνι

175 507 248 551 καὶ
292 508 584 567 περιέστεφεν
628 503 787 560 αι’-τούς
832 504 882 550 τὸ
929 508 1019 563 πῦρ
1065 504 1274 565 καθάπερ
1309 524 1377 561 τις
1407 506 1665 567 χρυσοειδὴς

175 570 393 632 θάλαμος.
445 576 639 620 ἐνταῦθα
669 576 717 620 δὲ
738 573 815 619 τὸν
843 570 1065 631 ἀλάστορα
1084 578 1248 620 τοῦτον
1277 577 1513 621 Βασίλειον
1533 570 1663 622 οὔπω

174 638 367 700 οἷκριβιῦς
399 642 441 688 οἶ
473 647 631 688 τοῦτον
659 644 1006 700 μετεωρίσαντες
1035 639 1166 699 εἶχον,
1204 644 1276 689 καὶ
1307 642 1333 703 ἡ
1371 643 1490 705 φλὸξ
1523 642 1699 690 ἑδόκει5

175 712 497 768 προεκτρέχειν,
530 714 599 772 ἐφ’
631 703 667 771 ᾧ
696 710 774 757 τὸν
801 713 996 770 δυσσεβῆ
1018 709 1273 768 ἐξαρπάσαι.
1316 712 1394 758 τὸν
1414 715 1450 758 d*
1480 711 1665 758 ὑπόλοι-

176 798 265 824 πον
295 776 503 838 ἀριθμόν,
538 778 637 826 ὅσοι
666 782 744 839 τῆς
773 780 999 833 ἀπωλείας
1028 773 1137 840 ἦσαν
1167 784 1246 826 τοῦ
1270 782 1517 836 Βασιλείου,
1551 798 1666 841 σφα-

174 846 385 904 δάζοντος
413 852 493 894 τοῦ
523 846 856 908 παρεστηκότος
885 850 998 893 λαοῦ
1023 850 1095 893 καὶ
1125 850 1386 906 βιαζομένου
1410 850 1666 907 ἐπιρρίψειν

175 918 246 961 καὶ
265 912 425 971 αὐτοὺς
445 920 509 976 τῷ
533 918 653 974 πυρί,
676 915 699 962 ὃ
722 913 1005 973 αὖτοκράτωρ
1023 912 1075 962 οὗ
1092 916 1391 977 συνεχώρησεν
1409 917 1667 978 ἔγκλεισθῆ-

129 987 246 1029 Βναι
281 983 489 1039 κελεύσας
517 986 562 1030 ἑν
600 989 697 1038 ταῖς
727 989 815 1030 τῶν
858 986 1077 1043 μεγίστων
1116 981 1375 1044 α’νακτόρων
1410 990 1565 1039 στοαῖς
1595 986 1667 1031 καὶ
1681 987 1725 1023 10

175 1057 272 1106 τοῖς
294 1052 596 1111 περιδρόμοις.
643 1055 715 1098 καὶ
733 1051 894 1098 τούτου
923 1051 1154 1112 γεγονότος
1171 1051 1357 1114 διελύθη
1383 1052 1435 1100 τὸ
1460 1056 1665 1112 θέατρον.

26 1127 66 1163 Ρ.
92 1127 163 1163 495
176 1122 249 1166 καὶ
281 1122 392 1179 μετὰ
421 1126 557 1166 ταῦτα
593 1123 838 1178 διαδέχεται
874 1119 978 1175 τούς
1014 1118 1184 1176 ἆθέους
1213 1140 1280 1176 τις
1307 1117 1414 1181 ἄλλη
1443 1121 1668 1183 ἀσφαλεσ-

176 1187 284 1248 τάτη
327 1189 512 1250 φρουρά,
559 1190 622 1244 εἷς
661 1187 712 1250 ἣν
745 1190 1043 1249 ἐμβληθέντες
1082 1192 1154 1235 καὶ
1193 1188 1337 1236 πολύν
1373 1209 1470 1236 τινα
1509 1189 1667 1248 χρόνον

176 1257 507 1320 διατετριφότες
536 1263 589 1321 τῇ
609 1254 791 1319 α’σεβείᾳ
820 1254 967 1303 αὐτῶν
989 1257 1281 1305 ἐναπέθανον.
1328 1264 1462 1306 τοῦτο
1486 1260 1567 1317 μὲν
1590 1251 1668 1305 οὖν

176 1325 369 1372 ὕστατον
400 1327 528 1386 ἔργον
558 1329 630 1373 καὶ
660 1321 805 1372 ἆθλον
840 1330 931 1372 τῶν
970 1331 1151 1386 μακρῶν
1191 1329 1369 1373 ἐκείνων
1405 1326 1559 1374 πόνων
1595 1330 1668 1374 καὶ
1682 1337 1727 1373 15

176 1393 543 1453 κατορθωμάτων
581 1399 661 1441 τοῦ
697 1390 1023 1454 αὐτοκράτορος
1064 1397 1137 1441 »αἱ
1175 1397 1465 1455 καινοπραγία
1498 1414 1564 1450 τις
1593 1397 1666 1441 καὶ

177 1461 316 1522 τόλμη
356 1463 623 1521 παράδοξος.
687 1465 759 1509 καὶ
799 1460 924 1521 οἶμαι
958 1463 982 1510 ὁ
1013 1462 1115 1510 τότε
1150 1463 1308 1522 παρών
1348 1463 1375 1527 ἢ
1414 1467 1485 1511 καὶ
1526 1463 1668 1510 συνών

177 1531 330 1591 ἐκείνῳ
362 1531 581 1589 θαυμάζει
608 1534 734 1590 μέχρι
766 1536 845 1578 τοῦ
867 1534 942 1577 νῦν
970 1534 1042 1578 καὶ
1068 1536 1145 1589 οὐχ
1162 1531 1280 1591 ὕπαρ
1303 1531 1357 1578 τὰ
1376 1531 1477 1579 τότε
1499 1550 1669 1592 γεγενη-

175 1601 284 1656 μένα
313 1598 575 1646 θεάσασθαι
604 1603 740 1655 δοκεῖ,
772 1596 866 1645 ἀλλ’
898 1596 1070 1658 τ’)’νειρός
1099 1619 1166 1655 τις
1196 1597 1317 1661 αὐτῷ
1348 1603 1420 1647 καὶ
1448 1603 1668 1663 φαντασία

179 1668 392 1728 φαίνεται.
450 1671 522 1714 καὶ
553 1667 636 1727 γάρ
668 1670 717 1726 ἐξ
743 1667 850 1715 ὅτου
886 1673 976 1714 τῶν
1007 1668 1142 1728 ὁρίων
1171 1672 1254 1729 τῆς
1278 1668 1504 1728 Ῥωμαίων
1533 1665 1667 1731 α’ρχῆς
1679 1681 1728 1716 20

135 1737 227 1792 Βέξ
253 1732 390 1796 αὐτῆς
413 1742 494 1783 τοῦ
518 1739 753 1797 Διογένους
788 1733 1070 1800 ἀναρρήσεως
1111 1737 1152 1784 οἱ
1189 1737 1407 1797 βάρβαροι
1447 1740 1668 1798 ἐπέβησαν

26 1809 69 1847 V.
95 1811 163 1846 391
178 1804 257 1850 οὐκ
288 1802 480 1862 εὐτυχῶς
510 1808 557 1851 ἐκ
587 1804 780 1866 πρώτης,
808 1804 834 1853 δ’
862 1824 985 1868 φασι,
1017 1808 1227 1864 βαλβίδος
1257 1807 1349 1852 κατ’
1370 1802 1516 1852 αὐτῶν
1546 1808 1668 1865 ἐξορ-

314 1924 367 1959 10.
395 1926 474 1961 ταῖς
502 1923 540 1967 C,
566 1927 641 1962 τοῖς
666 1924 704 1959 P.
855 1925 907 1959 11.
934 1920 1106 1972 παραδρό
1140 1937 1194 1963 οις
1218 1923 1286 1970 CP,
1312 1923 1472 1961 correxi.
1612 1925 1667 1959 13.

308 1968 353 2014 ἢν
378 1970 417 2017 G,
442 1969 508 2015 τὴν
530 1971 571 2008 P.
753 1973 808 2008 16.
832 1975 1080 2019 καινοπραγία
1104 1938 1144 2019 ὅ,
1170 1975 1398 2019 κενοπραγία
1424 1971 1460 2008 C.
1609 1971 1666 2007 21.

307 2016 557 2077 ἀναρρήσεως]
586 2034 606 2064 η
633 2032 678 2056 ex
705 2032 803 2058 corr.
831 2033 878 2058 m.
906 2022 928 2056 2
944 2021 983 2058 C.
1128 2022 1187 2058 22.
1214 2018 1486 2070 ἐξορμήσαντος
1514 2021 1665 2067 scripsi:

310 2068 576 2116 ἐξορμησαντες
602 2069 671 2105 GP.

174 2201 252 2225 rem
279 2202 354 2226 non
381 2190 533 2226 dubiam
560 2191 762 2238 proferam,
796 2191 1009 2228 hominibus
1033 2192 1181 2234 sanctis,
1209 2192 1320 2228 sicuti
1353 2192 1443 2228 olim
1469 2203 1491 2227 a
1518 2191 1665 2227 dilectis

174 2237 243 2274 deo
270 2238 481 2285 Babyloniis
506 2240 581 2275 illis
607 2241 805 2276 iuvenibus
845 2245 1088 2283 recesserunt,
1129 2252 1220 2286 quos
1261 2243 1303 2276 ut
1342 2252 1477 2276 aureus
1512 2239 1665 2286 quidam

175 2286 360 2322 thalamus
403 2288 501 2334 ignis
541 2289 802 2325 circumdedit.
880 2292 919 2325 at
965 2289 1139 2325 scelestus
1186 2289 1249 2324 hic
1295 2289 1452 2325 Basilius
1499 2287 1666 2324 nondum

175 2336 214 2370 in
239 2347 372 2381 rogum
400 2337 567 2372 sublatus
593 2342 685 2383 erat,
711 2350 795 2373 cum
820 2337 971 2373 flamma
996 2338 1082 2383 iam,
1108 2340 1151 2372 ut
1176 2338 1362 2383 arriperet
1387 2349 1484 2379 eum,
1511 2349 1666 2383 procur·

175 2394 256 2419 rere
282 2384 489 2420 videbatur.
542 2398 628 2421 cum
653 2398 741 2422 vero
768 2386 903 2432 reliqui
928 2398 1086 2432 quoque,
1114 2387 1179 2432 qui
1215 2386 1420 2432 impietatis
1447 2386 1525 2421 eius
1551 2385 1667 2432 parti-

176 2431 274 2477 cipes
304 2435 421 2478 erant,
447 2433 598 2470 adstans
622 2435 782 2480 populus
815 2435 854 2469 in
879 2436 1004 2481 ignem
1030 2437 1073 2470 ut
1098 2435 1360 2471 conicerentur
1386 2437 1568 2481 posceret,
1598 2434 1665 2469 im-

177 2482 328 2525 perator
343 2481 381 2516 id
395 2493 469 2517 non
485 2483 670 2528 permisit,
687 2495 816 2519 verum
832 2483 870 2519 in
889 2483 1040 2518 maximi
1058 2483 1188 2529 palatii
1204 2483 1413 2529 porticibus
1427 2482 1666 2528 peridromis-

177 2540 247 2573 que
266 2540 327 2564 eos
352 2529 475 2565 claudi
501 2531 621 2570 iussit.
650 2535 876 2577 spectatores
901 2532 1056 2567 dimitti.
1097 2534 1178 2567 tum
1194 2534 1341 2577 excepit
1359 2531 1551 2577 improbos
1576 2531 1667 2566 istos

177 2576 250 2611 alia
273 2578 460 2613 tutissima
486 2580 665 2625 custodia,
691 2581 756 2615 ubi
784 2580 849 2615 diu
869 2580 1008 2616 retenti
1033 2580 1072 2615 in
1087 2580 1284 2626 impietate
1310 2592 1375 2616 sua
1399 2579 1586 2616 obierunt.
1625 2578 1665 2615 id

178 2624 351 2660 ultimum
388 2630 468 2662 erat
508 2628 747 2673 imperatoris
784 2628 924 2664 factum
965 2631 1229 2675 certamenque
1265 2632 1352 2674 post
1390 2639 1544 2675 magnos
1581 2627 1666 2663 illos

178 2672 321 2708 labores
349 2678 385 2709 et
410 2687 608 2721 successus,
635 2678 673 2712 in
700 2689 773 2723 quo
800 2678 894 2712 mira
932 2676 1110 2713 felicitate
1137 2677 1374 2724 audendique
1398 2677 1551 2713 fortuna
1577 2687 1664 2711 usus

178 2724 267 2756 erat.
317 2734 359 2758 ac
387 2727 479 2768 puto
507 2736 579 2770 eos,
607 2726 668 2771 qui
706 2729 919 2770 praesentes
943 2726 1097 2762 fuerunt
1122 2726 1181 2761 vel
1218 2726 1330 2761 etiam
1366 2725 1445 2762 eius
1469 2727 1666 2761 consuetu-

177 2768 263 2804 dine
289 2771 344 2805 usi
372 2775 470 2812 sunt,
497 2773 627 2808 mirari
654 2774 869 2810 etiamnunc
892 2786 951 2809 res
987 2778 1068 2810 tum
1093 2774 1273 2820 temporis
1304 2776 1427 2821 gestas
1467 2773 1666 2819 omniaque

177 2829 251 2852 non
277 2819 471 2855 veritatem
507 2821 569 2856 sed
595 2823 780 2857 somnium
805 2823 1080 2869 imaginemque
1106 2823 1152 2858 iis
1179 2822 1309 2858 videri.
1369 2834 1415 2858 ex
1451 2833 1524 2868 quo
1565 2822 1664 2857 enim

177 2866 327 2901 barbari
350 2871 435 2912 post
451 2868 626 2914 Diogenis
652 2882 727 2905 non
754 2870 915 2906 feliciter
940 2871 1028 2907 inde
1046 2883 1068 2906 a
1085 2871 1229 2917 primis,
1253 2873 1296 2906 ut
1312 2870 1430 2913 aiunt,
1449 2869 1663 2906 carceribus

175 2916 307 2950 contra
332 2926 394 2950 eos
418 2917 577 2962 profecti
614 2918 931 2955 renuntiationem
957 2919 1118 2956 Romani
1142 2919 1292 2967 imperii
1317 2918 1408 2956 fines
1434 2919 1663 2964 invaserunt,
1710 2933 1731 2954 τ
