1734 3120
525 222 838 257 Gmssmtm
867 223 1105 259 ANNAEUM
1476 218 1559 261 405

81 337 174 380 viae
210 337 369 380 socium
415 337 547 380 sonet.
606 337 696 381 Lib.
716 348 817 382 xlv.
858 339 936 382 sub
979 339 1162 383 medium
1204 341 1255 384 de
1296 342 1559 397 Principibus

78 392 216 436 Gallis
261 393 314 437 ad
355 394 656 465 Imperatorem
705 407 800 438 cum
844 408 999 451 magno
1049 398 1253 440 comitatu
1296 398 1556 442 adeuntibus.

77 446 276 501 ὁπόσους
316 446 371 492 ἂν
412 466 597 502 εκαστος
639 452 728 493 τῶν
768 449 972 509 κομήτων
1002 449 1208 506 ἐβούλετο
1239 454 1559 508 συμπαραλαμ-

75 502 223 561 βάνων
250 503 401 566 εἰσῄει.
459 508 524 552 Ibi
552 509 696 551 tamen
731 509 933 565 ambigua
975 510 1110 553 oratio
1152 512 1215 554 est
1244 512 1286 554 et
1314 511 1350 554 si
1377 524 1455 554 vox
1483 528 1559 554 κο-

76 561 228 621 μὴτων
253 564 459 608 referatur
488 564 543 608 ad
570 563 767 616 ἕκαστος,
797 566 847 608 ut
878 567 990 609 recte
1011 567 1161 621 potest,
1205 567 1310 610 nihil
1338 569 1557 612 innovabi-

75 622 146 664 tur
171 621 217 664 in
245 621 335 664 eius
364 621 620 677 significatu,
650 622 722 665 sed
749 623 919 666 tantum
956 623 991 666 si
1022 623 1228 667 referatur
1263 624 1317 667 ad
1346 620 1555 677 ὁπόσους.

214 679 602 722 KOMITOYPA.
686 679 777 722 Lib.
811 689 877 722 xl.
947 680 1104 724 Militia
1151 681 1319 736 propria
1358 682 1558 738 cuiusque

77 734 264 778 Comitis.
325 733 569 778 Coniunctis
610 735 721 778 enim
766 736 820 779 ad
850 738 1204 791 oppugnationem
1234 738 1347 780 urbis
1377 738 1557 782 Nicaeae

75 791 322 834 Latinorum
365 792 559 836 omnibus
603 792 746 848 copiis,
777 791 990 836 Comitum
1033 794 1121 837 sive
1150 795 1393 850 Principum
1428 808 1557 838 unus-

75 848 250 904 quisque
292 848 337 891 in
365 849 457 892 loco
487 850 599 892 certo
637 850 786 904 cuique
829 850 1046 906 assignato
1088 851 1277 906 proprias
1309 852 1386 894 sub
1426 852 1557 908 signis

73 905 352 959 peculiaribus
380 906 563 949 babebat
590 906 745 961 copias,
790 907 882 950 Has
908 909 1143 951 castrorum
1171 909 1214 951 et
1242 908 1444 951 exercitus
1461 909 1558 951 uni·
1632 956 1638 961 ,

73 961 182 1004 versi
211 963 363 1017 partes,
396 975 576 1018 quarum
610 976 885 1019 unaquaeque
923 965 1001 1008 sub
1034 965 1191 1020 proprii
1222 964 1398 1008 Comitis
1436 978 1557 1021 prae-

74 1018 235 1062 fectura
265 1020 367 1070 erat,
400 1015 666 1074 κομιτούρας
693 1021 819 1063 Anna
846 1023 982 1065 vocat.

210 1077 687 1120 ΚΟΝΟΣΤΛΥΛΟΣ.
738 1077 913 1121 Praeter
940 1078 1159 1122 Annotata
1187 1092 1212 1122 a
1244 1078 1439 1130 Meursio‚
1462 1081 1555 1120 Ko-

75 1131 312 1183 νοσταῦλος
338 1146 488 1177 nomen
521 1134 584 1177 aet
613 1133 839 1189 dignitatis
871 1147 954 1178 non
997 1137 1046 1178 ut
1089 1135 1212 1178 hodie
1256 1135 1319 1178 sin
1381 1135 1483 1178 laris
1513 1137 1555 1179 et

74 1189 221 1233 unicae
247 1190 293 1232 in
321 1190 413 1233 toto
442 1203 585 1246 regno,
626 1190 697 1233 sed
726 1204 832 1246 quae
866 1192 1261 1247 multiplicationem
1292 1205 1317 1235 a
1349 1192 1553 1235 mitteret:

71 1245 175 1289 adeo
205 1246 255 1289 ut
282 1246 408 1290 multi
439 1247 567 1290 simul
597 1247 839 1291 Gonostabli
874 1261 962 1291 esse
989 1250 1172 1304 possent,
1204 1249 1270 1291 uti
1308 1248 1431 1291 hodie
1459 1248 1554 1292 Ma-

70 1302 278 1356 toscham,
310 1316 414 1359 quos
434 1306 601 1347 vocant.
669 1303 719 1347 Id
757 1304 920 1348 indicat
955 1306 1080 1349 Anna
1119 1306 1191 1348 lib.
1218 1316 1322 1348 xm.
1360 1305 1436 1348 sub
1466 1318 1554 1348 me-

69 1359 186 1402 dium
217 1359 316 1404 dum
347 1361 632 1404 Baimundum
660 1361 779 1404 falsis
815 1362 1014 1406 adversus
1051 1362 1252 1418 quosdam
1283 1374 1453 1404 suorum
1472 1362 1552 1428 ³de-

69 1415 300 1460 lationibus
340 1418 646 1472 perturbatum,
695 1418 815 1461 anxie
858 1419 1107 1463 deliberasse
1153 1419 1241 1463 ait:
1289 1417 1410 1469 τίνας
1456 1419 1548 1459 avc’

68 1467 215 1515 αἰτῶν
244 1470 584 1526 Κονοσταύλους
612 1470 830 1530 ποιήσειε.

205 1532 502 1575 ΚΟΡΤΙΝΑ.
563 1531 677 1575 Muri
710 1532 908 1576 ambitus.
964 1533 1031 1576 La
1070 1533 1259 1576 courtine
1291 1533 1363 1575 lib.
1383 1542 1449 1575 XI.
1480 1532 1551 1575 ubi

68 1586 120 1630 de
147 1587 362 1632 obsidione
385 1588 608 1632 Nicaeensi
637 1589 728 1630 τῶν
753 1586 916 1643 μεταξιζΙ
944 1590 1168 1643 metamor,
1201 1603 1284 1633 non
1314 1590 1468 1642 autem,
1503 1590 1551 1632 ut

69 1643 276 1687 Meursius
306 1645 413 1688 citat
443 1659 491 1689 ex
520 1646 836 1689 Hoescbelianis
864 1647 1079 1702 excerptis,
1108 1647 1181 1690 lib.
1203 1657 1306 1690 vm.

203 1702 623 1746 KOYKOYAION.
695 1703 1003 1758 Tegumentum
1054 1703 1203 1759 capitis
1251 1703 1548 1746 monachornm

68 1757 294 1813 proprium.
324 1759 395 1802 lib.
425 1769 507 1804 xv.

204 1816 443 1859 KOYAA.
502 1816 591 1860 Arx
627 1817 827 1872 imposita
863 1817 1041 1861 civitati.
1090 1817 1181 1860 Lib.
1209 1827 1275 1859 xl.
1319 1816 1395 1859 sub
1424 1816 1550 1863 finem,

67 1866 145 1927 τὴν
182 1870 334 1926 μέντοι
369 1866 617 1927 ἀκρόπολιν
652 1870 766 1928 ὅπερ
803 1874 938 1917 κουλᾶ
976 1875 1051 1916 νῦν
1084 1869 1111 1930 ἦ
1142 1869 1358 1931 συνήθεια
1400 1871 1548 1914 καλεῖν

66 1923 244 1980 εἴωθεν,
278 1925 346 1972 ἔτι
373 1929 538 1973 Κέλται
575 1933 790 1984 κατεῖχον.
846 1931 955 1978 libro
1001 1931 1142 1975 eodem
1183 1943 1255 1974 arx
1285 1929 1546 1972 Antiochena

65 1984 201 2028 κουλὶι
228 1987 417 2030 vocatur.

199 2045 565 2088 KYHEAAON.
613 2045 766 2088 Pollux
795 2045 867 2088 lib.
888 2055 952 2088 VI.
983 2057 1070 2099 cap.
1092 2054 1190 2087 XVI.
1219 2053 1438 2106 commune
1467 2041 1546 2106 hoc

66 2099 317 2143 vocabulum
346 2101 504 2156 poculis
534 2102 740 2153 omnibus,
776 2101 846 2145 sed
884 2101 1090 2156 poeticum
1128 2098 1331 2155 agnoscit.
1376 2113 1428 2138 το
1465 2111 1545 2161 γαρ

65 2154 205 2207 δέπας
248 2155 322 2199 καὶ
368 2154 587 2200 κύπελλον
635 2154 856 2214 ποιητικά.
930 2157 1110 2200 Videtur
1152 2158 1293 2199 tamen
1338 2154 1462 2196 Anna
1502 2153 1545 2196 1d

64 2225 268 2268 usurpare
311 2227 386 2269 pro
425 2216 538 2258 certo
584 2215 766 2270 quodam
811 2227 961 2282 genere
990 2226 1040 2257 ac
1073 2214 1208 2279 forma
1238 2211 1423 2277 poculig
1444 2210 1544 2252 dum

63 2269 135 2312 lib.
153 2280 234 2313 XV.
265 2271 343 2314 sub
361 2271 487 2315 finem
506 2272 567 2315 sic
586 2272 745 2315 scribit.
793 2269 913 2326 ὕδωρ
941 2269 1086 2312 ἐδίδου
1110 2269 1175 2312 διο
1211 2269 1291 2310 τοῦ
1311 2265 1541 2332 zvrreMpv,

64 2318 118 2367 οὗ
146 2325 202 2368 δι’
234 2323 499 2383 ἐκπώματός
526 2344 646 2379 τινος
669 2327 828 2380 πίνειν,
872 2327 944 2369 ἵνα
971 2324 1031 2385 μὴ
1060 2325 1227 2381 γένοιτο
1259 2318 1307 2366 οἷ
1334 2322 1545 2392 φξολλαῃις

63 2378 290 2434 δυσκόλως
317 2384 424 2439 περὶ
452 2382 532 2443 τὴν
568 2381 826 2436 κατάποσιν,
860 2379 1208 2441 φλεγμαινούσης
1231 2382 1311 2435 τῆς
1342 2394 1544 2443 ι.·περῳης

62 2438 133 2481 καὶ
153 2432 288 2496 αὗτῆς
313 2437 366 2498 δὴ
385 2443 467 2496 τῆς
488 2439 697 2498 γλώσσης,
722 2443 798 2486 etc.
818 2441 1068 2484 sententiam
1093 2438 1279 2482 divinavi
1303 2438 1344 2479 et
1365 2448 1541 2501 eppraesl

62 2497 111 2538 ut
141 2498 272 2551 potui.
332 2499 442 2554 quod
470 2499 583 2543 idem
611 2513 691 2542 usu
710 2500 826 2542 venit
855 2498 898 2540 in
929 2497 1020 2540 tota
1050 2497 1134 2539 fere
1156 2496 1239 2537 ista
1256 2493 1543 2558 ‘descnptw’ne

63 2553 198 2596 morbi
241 2555 283 2597 et
325 2556 474 2599 mortis
503 2556 653 2607 Alexii,
698 2556 769 2598 ubi
810 2554 935 2598 codex
974 2550 1347 2595 innumerabihbus
1386 2561 1542 2613 passlm

60 2608 224 2652 lacunis
250 2611 355 2662 hiat,
399 2613 441 2655 et
470 2626 577 2668 quae
604 2612 799 2655 continue
828 2610 955 2653 refert
989 2607 1336 2652 incorrectissima
1365 2605 1540 2671 exhibet.

202 2669 407 2711 ΚΥΡΟΣ.
455 2669 723 2712 Honorificae
742 2666 1072 2722 compellationis
1090 2663 1282 2707 formula.
1329 2662 1541 2704 mlnutum

61 2735 108 2766 ex
138 2718 288 2778 κύριος
328 2726 377 2768 ut
419 2726 530 2780 apud
559 2726 731 2768 Latinos
762 2725 950 2766 Domnus
990 2735 1037 2765 ex
1066 2721 1261 2784 Domino..
1318 2718 1538 2783 Lib-xm.

60 2779 295 2835 Imperator
323 2782 366 2824 et
393 2782 483 2826 eius
510 2782 623 2825 filius
653 2781 774 2836 quasi
803 2779 966 2835 proprie
995 2779 1038 2821 et
1066 2776 1344 2832 appellatlone
1364 2775 1541 2830 privatis

61 2849 144 2880 non
191 2838 461 2882 conveniente
501 2840 634 2893 κῦρος
676 2837 844 2882 dicitur.
896 2835 1005 2880 unde
1048 2833 1156 2879 forte
1196 2833 1386 2877 nostrum
1420 2830 1538 2886 Syre.
