1806 3132
500 218 555 252 m
582 217 870 252 ALEXIADEM
894 219 1056 254 NOTAE
1435 213 1518 257 533

34 333 222 377 tinentm·
253 333 301 375 in
328 331 589 386 supradictis
622 332 810 386 capsulis
852 333 1056 388 reliquiae
1102 334 1282 378 aliomcm
1324 351 1517 390 quorum-

34 391 135 434 dam
163 389 429 442 Sanctorum,
452 402 546 432 cum
577 389 726 444 quibus
755 389 896 433 breves
928 404 1015 433 non
1046 391 1331 435 inveniuntur.
1379 394 1519 437 Utun-

32 448 104 490 tur
145 446 301 501 passim
341 446 420 489 hac
463 445 633 489 notione
676 445 920 500 Scriptores,
966 446 1007 490 S.
1049 447 1219 490 Hieron.
1251 449 1382 503 Epist.
1404 451 1443 492 5.
1475 450 1516 493 S.

34 503 188 547 Bened.
208 502 254 545 in
271 502 374 557 Reg.
396 515 486 557 cap.
503 503 572 545 32.
587 502 658 545 41.
677 501 850 558 Gregor.
873 503 930 546 M.
952 503 1024 546 lib.
1041 505 1080 546 2.
1101 505 1193 547 Ind.
1213 505 1277 547 11.
1299 506 1430 560 Epist.
1449 507 1515 550 41.

33 559 208 614 Gregor.
237 559 391 602 Turon.
422 558 495 602 lib.
515 559 556 600 4.
587 559 699 601 Hist.
732 571 820 614 cap.
841 559 910 602 41.
946 560 1086 614 Lupus
1106 560 1267 604 Ferrar.
1298 562 1429 616 Epist.
1448 563 1515 605 80.

34 616 259 660 Udalricus
288 615 362 658 lib.
387 616 422 658 1.
451 614 645 658 Consuet.
668 615 789 658 Clun.
821 628 909 670 cap.
926 617 994 658 52.
1026 616 1161 671 Capit.
1185 617 1277 660 Car.
1299 617 1343 660 C.
1364 618 1431 661 tit.
1447 620 1514 661 31.

34 686 124 728 cap.
148 673 213 716 19.
258 672 373 715 Hinc
400 671 638 715 inbreviare
666 672 710 714 in
746 672 889 715 breves
922 673 1122 728 redigere,
1143 673 1375 717 describere
1405 675 1515 729 apud

33 729 263 773 Eckehard.
307 729 401 772 Iun.
461 729 524 771 De
564 728 703 771 Casib.
751 728 793 772 S.
825 728 939 772 Galli
985 742 1073 784 cap.
1095 731 1159 773 16.
1206 730 1425 773 Hincmar.
1471 731 1515 773 in

32 786 218 829 Praefat.
252 797 390 840 opusc.
412 785 480 828 55.
525 785 740 828 Hoveden.
770 798 866 841 pag.
887 786 982 828 779.
1041 786 1195 829 Annal.
1243 787 1312 829 Fr.
1355 788 1514 830 Bertin.

31 843 85 886 A.
113 851 370 886 DOGOLXIX.
400 842 539 897 Ignot.
573 841 731 885 Cassin.
761 854 849 896 cap.
872 843 913 885 6.
945 843 1023 886 etc.

166 899 294 955 Σορῶ
322 898 401 957 τῆς
429 898 583 941 Βασιλ.
614 898 771 956 Ζωῆς]
809 899 955 942 Refert
985 900 1167 942 Zonaras
1192 899 1558 943 ConstantinumB

31 956 358 999 Monomachum
385 955 492 1010 Imp.
530 955 758 998 extinctam
787 955 910 998 Zoem
940 956 1380 1011 Porphyrogennetam
1419 969 1517 999 con-

33 1013 174 1068 iugem
203 1012 466 1055 muliebriter
493 1012 646 1054 luxisse
688 1024 880 1066 novaque
919 1012 1038 1055 illam
1076 1013 1289 1067 apotheosi
1320 1013 1516 1056 caelitum

31 1082 204 1112 numero
250 1068 517 1123 adscripsisse
577 1068 619 1111 et
659 1069 750 1123 pari
794 1081 890 1110 cum
933 1069 1109 1124 Angelis
1151 1070 1253 1124 ipsis
1295 1070 1519 1112 honorasse

32 1126 172 1169 cultu:
218 1125 329 1180 quod
359 1125 516 1181 fungus
553 1137 600 1168 ex
634 1125 722 1168 01113
761 1125 926 1167 tumulo
969 1126 1257 1180 germinasset,
1299 1127 1519 1181 tamquam

31 1183 171 1235 fuerit,
200 1184 249 1224 ut
278 1182 415 1225 dicere
453 1182 626 1234 solebat,
661 1183 846 1237 σημεῖον
882 1174 1062 1224 ἄνωθεν
1100 1177 1406 1238 οἷκονομηθὲν,
1448 1182 1519 1224 ἵνα

31 1235 92 1338 {11⁷³
102 1232 201 1338 02²?
203 1234 400 1350 Ξῗὲἶιῖῖῃῆ
415 1237 602 1350 ἃῗέᾞῖἶέἐς
625 1240 926 1338 ἔὲἳῗηέῧξῗὲξ
948 1235 1520 1351 ξέἔέιῗῖἕέέὲῗηᾳῗῗέιῗὲξξὲζ

32 1352 229 1395 ratricem
259 1352 383 1394 Zoem
414 1351 570 1403 eodem,
610 1364 692 1406 quo
723 1353 910 1395 caeterae
935 1353 1174 1396 Potestates
1204 1352 1445 1407 Angelicae,
1475 1352 1520 1394 111

34 1408 159 1452 caelis
190 1408 334 1451 ordine
365 1408 614 1451 collocatam
643 1409 842 1452 mortales
871 1409 1169 1463 intelligerent.
1237 1409 1353 1451 Tunc
1392 1409 1520 1452 etiam

33 1478 81 1509 ex
109 1465 188 1508 hac
217 1464 360 1508 fictitii
392 1465 588 1508 miraculi
617 1466 833 1508 occasione
862 1466 1075 1520 probabile
1106 1466 1169 1508 est
1194 1465 1349 1508 elatam
1379 1478 1404 1508 a
1427 1465 1521 1507 Mo-

33 1522 237 1565 nomacho
268 1521 460 1577 coniugis
491 1522 673 1564 Thecam
705 1534 730 1564 a
761 1522 866 1574 loco,
898 1522 971 1565 ubi
994 1523 1170 1574 iacebat,
1199 1522 1398 1576 varioque
1427 1521 1520 1564 auri

33 1579 75 1622 et
107 1591 370 1634 gemmarum
391 1578 545 1621 ornatu
565 1578 808 1621 decoratam
828 1579 873 1621 in
892 1578 1171 1622 Secretarium
1192 1578 1359 1621 demum
1380 1579 1520 1621 trans-

34 1635 169 1678 latam
211 1635 520 1690 repositamque
549 1635 659 1677 inter
689 1636 873 1678 caeteras
902 1635 1110 1678 Divorum
1140 1635 1311 1677 Thecas.

166 1691 390 1748 Σεκρέτῳ]
441 1691 636 1734 Diximus
677 1704 802 1746 supra
843 1691 895 1734 ad
936 1705 1031 1747 pag.
1055 1692 1121 1734 84.
1152 1691 1363 1734 Sem-etum
1407 1690 1518 1745 apud
1530 1698 1709 1745 Pag.157.
1725 1698 1755 1733 B

34 1748 264 1803 Scriptores
309 1748 567 1804 Byzantinos
611 1760 684 1803 pro
729 1748 821 1791 foro
864 1748 1073 1800 Iudiciali,
1119 1760 1191 1790 seu
1234 1747 1324 1790 loco
1359 1748 1403 1789 in
1436 1760 1517 1802 quo

33 1806 275 1848 exercentur
301 1804 464 1847 Iudicia
493 1804 622 1859 vulgo
653 1805 799 1860 accipi,
830 1805 942 1859 quod
971 1804 1235 1859 potissimum
1265 1817 1312 1846 ex
1341 1803 1518 1846 Novella

33 1861 242 1904 Manuelis
263 1861 463 1905 Comneni
493 1862 775 1916 probavimus.
822 1861 871 1904 Id
901 1862 1113 1916 praeterea
1134 1860 1318 1903 adstruit
1338 1859 1520 1903 Codinus

35 1918 79 1960 in
113 1917 229 1973 Orig.
259 1918 333 1961 ubi
359 1917 409 1960 de
434 1917 526 1961 loco
563 1913 709 1960 Τόποι
739 1918 873 1961 dicto:
911 1915 1024 1961 ἔνθα
1055 1912 1209 1975 Ζήνων
1245 1914 1387 1970 ἔκρινε
1416 1912 1519 1966 τούς

34 1970 147 2028 μετὰ
177 1973 446 2018 Βασιλίσκου
477 1973 549 2016 καὶ
583 1973 795 2029 Σέκρετον
823 1971 904 2016 τόν
932 1971 1076 2016 τόπον
1107 1972 1304 2028 ἐποίησε.
1350 1972 1519 2014 Primus

34 2044 59 2074 a
91 2031 207 2074 civili
250 2031 306 2075 ad
337 2031 679 2075 Ecclesiasticum
723 2031 862 2073 forum
908 2031 1064 2075 Secreti
1104 2042 1254 2073 nomen
1298 2029 1518 2072 transtulit

33 2088 192 2131 Paulus
222 2087 519 2132 Samosatenus
550 2089 791 2143 Episcopus,
839 2087 951 2142 quod
995 2088 1032 2130 ei
1079 2087 1189 2129 inter
1235 2085 1518 2128 damnationis

35 2144 174 2199 capita
204 2145 412 2188 obiectum
445 2145 547 2187 olim
590 2145 674 2187 fuit
716 2145 760 2186 111
790 2143 957 2200 Synodo
986 2143 1261 2194 Antiochena‚
1305 2143 1353 2184 ut
1395 2141 1518 2184 autor

35 2202 98 2244 est
126 2201 329 2245 Eusebius
358 2201 432 2244 lib.
453 2202 507 2245 7..
529 2201 644 2245 Hist.
669 2201 825 2244 Eccles.
855 2213 943 2255 cap.
966 2201 1033 2242 30.
1105 2198 1398 2242 Ecclesiastica
1445 2197 1518 2240 Se-

35 2258 148 2300 creta
181 2257 547 2312 Constantinopoli
575 2259 669 2301 octo
702 2258 916 2300 recensent
946 2256 1203 2311 Scriptores;
1246 2254 1518 2297 Patriarchae

34 2314 131 2366 duo,
162 2314 302 2358 Maius
342 2316 384 2358 et
414 2315 577 2365 Minus;
625 2314 709 2357 alia
740 2314 797 2356 M.
829 2313 1064 2363 Oeconomi,
1105 2312 1163 2355 M.
1194 2310 1423 2362 Sacellarii‚
1458 2310 1515 2352 M.

36 2370 370 2427 Sceuophylacis,
419 2370 778 2426 Chartophylacis,
822 2370 998 2412 Minoris
1044 2368 1273 2419 Sacellarii,
1320 2366 1517 2408 ultimum

35 2427 212 2482 denique
240 2427 298 2470 M.
329 2428 577 2480 Protecdici,
608 2427 719 2482 quod
740 2426 913 2469 caeteris
944 2426 1150 2479 postremo
1171 2425 1232 2466 est
1260 2423 1518 2466 adiunctum.

34 2483 98 2526 De
127 2483 295 2527 Secreto
324 2484 478 2528 Maiori
505 2484 789 2534 Patriarchae,
830 2495 902 2524 seu
940 2482 1077 2536 potius
1109 2480 1224 2523 Aede
1258 2480 1319 2522 ita
1357 2491 1518 2521 nuncu-

34 2540 148 2594 pata,
177 2540 222 2583 in
251 2554 334 2596 qua
363 2540 526 2584 Iudicia
556 2554 631 2584 sua
663 2539 888 2590 exercebat,
928 2538 1063 2592 agunt
1095 2536 1374 2590 TheophaneS,
1404 2535 1518 2578 Pau-

34 2596 100 2639 lus
130 2596 250 2640 Diac.
281 2598 322 2640 et
352 2597 394 2641 S.
423 2597 698 2652 Nicephorus,
742 2595 814 2650 qui
843 2594 952 2637 Aedi
996 2593 1229 2648 Sophianae
1270 2591 1517 2646 proximum,

35 2653 123 2696 sive
151 2653 196 2695 in
219 2653 309 2708 ipso
326 2654 603 2705 Patriarchio,
624 2651 808 2695 extitisse
838 2651 995 2702 scribit,
1026 2649 1287 2704 Imaginibus
1322 2660 1369 2690 ex
1398 2660 1518 2702 opere

36 2709 199 2753 musivo
228 2710 492 2754 adornatum.
552 2709 749 2752 Eiusdem
788 2707 915 2750 etiam
958 2706 1150 2749 meminit
1180 2704 1359 2748 Michael
1390 2703 1518 2747 Ceru-

35 2765 167 2809 larius
196 2766 443 2811 Patriarcha
475 2766 555 2810 GP.
596 2766 641 2808 in
670 2765 820 2807 Edicto
864 2763 915 2806 de
956 2762 1139 2817 proiecto
1185 2761 1360 2816 pittacio
1405 2759 1515 2814 apud

20 2821 162 2866 Leon.
193 2823 417 2868 Allatium.
485 2823 700 2867 Secretum
732 2821 874 2863 Minus
904 2820 967 2863 ita
996 2819 1283 2874 nuncupatum
1311 2818 1386 2870 est,
1417 2815 1516 2872 quia
