1734 3120
460 223 724 259 ALEXIADIS
757 223 853 258 LIB.
884 225 988 259 xm.
1023 219 1088 258 12.
1433 221 1515 262 245

33 340 285 402 διατηρήσει)
314 342 437 400 μέχρι
471 339 638 395 παντὸς
666 342 739 386 καὶ
767 340 822 385 τὰ
850 340 964 400 ὑπὲρ
991 345 1071 386 τοῦ
1101 341 1287 400 κράτους
1307 342 1428 399 ὑμῶν
1447 345 1520 388 καὶ

33 415 108 456 νῦν
136 413 290 471 φρονῶ
322 412 396 456 καὶ
424 410 559 456 εἰσέτι
598 408 808 470 φρονήσει)
851 412 950 469 μηδ’
994 405 1094 469 ἄχρι
1137 414 1274 472 ψιλῆς
1321 413 1561 465 ἐπινοιάςῦ

34 478 256 538 κακόηθες
286 477 313 538 ἢ
342 478 529 536 δολερὸν
559 478 677 537 πρὸς
716 478 829 537 ὑμᾶς
873 478 1166 536 ἐνδεξόμενος,
1208 476 1299 524 ἄλλ’
1346 481 1518 537 ἑμμενῶ

33 554 129 601 τοῖς
160 547 238 593 ὑπ’
269 549 377 606 ἐμοῦ
422 549 850 608 συμπεφωνημένοις
886 549 959 593 καὶ
996 549 1101 593 καθ’
1143 546 1391 607 οἶονὸήτινα
1422 546 1524 607 τρό-

0 627 123 662 5πον
156 611 258 662 aisn
299 614 594 676 ψευδορκήσω
640 615 758 674 πρὸς
800 615 912 674 ὑμᾶς
956 611 1058 662 οὕτε
1087 617 1149 670 εἷς
1191 612 1406 675 ἀθέτησιν
1434 619 1524 661 τῶν

31 685 347 745 ὑπεσχημένων
389 683 581 744 χωρήσω
627 682 729 731 οὔτε
761 683 879 742 πρὸς
906 680 1133 731 ἄσπονδόν
1159 704 1202 730 τι
1233 684 1525 744 ἕπινοὴσομαι

33 749 135 800 οὕτε
179 749 314 808 αὗτὸς
357 753 441 812 ἐγώ
486 749 589 800 οὔτε
634 752 675 799 οἳ
706 753 786 800 σὺν
822 755 923 811 ἐμοὶ
950 753 1115 808 πάντες
1143 756 1215 799 καὶ
1244 752 1414 800 ὁπίσοι
1442 756 1526 812 τῆς

32 824 139 883 ἐμῆς
181 823 382 879 ἐξουσίας
423 822 510 869 εἶσὶ
550 825 623 868 καὶ
665 821 745 868 τὸν
786 821 920 882 χορὸν
962 825 1052 868 τῶν
1091 824 1210 880 ἐμῶν
1239 825 1525 880 στρατιωτῶν

32 891 375 952 οἷπάρτίζουσιν·
410 887 520 936 ἀλλὰ
538 893 609 936 καὶ
630 891 799 954 huso-ae
829 895 919 936 τῶν
939 894 1031 937 σῶν
1065 891 1245 949 ἐχθρῶν
1270 889 1525 948 θωρακιοὺ-

0 967 156 1019 Ομεθα
192 962 264 1006 καὶ
303 956 504 1018 ἀροῦμεν
549 958 668 1005 ὅπλα
710 962 783 1005 καὶ
822 958 988 1017 δόρατα
1016 962 1089 1005 καὶ
1119 964 1217 1013 τοῖς
1246 965 1346 1014 σοῖς
1375 961 1525 1019 φίλοις

33 1030 309 1087 ἑμβαλοῦμεν
351 1027 433 1082 τὰς
475 1026 646 1085 δεξιάς·
690 1030 764 1073 καὶ
807 1026 953 1072 πάντα
981 1026 1035 1072 τὰ
1060 1026 1177 1085 πρὸς
1206 1029 1423 1088 ὠφέλειαν
1453 1029 1526 1072 καὶ

32 1096 162 1159 τιμὴν
187 1101 270 1157 τῆς
297 1101 388 1142 τῶν
412 1095 642 1155 Ῥωμαίων
678 1093 813 1157 ἀρχῆς
842 1098 915 1141 καὶ
945 1094 1169 1157 ἑπινοήσω
1197 1097 1270 1141 καὶ
1298 1094 1526 1155 καταπρά-

35 1169 176 1224 ξομαι.
234 1164 377 1220 οὕτως
414 1162 597 1225 ὀναίμην
625 1169 704 1227 τῆς
739 1168 820 1211 τοῦ
865 1168 980 1211 Θεοῦ
1020 1165 1249 1224 βοηθείας,
1290 1163 1407 1209 οὕτω
1438 1167 1522 1210 τοῦ
1537 1173 1570 1209 D

33 1238 225 1293 σταυροῦ
253 1236 327 1280 καὶ
355 1238 445 1279 τῶν
474 1236 618 1280 θείων
647 1230 921 1293 εὐαγγελίων.
948 1231 950 1233 ’

0 1311 20 1344 5
174 1307 320 1348 Ταῦτα
348 1301 515 1364 ἐγράφη
543 1321 593 1349 τε
622 1305 696 1348 καὶ
725 1301 768 1349 οἳ
798 1301 923 1360 ὅρκοι
951 1303 1330 1360 συνετελέσθησαν
1356 1319 1525 1359 παρου-

33 1373 109 1432 σίᾳ
138 1374 232 1417 τῶν
259 1370 660 1431 ὑπογεγραμμένων
692 1370 928 1429 μαρτύρων
956 1369 1067 1415 κατὰ
1093 1373 1208 1431 μῆνα
1222 1371 1526 1428 Σεπτέμβριον

34 1442 239 1498 δευτέρας
268 1439 575 1499 ἐπινεμήσεως
606 1440 735 1500 ἔτους
764 1435 848 1500 ἤδη
878 1440 1271 1499 διαρρυϊσκομένου
1305 1436 1466 1500 Ιςχιζ.

171 1507 224 1555 Οἱ
249 1510 400 1567 μέντοι
422 1507 801 1568 παρουσιάσαντες
819 1507 1039 1567 μάρτυρες
1057 1509 1130 1553 καὶ
1149 1505 1523 1567 ὖπογεγραφότες,

35 1568 97 1622 ῶν
126 1577 322 1622 ἐναντίον
344 1581 481 1622 ταῦτα
510 1578 754 1631 τετέλεστο,
786 1576 898 1623 εἰσὶν
922 1568 1071 1623 οὗτοι·
1106 1573 1149 1621 οἱ
1179 1577 1525 1636 θεοφιλέστατοι
1539 1581 1582 1618 V.
1607 1581 1678 1616 329

0 1645 293 1699 οέπίσκοποι,
324 1643 351 1690 δ’
374 1663 423 1691 τε
452 1642 685 1706 Ἀμάλφης
711 1649 902 1703 Μαῦρος
933 1646 1005 1690 καὶ
1036 1643 1061 1690 ὁ
1091 1646 1171 1690 τοῦ
1194 1645 1410 1701 Τερεντοῦ
1437 1643 1526 1689 Ῥε-

36 1712 193 1771 νάρδος
221 1715 294 1758 καὶ
324 1711 367 1759 οἶ
397 1713 477 1760 σὺν
505 1710 624 1773 αὐτῷ
655 1715 874 1773 κληρικοί·
903 1712 927 1759 ὃ
955 1709 1275 1770 εὖλαβέστατος
1303 1709 1527 1771 καθηγού-

34 1800 166 1839 μενος
196 1785 275 1842 τῆς
304 1782 350 1827 ἐν
379 1783 686 1843 Λογγιβαρδίᾳ
714 1783 957 1840 σεβασμίας
986 1783 1125 1842 μον-ἧς
1155 1783 1234 1825 τοῦ
1273 1777 1400 1838 ἁγίου
1426 1776 1526 1824 Ἀν-

169 1875 204 1910 3.
229 1871 472 1923 ἐνδεξόμενος
495 1877 646 1922 scripsi:
673 1873 929 1924 ἐνδειξάμενος
953 1876 993 1912 Ρ.
1157 1875 1189 1910 4.
1216 1872 1278 1909 ὑπ’
1303 1873 1347 1917 F,
1372 1872 1461 1918 παρ’
1478 1865 1524 1906 ⁴P-

169 1925 204 1960 9.
230 1924 402 1960 lacunam
428 1925 583 1972 signavi.
718 1927 773 1961 1‘2.
800 1928 861 1960 καὶ
887 1921 1074 1968 ἑπινοήσω
1100 1923 1142 1969 F,
1168 1925 1230 1958 καὶ
1254 1933 1326 1958 om.
1353 1920 1393 1956 P.
1469 1921 1525 1955 16.

169 1975 402 2057 Σὲττέβὲιον
427 1973 470 2016 Ρ,
503 1974 661 2010 correxi.
811 1975 864 2010 17.
888 1974 1222 2020 ὃιαρρυῖσκομένου
1251 1969 1294 2015 F,
1320 1970 1527 2015 διαρυϊσκο-

168 2034 196 2068 μ
243 2034 287 2057 ου
340 2049 349 2057 .

35 2118 180 2151 vestrae
205 2115 317 2151 utilia
340 2119 439 2160 sunt,
463 2120 502 2152 et
526 2129 626 2153 nunc
649 2129 782 2153 curare
806 2120 845 2154 et
877 2118 917 2152 in
942 2121 1133 2162 posterum
1157 2116 1375 2150 curaturum
1408 2122 1529 2156 neque

35 2162 95 2199 vel
122 2163 317 2200 minimam
341 2169 600 2211 suscepturum
624 2166 703 2202 odii
727 2169 794 2202 aut
818 2165 961 2201 fraudis
987 2164 1098 2200 ullius
1119 2163 1236 2199 invos
1247 2160 1527 2207 cogitationem,

36 2210 102 2247 sed
126 2212 299 2248 omnibus
325 2224 347 2248 a
370 2225 430 2249 me
468 2214 662 2259 promissis
687 2218 874 2251 staturum
908 2225 977 2250 nec
1000 2212 1076 2248 ullo
1101 2222 1277 2256 umquam
1312 2207 1424 2244 modo
1462 2208 1525 2243 ad-

36 2271 183 2296 versum
208 2272 274 2297 vos
301 2273 360 2297 me
382 2262 640 2307 peieraturum
667 2267 734 2299 aut
759 2263 942 2309 promissa
965 2273 1048 2297 mea
1083 2261 1196 2296 irrita
1233 2258 1421 2294 facturum
1461 2259 1527 2291 aut

37 2308 242 2354 quidquam
266 2312 398 2346 contra
422 2310 554 2347 foedus
579 2313 881 2358 excogitatumm
906 2322 1027 2356 neque
1053 2320 1111 2344 me
1134 2309 1259 2354 ipsum
1283 2316 1405 2351 neque
1428 2316 1526 2340 meo-

37 2369 122 2392 rum
146 2369 381 2404 quemquam,
405 2360 632 2406 quicumque
657 2360 752 2397 mihi
775 2359 933 2395 subiecti
969 2362 1056 2394 sunt
1094 2356 1329 2400 militumque
1358 2363 1527 2388 meorum

37 2417 234 2441 numerum
260 2405 439 2444 efficiunt.
463 2445 468 2447 ,
487 2407 552 2444 sed
578 2420 647 2454 pro
674 2425 692 2440 ι
720 2408 896 2444 adversus
921 2407 1046 2443 hostes
1069 2409 1154 2442 tuos
1178 2404 1313 2439 loricas
1331 2401 1527 2437 induemus

37 2465 215 2500 armaque
239 2454 412 2490 tollemus
436 2467 480 2491 ac
503 2457 650 2492 lanceas
671 2460 711 2492 et
734 2457 862 2492 amicis
885 2456 962 2492 tuis
987 2455 1123 2490 amicas
1140 2453 1335 2489 iniciemus
1356 2449 1525 2494 dextram

38 2502 236 2548 omniaque
270 2503 319 2539 ad
342 2503 547 2541 utilitatem
572 2505 826 2551 honoremque
862 2504 1014 2549 imperii
1037 2501 1198 2538 Romani
1233 2502 1271 2535 et
1307 2497 1526 2552 excogitabo

37 2554 76 2586 et
100 2550 304 2596 perficiam.
364 2552 418 2588 sic
447 2565 507 2589 me
544 2553 635 2589 deus
676 2553 841 2597 adiuvet,
875 2553 928 2588 sic
950 2563 1043 2588 crux
1079 2554 1118 2585 et
1152 2548 1281 2584 divina
1325 2546 1526 2592 evangelia.

37 2598 130 2635 haec
155 2599 295 2645 scripta
320 2604 408 2636 sunt
433 2603 472 2636 et
496 2601 708 2638 iuramenta
732 2601 914 2647 praestita
938 2598 1197 2646 praesentibus
1221 2595 1442 2640 subscriptis
1456 2597 1526 2649 tes-

37 2647 140 2683 tibus
183 2659 309 2684 mense
342 2648 555 2695 Septembri
591 2650 808 2686 indictionis
857 2648 1037 2685 secundae
1085 2646 1174 2681 anni
1212 2644 1286 2679 iam
1323 2642 1527 2678 desinentis

39 2696 156 2731 sexies
202 2696 390 2732 millesimi
432 2699 689 2735 sexcentesimi
734 2697 868 2733 decimi
905 2695 1066 2742 septimi.
1133 2696 1220 2728 sunt
1260 2695 1386 2727 autem
1422 2702 1528 2736 prae-

38 2747 159 2779 sentes
184 2747 309 2790 testes,
338 2745 402 2792 qui
428 2745 485 2781 his
510 2747 822 2792 subscripserunt,
860 2748 898 2780 et
934 2755 1060 2780 coram
1087 2742 1224 2789 quibus
1262 2740 1328 2776 illa
1361 2739 1527 2785 perfecta

39 2796 137 2836 sunt,
162 2792 203 2827 hi
229 2793 295 2838 qui
320 2798 549 2840 sequuntur:
574 2795 643 2830 deo
679 2794 885 2841 gratissimi
926 2791 1090 2838 episcopi
1116 2788 1270 2825 Amalfis
1297 2788 1450 2823 Maurus
1489 2791 1527 2822 et

38 2839 194 2876 Tarenti
219 2840 414 2877 Renardus
439 2843 578 2889 quique
603 2855 688 2879 cum
718 2854 759 2878 eo
787 2844 893 2877 erant
917 2840 1063 2884 clerici;
1089 2837 1392 2884 religiosissimus
1420 2846 1526 2890 prae·

40 2888 184 2935 positus
224 2890 427 2927 venerandi
471 2892 511 2927 in
554 2890 812 2938 Longibardia
855 2888 1073 2925 monasterii
1118 2886 1238 2923 sancti
1278 2885 1448 2921 Andreae
1488 2895 1527 2918 m
