1794 3132
254 207 338 250 484
777 217 955 252 CAROLI
985 217 1225 252 DUOANGII

252 346 305 375 ne
344 335 572 375 nocturnos
609 332 761 386 pullus
806 336 879 375 aut
925 332 1154 382 antecedat,
1197 336 1271 375 aut
1315 333 1562 388 deprendat.
1630 334 1750 377 Alias

244 389 467 444 pullorum
492 393 641 432 cantus
679 389 836 432 dicitur
867 389 912 431 in
940 389 1086 432 eadem
1115 389 1292 444 Regula,
1330 390 1374 432 16
1411 390 1502 434 vita
1533 391 1574 435 S.
1606 391 1752 433 Fursei

254 446 438 489 Confess.
468 459 556 501 cap.
581 447 616 489 1.
647 446 701 489 N.
726 447 763 488 6.
795 447 839 489 in
871 446 960 489 vita
988 446 1028 489 S.
1051 446 1228 489 Davidis
1250 447 1506 501 Archiepisc.
1528 447 1752 491 Meneven-

253 503 310 546 sis
339 503 394 546 N.
420 503 484 546 17.
530 504 608 546 etc.
668 502 789 547 Pulli
833 506 983 546 cantus
1024 503 1069 545 in
1111 503 1222 546 Hist.
1272 504 1485 547 Translat.
1531 504 1573 548 S.
1604 504 1749 547 Ioann.

254 560 362 603 Abb.
393 560 638 603 Reomaens.
671 573 759 614 cap.
784 561 822 602 3.
884 560 995 613 Quin
1026 560 1066 602 et
1097 560 1364 603 observatum
1402 561 1563 615 pridem
1595 575 1619 604 a
1650 561 1752 604 viris

254 617 388 660 doctis
429 617 540 672 apud
574 616 894 671 Evangelistam
943 617 988 658 in
1019 616 1108 660 MS.
1140 617 1428 660 Bibliothecae
1459 618 1616 674 Regiae
1653 619 1750 674 legi,

257 673 398 717 Tertio
422 674 547 728 pullo
579 678 641 716 ter
670 687 734 716 me
762 673 948 729 neyabiS,
985 673 1057 716 ubi
1095 673 1219 717 lectio
1255 674 1432 730 vulgata
1462 675 1601 727 habet,
1636 679 1752 718 ante-

254 745 380 786 quam
408 731 551 786 yellus
579 734 730 784 cantet,
761 734 824 773 ter
861 745 926 773 me
968 731 1155 785 neyabis.
1224 731 1292 774 Ita
1335 731 1445 786 apud
1476 732 1751 775 Ammianum

254 788 549 831 Marcellinum
578 788 652 830 lib.
675 789 742 830 20.
765 787 938 842 pullum
966 787 1157 830 silentem
1201 788 1469 843 gallicinium
1497 789 1751 844 interpreta-

252 847 323 889 tur
355 845 561 897 Valesius,
613 844 687 887 ubi
736 845 786 887 de
831 844 989 887 Iuliani
1037 845 1391 900 Inauguratione:
1442 844 1752 900 Impositusque

252 906 368 946 scuto
388 902 592 956 pedestri,
639 905 678 944 et
716 901 925 945 sublatius
965 902 1150 944 eminens
1187 902 1312 955 pullo
1355 902 1503 946 silente
1531 902 1752 958 Auyustus
1778 928 1781 930 -

251 959 533 1003 renuntiatus.
591 957 660 1002 Sic
691 959 802 1002 enim
832 958 1073 1013 praeferunt
1107 958 1226 1002 MSS.
1255 959 1296 1002 et
1327 959 1530 1003 editiones
1558 960 1751 1003 Romana

253 1018 294 1060 et
323 1016 581 1071 Florentina,
612 1028 695 1058 non
725 1028 822 1059 vero
850 1015 982 1068 nullo,
1010 1016 1059 1058 ut
1089 1016 1300 1071 vulgatae.
1360 1016 1440 1059 His
1471 1017 1581 1060 enim
1614 1018 1750 1060 verbis

253 1073 495 1128 designavit
540 1072 814 1116 Marcellinus
860 1068 980 1127 ὥραν
1022 1071 1184 1129 τρίτην,
1232 1086 1315 1128 qua
1360 1086 1403 1116 se
1447 1074 1750 1128 Imperatorem

252 1130 560 1185 proclamatum
593 1129 775 1172 testatur
804 1129 916 1172 idem
931 1130 1122 1173 Iulianus
1152 1130 1195 1172 in
1227 1130 1360 1184 Epist.
1391 1130 1444 1173 ad
1461 1131 1749 1174 Athenienses.

257 1187 361 1231 Vide
391 1186 551 1229 Arnob.
597 1186 640 1228 in
672 1186 830 1229 Psalm.
875 1199 971 1242 pag.
993 1188 1089 1230 382.
1123 1187 1220 1229 485.
1263 1187 1362 1230 edit.
1394 1188 1569 1231 Froben.
1614 1188 1749 1231 vitam

254 1244 295 1288 S.
325 1244 509 1287 Materni
538 1242 678 1298 Episc.
713 1243 872 1286 Trevir.
913 1244 1024 1298 apud
1054 1244 1253 1298 Bosquet.
1286 1257 1381 1298 pag.
1404 1245 1473 1287 49.
1526 1245 1749 1288 Heinsium

254 1301 307 1344 ad
336 1300 544 1343 Theocrit.
579 1300 633 1342 id.
655 1301 692 1343 7.
725 1301 766 1343 et
795 1300 1117 1343 Bourdelotium
1141 1301 1196 1343 ad
1228 1300 1395 1344 Heliod.
1426 1301 1499 1344 lib.
1525 1303 1561 1344 1.

38 1360 240 1407 Pag.89.A
388 1356 668 1412 Κοσμικαῖς]
728 1355 901 1400 Glossae
959 1357 1196 1401 Graecolat.
1248 1354 1479 1412 κοσμικὰς,
1531 1359 1747 1402 secularis.

254 1415 445 1459 Utuntur
467 1413 654 1457 Canones
672 1413 863 1468 Apostol.
887 1413 989 1458 036.
1010 1415 1048 1457 7.
1069 1413 1226 1457 Concil.
1249 1415 1410 1460 Sardio.
1434 1415 1478 1458 0.
1494 1417 1531 1458 7.
1554 1416 1748 1470 Ephesin.

253 1473 372 1527 parte
396 1472 432 1513 1.
473 1470 518 1514 0.
542 1473 608 1514 30.
649 1470 687 1525 ξ.
709 1474 748 1514 3.
791 1470 1039 1514 Chalcedon.
1086 1471 1187 1514 036.
1216 1473 1255 1514 3.
1296 1472 1363 1515 24.
1409 1472 1748 1527 Harmenopulus

252 1529 326 1573 lib.
351 1529 387 1571 l.
415 1528 484 1570 tit.
507 1529 545 1571 3.
578 1527 614 1582 ξ.
642 1529 703 1571 12.
728 1529 793 1571 13.
825 1529 1162 1583 Theophylactus
1183 1529 1308 1585 Bulg.
1331 1529 1464 1584 Epist.
1487 1530 1551 1572 14.
1583 1530 1749 1585 Pachy-

253 1598 385 1628 meres
415 1585 487 1627 lib.
511 1585 549 1628 5.
581 1586 622 1628 et
654 1585 740 1628 alii.
786 1585 1034 1628 Mundialis
1057 1585 1218 1628 Victori
1257 1586 1459 1638 Uticensi,
1503 1586 1747 1639 Prudentio,

251 1642 403 1686 Ioanni
432 1642 620 1685 Diacono
650 1642 693 1684 in
726 1642 814 1685 vita
846 1641 887 1685 S.
921 1641 1094 1697 Gregor.
1127 1643 1169 1685 et
1200 1643 1364 1698 aliquot
1395 1643 1503 1686 aliis.

203 1709 237 1742 A
395 1697 586 1752 Τέμενος
615 1700 694 1755 τῆς
727 1697 918 1754 Θέκλας]
965 1699 1155 1753 Quatuor
1190 1700 1456 1754 potissimum
1485 1700 1536 1743 D.
1570 1700 1749 1743 Theclae

251 1757 418 1798 sacrata
451 1755 625 1810 Templa
658 1755 1037 1811 Constantinopoli,
1079 1756 1145 1799 vel
1180 1756 1223 1798 in
1254 1756 1527 1808 Suburbanis,
1560 1758 1745 1800 observo.

251 1812 443 1855 Primum
483 1813 652 1867 quidem
687 1812 870 1856 Codinus
910 1813 960 1856 de
992 1812 1108 1868 Orig.
1141 1810 1222 1856 CP.
1253 1827 1277 1856 3
1307 1813 1584 1857 00681361160
1616 1814 1673 1857 M.
1703 1814 1748 1856 111

251 1869 343 1912 1060
372 1868 570 1912 00613116
617 1869 729 1913 (11610
761 1870 999 1913 extructum
1045 1871 1086 1912 et
1131 1870 1336 1924 Deiparae
1380 1871 1515 1925 primo
1561 1871 1748 1913 dicatum

250 1926 390 1977 refert,
436 1926 585 1969 deinde
629 1940 653 1969 3
697 1927 861 1970 1681160
910 1926 1167 1982 Curopalata
1207 1927 1408 1982 Imperat.
1447 1928 1491 1970 in
1522 1941 1672 1971 nomen
1705 1927 1745 1970 S.

253 1983 431 2026 Theclae
459 1983 732 2027 transfusum.
794 1983 990 2027 Alterum
1017 1998 1042 2027 a
1074 1984 1311 2027 Iustiniano
1338 1984 1474 2027 adhuc
1498 1985 1662 2040 privato
1694 1984 1747 2027 ad

252 2040 367 2082 urbis
393 2041 562 2094 portum
596 2040 841 2084 Ceratinum
871 2041 1139 2084 aedificatum
1174 2042 1320 2084 narrat
1350 2041 1580 2097 Procopius
1610 2042 1682 2084 lib.
1710 2043 1746 2083 1.

252 2097 301 2139 de
332 2097 470 2140 Aedif.
502 2097 667 2150 Iustin.,
702 2097 813 2152 quod
842 2098 952 2140 idem
987 2098 1175 2141 Iustinus
1217 2099 1484 2153 postmodum
1514 2099 1746 2150 renovavit,

251 2154 300 2195 ut
346 2154 468 2196 autor
513 2155 575 2196 est
605 2155 798 2198 Zonaras.
876 2155 1066 2198 Tertium
1111 2155 1228 2198 iuxta
1258 2154 1458 2199 Galatam
1504 2155 1604 2212 (nisi
1635 2156 1746 2198 idem

251 2210 334 2253 fuit
365 2223 460 2253 cum
491 2211 797 2265 Iustinianaeo)
841 2212 1023 2255 occurrit
1062 2212 1107 2254 in
1138 2211 1341 2256 Chronico
1373 2212 1414 2256 S.
1447 2212 1674 2267 Nicephori
1703 2212 1747 2254 in

253 2266 457 2323 Catalogo
503 2268 739 2311 Patriarch.
783 2268 864 2312 GP.
907 2270 948 2312 et
992 2269 1038 2311 16
1067 2269 1245 2312 Novella
1277 2269 1504 2312 Iustiniani
1538 2271 1630 2313 159.
1674 2269 1747 2312 ubi

252 2323 405 2367 Portae
435 2324 618 2380 Sycenae
648 2326 846 2381 regionis,
888 2327 965 2385 τῆς
1008 2319 1264 2383 ἐπαρκούσης
1301 2323 1365 2377 εἷς
1398 2322 1449 2368 τό
1487 2322 1747 2381 Μαρτὺριον

251 2382 328 2437 τῆς
362 2377 486 2436 ἁγίας
519 2381 686 2433 Θέκλας
715 2383 920 2435 meminit,
953 2397 1059 2438 quae
1090 2384 1228 2438 potuit
1259 2397 1345 2427 esse
1376 2383 1592 2427 maritima
1610 2384 1745 2438 porta,

253 2451 348 2492 qua,
382 2451 545 2482 emenso
578 2439 698 2492 freto,
730 2440 782 2482 ad
814 2440 920 2483 illud
951 2441 1104 2484 ibatur.
1163 2441 1372 2495 Quartum
1402 2440 1581 2496 deniqne
1603 2440 1747 2484 condi-

252 2494 315 2536 dit
359 2496 546 2538 Isaacius
593 2495 829 2539 Comnenus
867 2510 915 2540 ex
960 2511 1006 2541 ea
1053 2511 1159 2553 quae
1200 2498 1268 2541 hic
1300 2498 1352 2540 311
1384 2498 1522 2550 Anna,
1567 2498 1743 2549 Zonara,

253 2550 432 2606 Scylitze
475 2553 516 2595 et
537 2552 670 2609 Glyca
700 2553 878 2596 refertur
904 2555 1131 2607 occasione,
1163 2555 1276 2598 intra
1302 2554 1462 2597 Palatii
1490 2556 1619 2609 septa,
1643 2555 1746 2597 Bla-

253 2607 466 2651 cherniani
496 2610 669 2663 scilicet,
700 2611 749 2652 ut
778 2611 904 2654 habet
929 2611 1039 2655 idem
1071 2612 1283 2668 Scylitzes,
1328 2611 1400 2666 qni
1429 2611 1537 2654 illud
1577 2611 1746 2666 perinde

254 2676 302 2706 ac
333 2665 457 2709 Anna
502 2667 555 2710 ab
585 2667 796 2722 elegantia
828 2668 1106 2712 commendat.
1162 2669 1317 2711 Verum
1357 2668 1503 2711 contra
1541 2668 1744 2711 reclamat

254 2721 435 2765 Zonaras
466 2723 647 2766 scribens
669 2724 828 2767 Aedem
862 2725 990 2768 istam
1026 2725 1269 2769 sordidioris
1288 2725 1441 2768 1833611
1461 2724 1744 2780 parcimoniae

253 2780 549 2832 argumentum
582 2780 720 2833 fuisse,
767 2781 919 2824 maiori
966 2795 1061 2826 vero
1106 2783 1148 2826 et
1188 2781 1382 2837 ampliori
1427 2782 1743 2838 magnificentia
