1794 3132
556 222 612 257 m
637 221 926 261 ALEXIADEM
954 227 1117 263 NOTAE
1490 221 1570 266 441

232 345 339 391 Dux
368 343 531 388 addens
549 344 761 399 precibus,
793 345 946 390 multos
969 360 1203 401 properare
1222 346 1364 401 coeyit.

234 402 495 449 Conveniunt
522 417 674 456 omnes,
704 406 813 450 sicut
840 405 1081 455 mandatur,
1113 403 1347 462 Hydrunti,

231 460 507 507 Dalmatica-9
537 475 664 506 naves
693 465 812 507 oneri
839 461 945 506 Dua:
972 462 1092 514 elicit
1121 470 1256 518 aptas,

231 518 408 563 Auoeilio
437 517 520 561 sibi
548 533 654 573 quas
681 534 785 573 qens
811 521 984 564 miserat
1013 521 1091 565 illa
1115 525 1283 576 petitas.

232 581 327 620 Has
354 575 486 618 armis
516 580 555 619 et
583 578 711 631 equis,
742 581 1001 632 sumptuque,
1023 579 1207 634 virisque
1234 578 1414 631 repletas

228 632 302 677 Ad
333 631 572 684 Gormobum
599 634 749 678 mittit.-
776 635 875 678 baec
904 634 1055 679 Insula
1083 650 1169 679 non
1188 634 1343 691 procul
1369 634 1471 677 urbe

230 689 378 733 Distat
407 689 700 747 Hydruntina,
726 691 915 745 placidis
942 693 1204 746 spirantibus
1230 691 1359 743 auris,

230 747 328 790 Huc
356 747 437 790 cito
466 749 688 800 transitur,
723 749 912 793 dimissis
938 751 1117 794 navibus
1146 752 1267 795 illam

231 803 402 848 Acriter
431 805 641 849 invadunt
669 806 825 861 equites
856 806 1005 858 Ducis,
1037 812 1159 862 atque
1188 809 1374 852 timorem

233 861 439 906 Omnibus
465 862 689 908 incutiunt.
721 864 795 918 qui
822 865 1142 919 circumquaque
1165 870 1398 910 morantur.

96 912 158 955 De
187 918 424 973 expugnata
457 917 637 974 Corcyra
664 920 724 962 sic
742 921 869 964 etiam
890 921 1136 977 Anonymus
1156 922 1350 966 Barensis
1380 924 1423 966 in
1444 924 1573 969 Chro-

95 973 202 1017 nico.
259 974 388 1019 Anno
417 986 622 1019 MLXXXI.
652 976 750 1020 Ind.
780 989 844 1022 rv.
876 992 1013 1021 mense
1044 979 1219 1030 Martio,
1249 980 1340 1033 ipse
1367 980 1472 1024 Dux
1486 982 1573 1025 Ro-

95 1031 235 1075 bertus
262 1032 421 1076 direxit
447 1034 635 1086 naviam,
669 1037 708 1076 et
737 1034 895 1079 obsedit
929 1035 1064 1087 Corsa
1111 1041 1150 1079 et
1193 1041 1339 1089 postea
1381 1038 1459 1081 ibit
1501 1040 1573 1083 ille

94 1102 187 1132 cum
215 1089 371 1140 multis,
410 1094 449 1132 et
491 1090 648 1134 decimo
680 1091 749 1134 die
776 1096 915 1136 stante
944 1093 1073 1147 Mayi
1109 1094 1418 1147 comprehendit
1449 1095 1572 1148 Gorfo

93 1150 133 1189 et
161 1146 382 1190 Botronto.
411 1147 484 1190 ubi
514 1148 697 1191 decimus
726 1149 815 1192 dies
844 1154 974 1198 stans,
999 1153 1073 1192 aut
1101 1151 1257 1194 stantis
1274 1151 1403 1203 Maii,
1426 1153 1487 1195 est
1504 1155 1570 1195 22.

94 1203 275 1247 eiusdem
310 1204 476 1246 mensis.
535 1204 695 1259 Quippe
722 1206 845 1249 istius
874 1208 967 1250 aevi
998 1207 1227 1260 Scriptores
1255 1208 1407 1256 Italici,
1442 1209 1572 1252 inter-

93 1260 193 1303 dum
225 1260 354 1304 etiam
385 1259 551 1312 Gallici,
573 1275 756 1305 mensem
786 1263 828 1305 in
851 1263 954 1307 duas
979 1264 1115 1318 partes
1134 1265 1277 1308 secant
1296 1278 1344 1308 ac
1363 1265 1569 1316 dividunt,

91 1330 269 1368 quarum
298 1317 435 1371 prima
465 1318 645 1370 intrans,
678 1319 811 1363 altera
839 1321 982 1364 exiens
1010 1324 1048 1363 et
1076 1324 1197 1364 stans
1224 1322 1376 1364 mensis
1403 1322 1569 1365 dicitur.

91 1375 151 1418 Ut
180 1372 329 1417 Graeci
359 1374 470 1417 enim
500 1375 677 1427 primam
715 1377 921 1420 mensium
964 1377 1203 1420 Atticorum
1242 1379 1402 1432 partem
1441 1373 1571 1430 ἀρχό-

88 1446 231 1531 έὲἑῖιῖιέ
250 1431 370 1530 ίὲἰῑἜ
393 1432 1160 1546 Ἥέῗξῗῖαὲὲἳθξὲἑξζξζνῗὲξ-Μρ
1199 1435 1404 1535 9633113
1433 1436 1571 1536 Htw·

313 1521 382 1530 ..
962 1524 971 1533 .
1075 1526 1084 1534 .
1161 1507 1252 1535 uia
1336 1507 1571 1547 aquara-

89 1545 245 1600 9esimo
273 1545 342 1588 die
375 1545 563 1601 fiyuram
595 1545 778 1590 hominis
812 1548 1015 1601 acceperit
1053 1562 1163 1592 nono
1197 1562 1335 1592 mense
1372 1549 1569 1599 intrante,

92 1601 248 1645 decimo
277 1601 346 1645 die
373 1603 577 1647 nascitur.
628 1603 805 1647 Diversa
834 1617 956 1658 porro
986 1605 1069 1648 fuit
1097 1605 1315 1660 utriusque
1344 1606 1475 1660 partis
1496 1620 1570 1649 nu-

90 1658 313 1702 merandae
337 1659 471 1709 ratio;
510 1673 608 1703 nam
638 1660 774 1715 prima
803 1662 957 1704 mensis
984 1675 1079 1715 pars
1110 1662 1252 1705 ordine
1281 1662 1475 1705 consueto
1506 1663 1570 1705 di-

91 1715 403 1764 numerabatur,
449 1717 615 1771 sumpto
645 1730 670 1761 a
698 1717 833 1768 primo
878 1718 1062 1762 eiusdem
1097 1718 1163 1762 die
1195 1718 1317 1762 initio
1362 1732 1491 1773 usque
1517 1719 1569 1762 ad

90 1772 298 1815 decimum
330 1772 549 1827 quintum:
594 1774 768 1817 alterius
804 1775 946 1818 autem
975 1775 1109 1827 partis
1139 1775 1191 1818 ab
1227 1775 1378 1818 ultimo
1417 1776 1569 1818 mensis

90 1829 157 1872 die
184 1829 354 1872 initium
385 1830 579 1881 sumitur,
612 1830 757 1874 ordine
785 1831 1043 1885 retrogrado.
1074 1845 1156 1875 non
1186 1844 1282 1874 vero
1310 1844 1335 1874 a
1366 1832 1568 1875 Kalendis

90 1886 132 1929 et
161 1899 187 1929 a
218 1885 353 1940 primo
383 1886 641 1930 succedentis
672 1888 836 1940 mensis,
869 1889 917 1930 ut
946 1889 1055 1943 apud
1076 1888 1259 1939 Latinos,
1290 1888 1351 1931 ita
1381 1888 1429 1930 ut
1457 1888 1567 1931 deci-

89 1955 182 1985 mus
211 1942 350 1986 sextus
379 1944 532 1986 mensis
562 1944 649 1988 dies
678 1944 806 1987 tuerit
834 1945 1010 1988 ultimus
1040 1944 1242 1988 secundae
1266 1944 1410 1994 partis.
1442 1945 1566 1987 Verbi

89 1999 243 2051 gratia,
272 1999 383 2054 apud
403 2000 704 2044 Rollandinum
725 2001 798 2044 lib.
816 2002 854 2044 6.
880 2001 1030 2045 Chron.
1057 2015 1144 2055 cap.
1164 2002 1229 2043 10.
1257 2000 1497 2044 Fredericus
1509 2001 1565 2044 ΙΙ.

88 2055 322 2104 Imperator
365 2055 521 2100 dicitur
561 2057 711 2101 obiisse
756 2071 869 2101 anno
913 2068 1053 2102 MCCL.
1099 2059 1146 2101 in
1184 2058 1289 2110 festo
1322 2056 1366 2100 S.
1396 2057 1565 2109 Luciae,

88 2112 245 2156 scilicet
273 2112 343 2156 die
369 2123 473 2156 xm.
503 2114 692 2158 intrante
721 2113 964 2167 Decembri;
1002 2115 1073 2169 qui
1111 2114 1279 2170 quidem
1315 2113 1402 2156 dies
1438 2114 1567 2156 faetus

89 2169 131 2212 S.
161 2169 315 2212 Luciae
357 2169 472 2213 cadit
514 2170 559 2213 in
591 2172 656 2214 13.
688 2170 869 2214 eiusdem
913 2171 1079 2214 mensis.
1147 2170 1274 2213 Extat
1313 2170 1357 2212 in
1398 2169 1566 2213 Palatio

88 2225 280 2280 Episcopi
306 2226 555 2270 Veronensis
584 2228 704 2270 vetus
730 2228 969 2282 Inspriptio,
1002 2228 1118 2270 cuius
1150 2226 1341 2269 meminit
1360 2226 1566 2281 Hierony-

87 2295 182 2325 mus
211 2281 345 2326 d’alla
374 2282 497 2326 Corte
524 2284 568 2326 in
589 2284 702 2327 Hist.
718 2285 869 2327 Veron.
900 2284 972 2327 lib.
994 2284 1033 2326 5.
1064 2297 1158 2338 pag.
1181 2283 1276 2326 285.
1297 2282 1342 2324 in
1363 2295 1445 2337 qua
1464 2283 1567 2325 baec

88 2339 307 2394 leguntur:
336 2339 498 2383 Eodem
524 2355 637 2384 anno
668 2340 925 2394 (MCLXXII.)
944 2341 1119 2394 septimo
1146 2339 1214 2383 die
1237 2339 1423 2382 intrante
1450 2338 1565 2382 Iulio

88 2395 301 2439 combusta
332 2400 392 2440 est
424 2395 583 2441 Civitas
609 2397 808 2441 Veronae.
871 2396 1104 2440 Chronicon
1141 2396 1304 2438 Ducum
1339 2395 1563 2438 Benevent.

91 2451 261 2500 Occisus
289 2456 351 2496 est
369 2468 396 2497 a
414 2453 681 2498 Normannis
708 2465 791 2498 VII.
823 2454 891 2496 die
917 2454 1105 2496 intrante
1132 2466 1268 2495 mense
1296 2451 1420 2494 Febr.
1437 2450 1564 2494 Anno

87 2519 273 2553 MLXXV.
338 2509 583 2563 Anonymus
627 2510 835 2561 Barensis,
880 2509 1167 2552 A.Mxxcn1.
1208 2508 1398 2562 perrexit
1438 2521 1566 2561 super

88 2565 297 2610 civitatem
331 2565 481 2616 Canni,
513 2571 552 2611 et
580 2578 627 2610 x.
658 2567 726 2610 die
754 2567 940 2609 intrante
973 2565 1084 2609 Iulii
1118 2564 1428 2617 comprehendit
1459 2578 1561 2607 eam.

87 2621 195 2665 Vide
223 2622 423 2666 Ioannem
453 2623 692 2667 Archidiac.
719 2623 942 2666 Barensem
972 2623 1015 2665 in
1046 2622 1157 2664 Hist.
1180 2620 1391 2664 Translat.
1422 2619 1463 2663 S.
1486 2619 1564 2664 Sa-

86 2678 175 2721 bini
217 2691 305 2733 cap.
329 2680 368 2722 2.
406 2680 459 2723 N.
482 2680 521 2723 5.
558 2679 865 2724 Hensehenium
905 2678 969 2721 15.
1005 2678 1123 2721 Febr.
1158 2690 1252 2732 pag.
1275 2677 1371 2719 809.
1411 2676 1563 2720 Schra-

89 2734 235 2778 derum
261 2735 306 2778 in
335 2736 594 2780 Monument.
620 2736 717 2780 Ital.
750 2748 845 2790 pag.
870 2735 935 2778 16.
965 2734 1122 2777 Bedam
1148 2733 1221 2776 lib.
1251 2732 1302 2776 de
1328 2732 1562 2776 Minutione

87 2792 280 2845 sanguin.
327 2793 405 2836 etc.
462 2793 579 2837 Haec
622 2793 673 2836 de
715 2792 851 2841 prima
890 2791 1042 2834 mensis
1083 2790 1213 2844 parte.
1272 2789 1420 2833 Altera
1464 2802 1560 2831 vero

87 2847 250 2893 Exiens
278 2848 444 2904 dicitur,
477 2850 527 2894 ut
562 2850 673 2906 apud
703 2848 881 2893 Graecos
912 2860 1010 2904 pars
1047 2846 1199 2891 mensis
1234 2845 1370 2889 Attici
1408 2845 1559 2890 ultima
