1734 3120
193 222 273 263 382
706 229 872 265 ANNAE
902 227 1169 264 OOMNENAE

190 342 276 405 μὴν
310 342 335 403 ἡ
368 341 488 402 ψυχὴ
518 345 603 387 τοῦ
634 339 919 397 ταλαιπώρου
952 339 1228 398 ἐπετρόπευε
1250 339 1433 399 σώματα
1453 379 1461 388 .
1481 345 1485 399 Ι
1506 379 1515 388 .
1533 343 1676 400 πέσβη

190 414 263 457 καὶ
291 410 315 457 ὁ
348 412 553 469 μέγιστος
582 409 748 466 λύχνος,
781 412 947 466 μᾶλλον
978 410 1026 454 δὲ
1058 409 1082 467 ἦ
1119 407 1293 469 πάμφω
1314 412 1317 467 Ι
1339 446 1348 455 .
1368 447 1376 455 .
1397 447 1406 455 .
1425 447 1434 455 .
1458 412 1576 468 κείνη
1607 428 1680 455 σε-

191 482 308 541 λήνη,
342 479 394 525 τὸ
427 481 536 538 μέγα
565 483 646 538 τῆς
665 475 877 538 ἄνατολῆς
898 479 970 522 καὶ
990 476 1041 523 δύ
1063 480 1066 535 Ι
1085 515 1093 523 .
1114 515 1123 523 .
1144 515 1152 523 .
1171 496 1192 531 ς
1221 483 1401 537 πρᾶγμα
1433 481 1505 525 καὶ
1526 475 1676 538 ὄνομα,

191 547 217 607 ἡ
247 550 419 604 βασιλὶς
448 545 624 608 Εἰρήνη,
658 549 751 604 καὶΙ
775 584 783 592 .
803 584 811 592 .
831 584 839 592 .
859 584 867 592 .
887 550 1006 603 ὦμεν
1051 549 1123 591 καὶ
1161 547 1240 592 τὸν
1279 543 1387 606 οῗὲρα
1418 549 1678 605 ἒμπνέομεν.

193 613 290 662 εἶτα
318 612 461 662 ἄλλων
479 620 483 674 Ι
504 653 536 663 ..
555 611 704 669 ἄλλοις
744 619 888 659 κακῶν
919 613 1161 673 γεγονότων
1188 617 1260 660 καὶ
1285 615 1551 677 πρηστήρων
1579 620 1714 675 μεΙ.5

194 683 312 729 άλων
362 685 704 744 καταιγισάντων
752 683 862 743 ἡμᾶς
919 685 987 728 ἐπ’
1037 681 1143 729 αὐτὸ
1187 683 1239 729 τὸ
1286 702 1475 745 κορυφαι
1496 687 1530 743 Ι.
1549 722 1558 730 .
1579 703 1680 731 .τον

151 758 283 802 Βτῶν
312 758 458 799 κακῶν
494 754 606 800 ἰδεῖν
642 757 721 798 τοῦ
754 755 978 811 Καίσαρος
1017 753 1214 798 θάνατον
1233 755 1238 811 Ι
1259 790 1268 799 .
1287 790 1296 799 .
1315 790 1324 799 .
1343 788 1352 797 .
1369 751 1570 811 λάθημεν
1606 755 1679 798 καὶ

194 821 477 882 τετηρήμεθα
505 820 739 874 τοσαύταις
768 823 914 865 κακῶν
932 823 938 879 Ι
957 858 965 866 .
985 858 993 866 .
1011 819 1250 879 ριστάσεσι.
1308 820 1421 878 μετὰ
1450 819 1528 879 γάρ
1559 840 1681 874 τινας

194 889 356 952 ἡμέρας
385 894 464 935 τοῦ
491 893 626 935 κακοῦ
645 893 650 947 Ι
672 924 681 933 .
701 926 709 935 .
728 926 736 934 .
754 888 1016 942 αστεύοντος
1045 891 1117 934 καὶ
1145 893 1223 951 τῆς
1251 890 1400 948 τέχνης
1434 886 1680 948 ἀπαγορευ-

195 958 329 1019 ούσης
347 963 352 1018 Ι
373 997 381 1005 .
400 996 409 1005 .
431 997 440 1005 .
458 960 649 1017 πέλαγος
697 959 895 1015 ἀθυμίας
934 957 1121 1020 ἐμαυτὴν
1165 960 1377 1017 ὄιαφεῖσα
1417 963 1514 1011 τοῖς
1532 960 1536 1015 Ι
1558 995 1566 1003 .
1586 995 1594 1003 .
1614 994 1622 1003 .
1638 976 1678 1011 ις
1695 969 1734 1002 1ss

193 1024 459 1089 ἠγανάκτουν
489 1031 621 1072 τοῦτο
657 1025 805 1084 μόνον,
850 1024 916 1071 ὅτι
947 1029 1020 1070 καὶ
1049 1025 1074 1085 ἡ
1101 1025 1220 1088 ψυχή
1250 1044 1335 1083 μου
1355 1029 1389 1084 Ι.
1406 1063 1415 1071 .
1434 1063 1443 1072 .
1462 1063 1470 1072 .
1490 1045 1512 1069 ν
1542 1028 1587 1071 ἑν
1616 1029 1678 1084 τῷ

193 1095 377 1154 σώματι.
432 1098 505 1140 καὶ
535 1095 574 1141 εἰ
605 1097 682 1155 μή,
716 1093 777 1149 (bg
808 1094 963 1154 ἔοικεν,
997 1091 1081 1140 α’δα
1099 1097 1105 1153 Ι
1126 1132 1134 1140 .
1153 1132 1162 1141 .
1181 1132 1190 1141 .
1212 1132 1221 1140 .
1241 1096 1309 1154 ίνη
1336 1112 1403 1148 τις
1432 1089 1483 1156 ἦν
1503 1092 1530 1154 ἢ
1549 1090 1681 1154 ἄλλης

192 1163 312 1218 τινὸς
360 1162 539 1224 φύσεως
584 1162 820 1216 διάπλασις
836 1165 842 1221 Ι
861 1200 870 1209 .
892 1201 900 1209 .
919 1201 927 1209 .
947 1200 956 1209 .
976 1200 985 1209 .
1002 1200 1011 1209 .
1032 1200 1040 1208 .
1061 1200 1070 1209 .
1089 1200 1098 1208 .
1119 1161 1132 1208 .'
1146 1200 1155 1209 .
1198 1165 1270 1208 καὶ
1316 1165 1554 1220 ξενίζουσα,
1602 1161 1681 1207 κᾶν

192 1229 435 1293 ἀπωλόμην
467 1229 544 1291 εὔΙ
559 1269 793 1279 .........
812 1234 962 1291 υρίους
1009 1231 1235 1286 θανάτους
1269 1228 1514 1278 ἀπέθανον.
1575 1231 1681 1277 Νιό-

42 1312 81 1348 Ρ.
109 1311 176 1347 507
191 1306 293 1360 βηνΙ
312 1337 572 1347 ..........
591 1299 620 1345 ά
654 1318 786 1346 τινων
821 1301 1164 1360 τερατευομένην
1207 1298 1426 1358 ἀκούομεν
1453 1302 1459 1358 Ι
1488 1337 1679 1346 ......
1696 1314 1734 1351 15

194 1405 354 1415 .....
372 1388 394 1422 ς
423 1371 556 1414 λίθον
592 1371 930 1426 μεταβαλοῦσαν
964 1368 1038 1414 dcc}
1071 1370 1291 1428 πένθοςΙ.
1316 1405 1325 1414 .
1356 1406 1365 1414 .
1390 1406 1399 1414 .
1427 1407 1435 1415 ,
1462 1406 1470 1414 .
1494 1406 1502 1414 .
1528 1406 1537 1414 .
1565 1407 1574 1415 .
1604 1406 1612 1414 .
1635 1406 1643 1414 .
1670 1406 1678 1414 .

191 1455 246 1482 τα
288 1439 361 1482 καὶ
413 1436 525 1495 μετὰ
561 1438 646 1497 τὴν
688 1434 878 1497 ἀμοιβὴν
925 1437 1002 1496 τὴν
1046 1437 1132 1496 εἶςΙ
1151 1473 1522 1483 ..............
1539 1455 1681 1495 παρα-

191 1507 459 1563 πέμπουσαν
511 1507 562 1551 τό
616 1504 771 1560 πάθος
821 1503 940 1564 ἆθάΙ
960 1542 1259 1552 ...........
1277 1524 1298 1559 ς
1346 1504 1481 1565 φύσιν
1531 1502 1681 1550 ἀναίσ-

194 1579 346 1633 θητον,
393 1573 475 1630 ἐγώ
529 1576 567 1619 δ’
610 1569 696 1632 ἄρα
749 1577 819 1620 καὶ
838 1579 844 1634 Ι
863 1611 872 1620 .
889 1612 898 1620 .
918 1612 926 1620 .
969 1576 1227 1634 μηθεστέρα
1272 1575 1448 1633 ἐκείνης,
1496 1572 1565 1619 ὅτι
1610 1575 1679 1618 καὶ

191 1641 303 1700 μετὰ
360 1642 439 1697 τὰς
492 1645 720 1702 μεγίσταςΙ
740 1680 979 1690 .........
1033 1648 1122 1688 τῶν
1171 1647 1414 1703 συμφορῶν
1457 1644 1680 1700 μεμένηκα
1694 1654 1734 1688 2ί]

193 1711 335 1766 οὕτως
384 1711 524 1771 αἶσθη
557 1716 563 1771 Ι
595 1749 604 1758 .
638 1750 678 1763 .,
678 1749 894 1758 ......
931 1708 1076 1757 ἄλλων
1133 1704 1184 1771 ἦν
1223 1707 1308 1770 ἄρα
1358 1710 1474 1768 πρὸς
1515 1712 1681 1768 πέτραν

330 1835 359 1869 1.
392 1839 480 1879 ..βη
497 1834 538 1870 Ρ.
666 1834 699 1871 2.
727 1832 938 1883 πιὶμᾳιωτος
965 1835 1084 1879 ἐκείνη
1099 1835 1138 1871 Ρ.
1262 1836 1294 1870 3.
1324 1830 1465 1873 δύσεως
1482 1833 1523 1869 Ρ.
1646 1835 1679 1869 4.

335 1910 343 1920 .
358 1883 479 1929 .ῶ’μεν
491 1883 529 1918 Ρ.
675 1885 707 1919 5.
743 1910 752 1920 .
768 1911 776 1920 .
791 1884 832 1920 Ρ.
941 1880 1117 1931 μεγάλων
1130 1883 1168 1919 Ρ.
1319 1884 1353 1919 6.
1380 1879 1681 1930 κορυφαιότατων

327 1931 381 1966 sic
394 1931 433 1968 P.
559 1934 591 1968 7.
625 1959 633 1967 .
648 1959 658 1968 .
673 1931 712 1968 P.
827 1934 860 1968 8.
888 1928 1125 1978 περιστάσεσι
1142 1932 1180 1969 Ρ.
1281 1931 1313 1967 9.
1341 1927 1625 1969 δυναστεύοντος
1638 1930 1679 1966 P.

330 1982 385 2016 10.
411 1981 463 2018 εἰς
487 1982 649 2026 πέλαγος
664 1980 701 2015 P.
789 1977 887 2019 ὅλοις
899 1981 937 2016 Ρ.
1079 1983 1132 2017 11.
1161 1979 1334 2027 παρῆνΡ.
1478 1981 1533 2014 12.
1558 1978 1649 2015 ἀὸα.
1665 2006 1673 2014 .

327 2030 379 2067 τὶς
404 2024 448 2072 ἦν
461 2028 500 2063 Ρ.
602 2030 657 2064 13.
692 2056 701 2065 .
716 2056 724 2064 .
740 2028 779 2063 P.
896 2031 951 2064 14.
978 2028 1015 2065 εἰ)
1025 2056 1131 2066 .....
1140 2033 1292 2077 μυρίους
1307 2028 1346 2063 Ρ.
1420 2024 1565 2073 Νιόβην
1586 2024 1681 2075 μετά

326 2077 405 2112 sine
430 2077 564 2112 lacuna
588 2077 625 2112 P.
728 2078 783 2114 15.
818 2105 827 2114 .
843 2105 852 2114 .
868 2080 936 2116 .εἰς
949 2077 987 2114 Ρ.
1072 2080 1126 2114 16.
1150 2078 1410 2125 μεταβαλοῦσα
1425 2076 1494 2119 GP,
1521 2077 1677 2113 correxi.

334 2152 343 2161 .
359 2125 452 2162 .εῖ’τα
467 2125 506 2160 Ρ.
618 2127 673 2161 17.
700 2128 768 2164 εἷς.
783 2153 791 2161 .
822 2122 939 2174 φύσιν
963 2129 1296 2173 παραπέμπουσαν
1308 2126 1347 2161 Ρ.
1462 2126 1518 2160 18.
1544 2122 1622 2159 ἀθά
1644 2152 1651 2161 .
1668 2151 1676 2160 .

326 2176 387 2208 καὶ
414 2176 463 2213 εἷς
477 2174 516 2210 P.
618 2176 674 2210 19.
707 2203 716 2209 .
732 2201 740 2211 .
755 2174 793 2211 P.
887 2177 944 2211 20.
978 2202 987 2211 .
1003 2202 1011 2211 .
1029 2202 1038 2212 .
1050 2175 1090 2210 P.
1190 2175 1246 2210 21.
1274 2176 1389 2218 αῗσθη
1411 2201 1420 2210 .
1436 2201 1443 2208 .
1460 2201 1468 2209 .
1486 2170 1556 2220 ἄρα
1571 2173 1610 2208 Ρ.

191 2313 326 2347 corpus
340 2301 528 2337 tuebatur.
562 2302 728 2338 extincta
753 2306 809 2338 est
829 2306 867 2339 et
892 2303 1054 2338 maxima
1078 2302 1155 2347 lux,
1172 2301 1261 2336 luna
1285 2301 1412 2347 potius
1428 2300 1538 2347 pleno
1566 2300 1679 2336 collu—

191 2362 276 2385 cens
303 2350 403 2394 orbe,
429 2350 494 2386 illa
516 2351 672 2386 orientis
698 2351 974 2397 occidentisque
999 2362 1041 2387 re
1065 2354 1102 2386 et
1127 2351 1277 2386 nomine
1304 2350 1411 2385 Irene
1436 2350 1678 2395 imperatrix:

190 2402 315 2434 tamen
340 2399 500 2435 vivimus
526 2402 564 2434 et
589 2411 711 2435 aerem
737 2401 932 2446 spiramus.
982 2399 1118 2435 deinde
1142 2410 1226 2434 cum
1252 2398 1325 2433 alia
1348 2409 1458 2444 super
1484 2398 1557 2433 alia
1582 2398 1680 2432 mala

192 2447 411 2482 accidissent
436 2459 644 2493 magnaque
668 2448 818 2494 fulgura
850 2460 917 2484 nos
943 2448 1168 2494 tetigissent,
1203 2459 1388 2482 summum
1415 2447 1597 2482 malorum
1623 2446 1679 2480 in-

192 2496 291 2530 tueri
318 2495 483 2531 Caesaris
510 2500 667 2531 mortem
694 2497 919 2543 cogebamur
945 2499 983 2532 et
998 2496 1280 2532 reservabamur
1298 2498 1404 2530 tanto
1422 2495 1677 2530 calamitatum

192 2543 360 2589 impetui.
410 2544 598 2579 nonnullis
633 2546 730 2581 enim
757 2545 890 2581 diebus
931 2548 1017 2591 post
1046 2545 1178 2580 morbo
1217 2545 1497 2590 ingravescente
1535 2546 1573 2578 et
1598 2546 1678 2578 arto.

193 2592 336 2627 medica
361 2592 582 2638 desperante
607 2594 644 2628 in
672 2594 852 2630 maeroris
891 2594 1046 2640 ⁴pelagus
1083 2593 1240 2638 abrepta
1278 2592 1317 2628 id
1356 2592 1475 2628 solum
1512 2592 1678 2626 omnium

192 2639 307 2684 dolui,
329 2640 428 2685 quod
453 2642 576 2676 anima
598 2654 680 2677 mea
702 2643 897 2677 etiamtum
923 2643 1104 2678 remansit
1120 2643 1158 2676 in
1184 2652 1361 2687 corpore;
1386 2652 1480 2685 quae
1503 2640 1575 2675 nisi
1594 2640 1679 2674 ada-

192 2689 359 2723 mantina
384 2689 513 2724 fuisset
539 2690 596 2725 vel
623 2702 667 2725 ex
696 2691 768 2725 alia
795 2691 955 2737 quadam
981 2691 1139 2726 materia
1163 2690 1332 2725 confecta
1362 2702 1379 2722 *
1404 2691 1443 2724 et
1467 2689 1576 2734 plane
1603 2689 1675 2723 sin-

191 2736 343 2781 gularis,
369 2737 593 2772 interiissem
636 2752 653 2771 ια
695 2739 829 2774 millies
854 2740 950 2774 mori
990 2739 1211 2774 debuissem.
1275 2737 1420 2773 Nioben
1457 2750 1473 2769 »2
1510 2737 1680 2772 audimus

192 2785 229 2818 in
262 2784 389 2819 fabula
416 2798 433 2818 *
462 2786 498 2820 in
533 2786 695 2832 lapidem
722 2799 937 2822 conversam
971 2799 1048 2823 esse
1076 2789 1232 2832 propter
1265 2796 1471 2821 maerorem
1501 2798 1518 2817 »ι
1545 2785 1678 2820 deinde

191 2835 276 2878 post
300 2834 543 2869 mutationem
570 2836 609 2869 in
647 2848 711 2868 *st*
754 2836 793 2870 in
819 2840 993 2871 naturam
1021 2847 1128 2872 sensu
1155 2837 1353 2871 carentem.
1405 2845 1474 2880 ego
1499 2834 1618 2879 igitur
1643 2836 1680 2868 et

193 2893 211 2915 *
252 2891 361 2926 quam
407 2882 481 2927 illa,
519 2882 619 2928 quod
660 2886 745 2929 post
781 2884 960 2920 maximas
1001 2897 1019 2918 ια
1058 2884 1312 2920 calamitatum
1339 2881 1489 2929 perstiti
1519 2882 1569 2917 sic
1599 2893 1679 2917 sen·
