1806 3132
530 235 584 269 IN
610 234 897 270 ALEXIADEM
921 236 1083 270 NOTAE
1457 232 1541 274 603

70 350 250 396 intexuit
273 349 471 402 eatenus,
498 350 771 406 subscriptio:
806 353 974 408 quando
1003 353 1058 397 R.
1092 352 1235 398 Comes
1270 356 1543 410 municipium

70 413 109 453 et
134 407 413 462 sodalitatem
438 406 482 451 S.
508 407 745 452 Maximini
774 410 944 453 invasit.
1005 409 1255 455 Praesertim
1285 425 1380 455 vero
1410 414 1543 457 domi-

71 466 254 510 nabatur
293 464 556 508 Raimundus
602 466 675 508 isti
704 466 951 510 Provinciae
993 468 1153 522 regioni
1199 481 1305 522 quae
1341 469 1541 513 Rhodano

69 522 275 575 imminet,
304 522 397 564 tum
422 522 467 564 in
496 522 748 575 Arelatensi,
777 523 866 565 tum
902 524 946 566 in
976 524 1255 567 Avenionensi
1284 539 1412 580 pago;
1441 526 1541 581 quin

70 581 112 624 et
139 579 277 634 ipsum
307 578 637 622 Avenionensem
669 578 927 623 Comitatum
946 580 1139 635 possedit,
1160 593 1240 623 non
1263 582 1381 636 pleno
1401 583 1541 627 tamen

68 637 170 688 iure,
215 648 312 679 cum
349 635 704 679 Forcalearienses
734 636 983 691 Toparehas‚
1029 637 1100 691 qui
1129 637 1433 682 Avenionenses
1463 638 1542 682 Co-

69 694 192 736 mites
214 705 302 736 sese
326 692 529 735 hactenus
557 692 869 747 inscripserant,
890 694 1001 736 hune
1020 693 1099 736 sibi
1117 694 1337 738 asseruisse
1368 695 1540 738 titulum

69 750 198 793 etiam
227 749 322 804 post
342 748 572 792 Raimundi
601 761 807 792 excessum
841 750 1047 794 testentur
1066 751 1222 793 veteres
1242 751 1395 805 passim
1413 751 1542 795 Char-

68 807 151 859 tae,
196 806 389 861 ipsosque
430 805 679 848 Provinciae
723 805 904 850 Comites
952 820 999 850 ex
1041 807 1338 850 Barcinonensi
1381 808 1542 851 familia

71 863 307 907 Comitatus
324 862 448 905 istius
466 863 630 917 partem
653 863 881 917 possedisse
910 863 1055 907 doceat
1075 863 1243 918 paetum
1263 863 1415 906 initum
1434 865 1542 907 inter

68 918 354 964 Raimundum
387 919 736 962 Barcinonensem
768 919 972 963 Comitem
1009 920 1051 963 et
1079 920 1339 974 Alphonsum
1372 920 1543 964 Tolosa-

68 989 171 1020 num
202 975 407 1019 Comitem
436 975 489 1020 A.
519 985 702 1019 mcxxv.

204 1028 383 1086 Μκρὸν
411 1031 726 1087 παρεκκλίνας]
758 1032 845 1075 Iter
864 1032 1042 1087 arripuit
1057 1033 1318 1076 Raimundus
1339 1045 1410 1087 per
1426 1032 1542 1076 Sola·
1553 1029 1770 1074 pag-290·A‘

68 1090 240 1142 finiam,
273 1088 337 1131 uti
366 1089 578 1132 testantur
594 1089 867 1145 Raymundus
895 1089 946 1132 de
973 1089 1131 1144 Agiles,
1163 1102 1234 1132 seu
1261 1090 1312 1133 de
1330 1089 1541 1144 Ayuders,

68 1146 133 1190 uti
163 1145 399 1201 appellatur
426 1146 471 1188 in
499 1145 588 1188 MS.
609 1146 693 1190 San
703 1146 982 1198 -Victoriano‚
1015 1146 1263 1189 Tudebodus
1292 1146 1365 1189 lib.
1384 1147 1420 1188 1.
1442 1146 1543 1188 Ful-

69 1203 176 1246 eher.
207 1202 280 1246 lib.
304 1203 341 1245 1..
374 1214 462 1257 cap.
487 1203 526 1245 2.
558 1203 634 1246 etc.
682 1202 745 1245 De
773 1203 852 1245 hoc
881 1203 1023 1245 navali
1051 1202 1206 1257 praelio
1236 1202 1360 1245 silent
1389 1203 1542 1252 nostri3

70 1272 198 1315 quam
243 1258 353 1302 male
393 1271 490 1302 vero
532 1259 585 1302 ab
630 1259 843 1302 Alexianis
891 1259 1060 1302 habitus
1099 1259 1226 1302 fuerit
1267 1258 1540 1311 Raimundus,

69 1316 258 1371 pluribus
287 1316 434 1359 narrat
459 1315 571 1358 idem
602 1316 653 1359 de
680 1315 841 1371 Agiles.

202 1367 420 1426 Δεύτερον
463 1368 676 1428 Κόμητα]
729 1372 810 1426 Qui
857 1372 941 1415 sint
981 1371 1160 1415 Comites
1211 1372 1253 1414 in
1302 1384 1347 1414 re
1387 1370 1583 1423 navali‚B

69 1429 203 1472 cuivis
231 1429 392 1472 notum.
450 1429 539 1472 Hos
568 1429 679 1472 inter
706 1429 910 1472 maximus
934 1424 1237 1484 Πρωτοκόμης
1268 1428 1416 1480 dictus,
1447 1440 1543 1481 pro-

67 1486 203 1528 ximus
231 1484 462 1529 Amiralio:
493 1486 605 1529 hune
634 1486 965 1541 subsequebatur
995 1481 1212 1539 Δεύτερος
1242 1480 1407 1540 Κύμης.
1436 1483 1542 1527 Vide

67 1555 163 1598 pag.
185 1542 281 1586 336.
311 1543 408 1585 369.
439 1543 482 1586 et
505 1541 749 1599 Pachymer.
780 1542 851 1585 lib.
873 1542 912 1584 4.
944 1554 1031 1596 cap.
1053 1543 1120 1584 26.

202 1597 457 1654 Κατέργου]
502 1594 730 1654 Κάτεργον
763 1599 825 1642 est
853 1598 1061 1641 navicula.
1110 1597 1343 1641 Chronicon
1363 1595 1583 1639 Veneto-B

68 1655 352 1712 Byzantinum
395 1655 556 1699 editum
600 1669 625 1699 a
664 1655 884 1699 Buliald0:
932 1653 1144 1708 ἐπέρασεν
1182 1650 1205 1695 ὁ
1237 1649 1543 1708 Κουρτοὺγλης

66 1710 437 1812 [ἷεπῗκπξργοέ.
460 1709 787 1812 ἶῖταὶᾼφοίίστωτίΓ
810 1708 861 1754 τὸ
889 1710 1023 1767 μέρος
1059 1712 1137 1769 τῆς
1165 1709 1373 1761 Πουλίας.
1434 1708 1543 1752 Con-

68 1781 280 1813 sanmus
308 1782 354 1811 m
425 1782 493 1812 1s.
595 1782 618 1813 o
654 1782 721 1813 on.
840 1801 849 1809 .

229 1821 317 1867 Στό
349 1782 910 1885 κάτεργονΡὲμπήκασῖΥκαὶ
938 1821 1148 1880 ὄιάβησαν
1175 1818 1254 1880 τὴν
1282 1818 1375 1876 ὅρα.

68 1881 270 1925 Narratio
299 1881 390 1934 MS.
429 1882 480 1925 de
519 1883 757 1935 Belissario,
802 1877 1140 1935 κατεργοκύριοι,
1183 1894 1258 1938 ητε
1302 1873 1539 1934 φρικάλιοι.

68 1938 182 1982 Hine
203 1937 542 1994 Cateryalimena
570 1939 708 1982 dictus
736 1940 881 1994 portus
910 1938 1080 1993 quidam
1099 1935 1470 1990 Constantinopoli,
1490 1934 1542 1977 de

70 2008 152 2050 quo
183 1993 348 2050 Gyllius
378 1996 420 2039 et
447 1996 738 2039 Leunclavius.

200 2044 539 2105 Ἐξκουσσὰτου]
586 2052 711 2096 Anna
738 2052 809 2094 lib.
832 2052 896 2094 12.
929 2063 1024 2106 pag.
1045 2050 1140 2093 369.
1169 2044 1246 2090 τὸν
1275 2043 1579 2102 καλούμενονθ

70 2104 274 2162 δεύτερον
300 2106 379 2151 τὸν
401 2105 679 2164 Δρουγγάρην
708 2109 787 2150 τοῦ
817 2103 976 2150 στόλου
1004 2106 1115 2160 μετὰ
1140 2106 1221 2147 τοῦ
1249 2099 1538 2158 ἒξκουσσάτου

68 2159 288 2223 μονήρους
314 2164 408 2207 κατ’
438 2160 572 2224 αὐτὴν
602 2165 813 2208 Γλῶσσαν
855 2161 1024 2206 σκοπέα
1052 2161 1297 2205 κατέλιπον.
1363 2161 1431 2203 Ita
1468 2172 1542 2225 :ap-

69 2221 252 2276 pellatur
278 2234 304 2265 a
332 2222 487 2274 nautis,
533 2223 581 2264 ut
607 2222 675 2265 hie
717 2221 909 2265 observat
947 2219 1083 2269 Anna,
1129 2217 1338 2274 quoddam
1382 2229 1542 2271 navigu

69 2290 213 2333 genus.
272 2278 333 2320 At
363 2279 596 2322 cuiusmodi
626 2278 732 2321 illud
761 2277 899 2328 fuerit,
930 2276 971 2319 et
1000 2276 1109 2318 unde
1145 2274 1259 2317 vocis
1298 2273 1428 2339 origo,
1458 2284 1540 2314 non

69 2333 174 2377 satis
203 2334 404 2378 haetenus
434 2335 706 2390 exploratum.
766 2333 928 2376 Scitum
957 2332 1057 2386 quid
1087 2332 1144 2374 sit
1172 2329 1470 2382 ἕξκοιοσευειν
1496 2328 1540 2370 in

71 2390 274 2434 Chronico
295 2391 519 2435 Alexandr.
550 2405 646 2446 pag.
665 2392 759 2433 730.
791 2387 1043 2442 ἐξκουσσεία
1061 2387 1170 2442 apud
1186 2385 1539 2440 Theophylaotum

70 2447 245 2502 Bulgar.
276 2446 471 2503 Archiep.
504 2448 635 2502 Epist.
655 2448 723 2489 41.
753 2447 794 2489 et
822 2444 1143 2488 Iurisconsultos
1163 2442 1352 2506 Graecos.
1384 2441 1539 2483 Verum

69 2503 176 2546 nihil
204 2503 371 2547 videtur
404 2505 557 2548 habere
600 2515 816 2547 commune
859 2501 1068 2544 exmoeatio
1113 2512 1205 2542 cum
1247 2510 1365 2541 navi:
1407 2508 1538 2551 neque

70 2559 294 2614 proclivius
326 2561 389 2604 est
419 2560 609 2604 divinare
639 2559 739 2615 quid
785 2559 842 2601 sit
880 2557 1180 2600 Excusaticum
1220 2555 1264 2596 in
1308 2552 1539 2608 Capitulari

71 2615 234 2659 Sicardi
263 2616 470 2672 Principis
500 2615 797 2665 Beneventani,
827 2613 924 2656 lieet
956 2612 1145 2656 fortassis
1188 2611 1241 2654 ab
1284 2609 1426 2674 eodem
1469 2608 1540 2651 de-

70 2671 244 2715 ductum
272 2672 401 2726 fonte,
432 2686 521 2729 cap.
543 2674 610 2716 29.
638 2672 755 2716 cuius
774 2671 925 2713 lemma
945 2669 1004 2711 sic
1025 2668 1266 2722 concipitur,
1287 2678 1388 2730 nam
1404 2677 1540 2720 1psum

71 2728 186 2772 deest
215 2730 360 2784 caput:
402 2734 449 2773 ut
477 2743 562 2773 mm
591 2729 762 2772 tollatur
792 2742 819 2770 a
850 2724 1154 2768 Tertiatoribus
1182 2722 1481 2767 Exeusatwum
1503 2723 1541 2763 et

61 2797 230 2838 porcos.
288 2786 383 2829 Nisi
412 2786 521 2830 forte
550 2786 661 2828 idem
691 2784 758 2835 sit,
793 2782 903 2838 quod
948 2775 1241 2833 ἒξκουσσάτον
1278 2777 1387 2833 apud
1413 2776 1541 2820 Iust1-

70 2841 242 2885 nianum
272 2842 436 2886 Novell.
456 2843 523 2886 59.
554 2855 642 2897 cap.
663 2842 701 2883 2.
732 2841 889 2883 eertum
910 2838 1067 2881 scilicet
1089 2835 1281 2892 vectigal,
1310 2833 1420 2890 quod
1442 2845 1539 2888 pen-
