1794 3132
189 567 222 602 D

22 1421 113 1468 Pag.
125 1423 181 1456 24.
190 1422 223 1456 A

194 2443 223 2478 B

200 2787 226 2822 C

232 207 315 249 428
752 216 931 251 GAROLI
965 215 1205 251 DUCANGII

234 332 390 384 manet,
419 332 660 376 Hauteville
688 333 732 377 la
763 333 1019 387 Guischard,
1056 333 1100 376 in
1142 332 1399 376 celeberrimi
1426 333 1601 377 Roberti
1637 346 1725 377 me—

235 389 425 432 moriam.
483 390 615 433 Porro
643 390 790 434 Annae
818 387 1098 445 Ῥομπέρτος,
1131 390 1339 433 Robertus
1366 390 1534 443 dicitur,
1565 406 1596 444 μ
1628 391 1725 433 ante

237 464 267 487 a
316 446 563 501 praeposito,
598 460 643 489 ex
681 460 756 490 usu
801 447 1067 497 Graecorum,
1111 446 1183 502 qui
1227 447 1262 489 B
1307 447 1504 490 Latinum
1543 460 1614 502 per
1654 462 1725 501 μπ

236 503 377 546 efferre
397 503 543 555 solent,
564 504 611 546 ut
634 505 873 547 observavit
893 505 1020 547 Mart.
1043 503 1213 547 Crusius
1235 503 1288 546 ad
1309 503 1421 546 Hist.
1442 503 1571 547 Polit.
1599 517 1637 559 p.
1656 505 1724 547 46.

377 555 464 616 Τὴν
496 558 639 616 ψυχὴν
671 557 1053 615 πανοῑ-ργότατος]
1090 560 1190 602 Fuit
1221 560 1429 603 Robertus
1459 560 1599 603 animo
1633 573 1725 603 ver-

237 616 462 669 sutissimo,
495 617 604 660 unde
634 618 687 660 ab
717 618 910 661 Umfrido
948 618 1091 669 fratre,
1132 616 1314 671 Apuliae
1350 617 1557 672 Principe,
1599 617 1721 660 Guis-

238 673 425 725 cardum,
459 674 510 716 ob
537 673 749 717 vafritiem
782 674 1129 729 cognominatum
1159 673 1335 716 tradunt
1356 673 1515 717 Willel.
1541 673 1727 718 Gemeti-

237 729 370 772 censis
394 730 465 773 lib.
486 730 522 772 7.
555 743 643 785 cap.
666 732 732 774 30.
768 732 809 773 et
839 731 1048 774 Robertus
1078 730 1128 774 de
1148 730 1292 773 Monte
1318 730 1370 773 A.
1395 740 1598 774 MOXXIX.
1644 731 1725 773 Leo

238 786 326 829 Ost.
357 787 429 830 lib.
453 789 492 830 3.
525 786 797 842 Chroncap.
824 789 887 830 15.
927 788 989 831 ita
1025 786 1282 842 appellatum
1323 787 1451 830 fuisse
1487 801 1559 842 per
1587 787 1725 830 iocum

238 844 384 886 narrat
405 857 429 886 a
450 843 649 896 Gerardo,
682 844 799 887 cuius
829 845 1005 888 amitam
1038 844 1257 899 coniugem
1289 843 1479 887 duxerat.
1526 844 1623 887 Vim
1654 858 1726 887 vo-

237 900 377 943 cabuli
408 901 606 955 expressit
637 900 879 944 Guntherus
908 901 980 944 lib.
1008 902 1044 944 1.
1075 900 1291 956 Ligurini:

442 955 521 1000 C'ui
546 961 729 1011 propter
757 972 904 1001 seusus
933 958 1068 1014 ayiles
1097 958 1312 1012 animique
1339 958 1526 1013 viyorem

443 1012 678 1069 Coquomen
713 1014 978 1058 Guiscardus
1010 1018 1112 1058 erat.

237 1071 293 1113 Et
320 1070 571 1114 Guillelmus
603 1070 843 1126 Apuliensis
874 1071 945 1114 lib.
969 1073 1008 1114 2.
1041 1072 1135 1115 Rer.
1168 1071 1371 1114 Norman.

443 1126 677 1182 Coyuomeu
710 1128 973 1171 Guiscardus
1000 1131 1103 1181 erat,
1137 1129 1239 1183 quia
1269 1127 1521 1171 calliditatis

437 1184 537 1226 Nori
559 1183 702 1228 Cicero
736 1188 881 1228 tautae
905 1186 993 1239 fuit
1022 1189 1096 1229 aut
1124 1188 1316 1228 versutus
1352 1184 1532 1240 Ulysses.

237 1241 434 1284 Testatur
479 1241 656 1284 Ioannes
700 1242 937 1297 Tyremeus,
984 1241 1202 1285 Guillelmi
1230 1241 1357 1296 Apul.
1392 1242 1539 1294 editor,
1585 1243 1727 1285 nostra

237 1298 365 1341 etiam
396 1297 534 1341 aetate
569 1298 696 1354 vulgo
727 1299 838 1353 apud
859 1299 1126 1342 Normannos
1161 1299 1306 1342 cautos
1337 1299 1378 1341 et
1413 1298 1577 1342 astutos
1615 1299 1727 1342 viros

238 1354 504 1398 Guisckards
534 1355 750 1410 appellari.

377 1407 442 1453 Τὰ
472 1409 519 1453 δὲ
550 1413 629 1454 τοῦ
658 1407 886 1469 σώματος]
919 1412 1098 1456 Solenne
1130 1414 1192 1457 est
1226 1412 1419 1456 omnibus
1450 1426 1553 1467 pene
1586 1412 1727 1468 Scrip-

236 1469 397 1512 toribus
428 1481 642 1523 proceram
681 1470 863 1524 corporis
911 1469 1120 1512 staturam
1167 1470 1267 1514 viris
1308 1469 1486 1512 heroicis
1532 1470 1726 1521 tribuere,

237 1525 470 1568 cuiusmodi
511 1525 747 1580 Nicephoro
779 1526 989 1582 Bryennio
1029 1540 1167 1581 supra,
1207 1528 1248 1570 et
1279 1526 1524 1570 Boemundo
1563 1526 1636 1570 lib.
1662 1528 1725 1569 13.

237 1582 405 1637 affingit
436 1583 572 1634 Anna,
604 1583 645 1625 et
676 1584 836 1625 cunctis
866 1583 1124 1627 Normannis
1155 1583 1317 1627 Italicis
1347 1584 1430 1626 Leo
1462 1583 1551 1626 Ost.
1592 1584 1664 1626 lib.
1689 1585 1726 1626 2.

237 1653 325 1694 cap.
349 1640 416 1681 38.
474 1639 567 1681 Viri
599 1642 638 1682 et
665 1643 834 1683 statura
854 1641 1027 1693 proceri
1071 1645 1110 1684 et
1139 1641 1276 1695 specie
1303 1640 1497 1683 venusti.-
1530 1653 1634 1696 quos
1661 1641 1728 1683 ta-

235 1709 331 1738 men
362 1696 409 1738 ut
452 1695 661 1739 breviores
702 1697 743 1739 et
788 1696 962 1751 pusillos
1007 1697 1059 1740 ab
1089 1697 1342 1741 Alamannis
1372 1698 1413 1740 et
1445 1697 1726 1749 Theutonicis‚

237 1753 382 1852 quibirg
411 1752 583 1852 gallilarln
616 1766 729 1852 cun}x
741 1753 923 1852 Helenrico
952 1754 1080 1853 ΙΙζῙέΡ.2
1091 1756 1304 1806 venerant,
1348 1753 1531 1797 ludibrio
1562 1754 1728 1797 habitos

236 1823 316 1852 scr1
347 1823 361 1851 1
452 1822 493 1851 ul
531 1822 662 1852 emus
732 1823 786 1865 pu
806 1823 932 1853 lenS1s
977 1824 991 1852 1
1024 1843 1032 1852 .
1085 1845 1094 1854 .

438 1865 671 1922 Teutonici,
703 1869 803 1921 quia
829 1868 1037 1910 caesaries
1066 1872 1104 1911 et
1129 1869 1269 1922 forma
1305 1868 1474 1911 decoros

437 1922 617 1966 Fecerat
646 1925 810 1979 eyreyie
830 1925 1004 1978 proceri
1032 1926 1222 1979 corporis
1254 1925 1362 1977 illos,

440 1978 629 2036 Corpora
661 1981 853 2024 derident
882 1981 1190 2037 Normauriica,
1221 1996 1326 2036 quae
1355 1982 1548 2025 breviora

423 2036 544 2079 xEsse
574 2038 825 2081 videbantur
854 2051 929 2081 uec
958 2052 1101 2081 eorum
1129 2039 1282 2082 nuntia
1312 2042 1476 2082 curant.

237 2093 462 2193 §demainni
494 2094 644 2148 quippe
675 2095 840 2138 statura
869 2096 968 2137 sunt
999 2096 1171 2150 proceri.
1223 2095 1463 2139 Willelmus
1496 2094 1654 2138 Guiart
1681 2094 1725 2136 in

270 2185 277 2192 .
308 2151 370 2192 Lu
403 2150 545 2194 ovico:

437 2206 653 2260 Alemans,
683 2209 754 2262 qui
783 2208 921 2252 selouc
949 2213 1102 2252 nature

439 2264 543 2307 Sout
573 2279 708 2319 yraus
737 2269 775 2308 et
803 2280 905 2321 yros
937 2280 1091 2310 comme
1120 2268 1269 2319 iaiant,

447 2322 555 2364 Vovit
586 2322 630 2364 la
660 2322 773 2365 leurs
797 2324 936 2377 forces
964 2325 1162 2367 essaiaut.

237 2378 350 2420 Idem
384 2379 433 2421 de
463 2379 513 2421 iis
541 2380 723 2422 testatur
755 2379 984 2423 Cinnamus
1015 2380 1088 2424 lib.
1111 2382 1150 2423 2.

369 2429 596 2488 Ἐξελθών
624 2438 702 2495 τῆς
732 2436 974 2492 πατρίδος]
1009 2436 1236 2481 Guibertus
1263 2438 1336 2481 lib.
1359 2439 1397 2481 3.
1432 2437 1544 2480 Hist.
1563 2437 1725 2480 Hieros.

239 2503 325 2545 cap.
350 2493 388 2534 2.
424 2506 507 2535 non
539 2494 734 2548 equitem,
767 2494 837 2536 sed
869 2494 1047 2549 peditem
1081 2508 1106 2538 a
1135 2495 1276 2549 patria
1305 2495 1537 2550 digressum
1569 2494 1729 2536 Rober-

236 2548 327 2589 tum
372 2549 530 2592 tradit:
575 2550 620 2593 Is
651 2565 678 2593 a
704 2551 851 2594 nativa
881 2565 1006 2604 quam
1042 2553 1347 2605 praemisimus
1374 2552 1556 2607 reqione,
1587 2554 1730 2593 utrum

236 2609 382 2657 sponte
414 2620 602 2660 cyressus
646 2609 783 2651 nescio
824 2623 882 2651 au
912 2608 1079 2662 pulsus,
1113 2609 1242 2663 pedes
1278 2609 1326 2651 in
1355 2608 1562 2663 Apuliam
1601 2607 1727 2650 abiit.-

238 2662 297 2703 ibi
328 2676 451 2716 equos
481 2667 518 2706 et
548 2679 670 2708 arma
709 2665 860 2720 quibus
889 2679 1009 2720 eques
1043 2667 1174 2719 fieret,
1207 2680 1289 2720 qua
1324 2667 1467 2720 potuit
1497 2668 1588 2709 arte
1615 2677 1724 2708 com-

237 2720 399 2760 meruit.
447 2720 553 2763 Vide
583 2722 855 2765 Malaterram
887 2723 959 2766 lib.
985 2725 1022 2766 1.
1054 2737 1142 2778 cap.
1166 2724 1203 2765 5.
1232 2724 1272 2766 et
1289 2724 1326 2766 6.
1355 2723 1588 2778 Brompton
1608 2723 1648 2764 et
1669 2722 1724 2765 al.

239 2831 297 2873 M
370 2773 537 2874 ἰῗειρὸς
566 2777 797 2836 λῃστρικῆς
826 2776 1080 2835 κατάρχων]
1116 2781 1263 2823 Annae
1292 2780 1476 2824 concinit
1506 2778 1726 2836 Philippus

295 2845 370 2874 cus
397 2847 465 2876 es:
