1768 3152
484 266 752 300 ALEXIADIS
782 267 877 300 LIB.
906 268 954 300 X.
989 262 1053 299 10.
1464 262 1517 302 55

22 381 413 441 ἅποστελλόμενον
440 378 634 443 ἇρχηγδν
661 380 969 440 παραδιδόναι.
1029 382 1150 427 ταῦτ’
1182 375 1260 427 οὖν
1289 381 1518 440 ἐπομοσά-

21 470 157 510 μενος
184 449 382 514 χρήματά
408 468 459 497 τε
489 449 616 496 ἱκανὰ
632 450 783 508 λαβών
811 448 1018 508 ὃμέστιός
1038 468 1086 496 τε
1107 452 1181 495 καὶ
1211 449 1518 510 ὁμοτράπεζος

21 517 151 580 αὔτῴ
179 518 371 579 γεγονώς
397 521 472 565 καὶ
499 521 705 578 δαψιλῶς
737 517 981 579 εὐωχηθεὶς
1008 517 1284 576 διαπεράσας
1305 518 1415 564 κατὰ
1440 519 1519 565 τὸν

22 586 279 635 Πελεκάνον
306 585 530 648 ηὐλίσατο.
597 587 623 634 ὁ
669 589 719 634 δὲ
763 587 970 647 βασιλεὺς
1009 592 1246 648 τηνικαῦτα
1290 589 1519 648 ἐπέσκηψε
1534 598 1561 635 G

0 659 232 717 ῑδαψιλεῖς
259 656 524 717 πανηγύρεις
553 655 721 717 ἐξάγειν
745 653 912 712 αὐτοῖς.

141 732 206 773 10.
263 724 477 772 Κατόπιν
500 727 550 772 δὲ
579 724 741 772 τούτου
771 724 989 787 ἕφθακώς
1027 727 1101 771 καὶ
1130 724 1155 770 ὁ
1182 723 1337 771 Ῥαούλ
1362 724 1523 771 καλου-

19 813 155 854 μενος
182 792 323 854 κόμης
352 793 466 854 μετὰ
493 796 810 841 πεντεκαίδεκα
838 793 1047 851 χιλιάδων
1075 792 1257 839 ἱππέων
1284 812 1333 839 τε
1354 795 1426 838 καὶ
1443 811 1521 839 πε-

22 865 111 921 ζῶν
130 865 205 909 καὶ
233 861 345 909 κατὰ
363 862 443 923 τὴν
458 865 754 923 Προποντίδα
772 864 879 920 περὶ
898 862 981 922 τήν
1000 864 1271 922 καλουμένην
1289 861 1429 923 μονὴν
1442 866 1523 908 τοῦ

21 931 307 991 Πατριάρχου
337 935 568 993 σκηνώσεις
595 931 708 991 μετὰ
742 936 834 978 τῶν
879 931 958 978 ὑπ’
1001 929 1135 978 αὐτὸν
1170 930 1381 992 κομήτων
1419 930 1524 986 τούς

0 1001 211 1056 θλοιπούς
238 1003 391 1060 μέχρις
417 999 555 1048 αὐτοῦ
580 1003 845 1048 Σωσθενίου
870 1003 1103 1047 κατέθετο.
1149 1002 1210 1055 ιῦς
1229 1002 1278 1046 δὲ
1297 1002 1371 1046 καὶ
1389 997 1524 1054 αὐτὸς

19 1068 76 1116 τὰ
111 1066 225 1116 αὐτὰ
258 1074 326 1132 τῷ
361 1072 592 1132 Γοντοφρὲ
635 1075 818 1132 φρονῶν
861 1067 1126 1128 ἀνεβάλλετο
1168 1071 1281 1125 τέως
1308 1069 1392 1129 τήν
1432 1073 1522 1114 τῶν

21 1133 221 1186 ὄπισθεν
249 1141 499 1199 ἐρχομένων
526 1136 883 1198 ἅπεκδεχόμενος
908 1139 1094 1197 ἔλευσιν,
1140 1138 1165 1186 ὁ
1186 1138 1396 1196 βασιλεὺς
1414 1156 1520 1184 στο-

19 1206 260 1266 χαζόμενος
299 1217 385 1255 τοῦ
427 1211 668 1268 μέλλοντος
711 1210 867 1255 ἐδεδίει
914 1207 994 1269 τὴν
1037 1207 1209 1254 τούτων
1251 1203 1403 1269 ἄφιξιν
1444 1208 1563 1252 nael)

19 1273 166 1323 αὐτῶν
198 1276 272 1324 ολ
251 1297 279 1340 d
311 1280 426 1336 χειρὶ
453 1281 527 1324 καὶ
555 1296 707 1360 γνωμῃ
746 1277 826 1338 τὴν
864 1280 1187 1336 διαπεραίωσιν
1230 1278 1520 1323 ἐπέσπειδεν.

0 1342 293 1402 ἱαποστείλας
337 1348 488 1393 τοίνυν
535 1345 615 1393 τὸν
659 1339 805 1394 Ὠπον
851 1349 1137 1406 μετεκαλεῖτο
1190 1343 1427 1406 (εὖσθενὴς
1473 1347 1523 1391 δὲ

21 1432 154 1469 ουτος
181 1414 399 1475 φρονήσει
428 1417 503 1462 καὶ
534 1420 588 1478 τῇ
617 1418 725 1474 περὶ
762 1415 818 1461 τὰ
857 1414 1153 1476 στρατιωτικὰ
1192 1416 1404 1475 ἐμπειρίᾳ
1440 1432 1519 1497 μη-

20 1481 150 1538 δενδς
190 1479 420 1542 ἇποδέων)
462 1487 536 1531 καὶ
578 1485 738 1546 ἐπειδὴ
782 1489 942 1547 παρῆν,
983 1487 1091 1543 μεθ’
1124 1484 1287 1542 ετέρων
1315 1484 1523 1543 γενναίων

20 1547 194 1610 ἀνδρῶν
221 1552 298 1599 dui
328 1557 408 1615 τῆς
443 1550 632 1614 ἠπείρου
665 1553 782 1613 πρὸς
823 1550 960 1600 αι’·τὸν
990 1555 1218 1612 ἐξέπεμψε
1251 1555 1523 1612 παρακελευ-

21 1619 212 1679 σάμενος
255 1621 581 1682 καταναγκάσαι
616 1622 778 1670 τούτου
816 1622 896 1684 τὴν
929 1625 1262 1681 διαπεραίωσιν.
1336 1623 1437 1668 ἐπεὶ
1473 1623 1522 1668 δὲ
1533 1626 1574 1662 P·
1599 1625 1670 1661 299

0 1694 181 1736 Ιτοῦτον
210 1688 328 1749 ἑώρα
346 1695 411 1752 τῷ
439 1694 655 1753 βασιλικῷ
684 1695 900 1752 μηδαμῶς
930 1691 1172 1738 ὑπείκοντα
1201 1690 1522 1750 προστάγματι,

21 1755 113 1804 ἄλλ’
142 1760 512 1816 ἅναισχυντοῦντα
531 1764 604 1807 καὶ
626 1760 773 1807 πολλὰ
802 1760 914 1806 κατὰ
942 1766 1023 1806 τοῦ
1051 1763 1270 1818 βασιλέως
1301 1758 1526 1822 φρυαττό-

19 1847 169 1886 μενον,
200 1827 502 1888 ὁπλισάμενος
533 1829 814 1888 παρετάξατο
853 1828 1273 1889 μορμολυττόμενος
1307 1828 1419 1886 τάχα
1448 1828 1526 1874 τὸν

157 1942 193 1977 4.
223 1942 480 2000 ἔπέσκηψεῈ,
510 1942 783 2000 ἐπέσκηψενΡ.
936 1943 992 1978 14.
1020 1942 1272 1989 διαπερέωσιν
1286 1941 1328 1978 G.
1470 1943 1525 1977 15.

156 1988 405 2081 ξρίὲεῗὶνὴῦς,
365 1990 405 2037 C,
433 1987 607 2035 εὗστενὴς
630 1990 676 2028 Ρ.
799 1992 855 2027 19.
882 1991 1133 2038 διαπερέωσιν
1157 1990 1201 2027 G.
1325 1991 1383 2025 22.
1412 2002 1525 2037 παρε-

21 2155 109 2193 duci
138 2155 187 2192 ad
215 2156 288 2193 hoc
323 2157 448 2203 ipsum
486 2157 534 2193 ab
571 2157 800 2203 imperatore
839 2157 950 2193 misso
976 2156 1207 2193 traditurum
1246 2168 1335 2192 esse.
1386 2156 1445 2191 his
1468 2156 1525 2191 ita

20 2204 182 2242 firmatis
195 2205 426 2242 Geton-edus
442 2206 589 2253 magnis
607 2207 655 2242 ab
673 2206 903 2253 imperatore
926 2206 1147 2242 muneribus
1169 2208 1301 2242 auctus
1330 2209 1523 2251 exceptus·

22 2265 95 2300 que
118 2254 198 2291 eius
222 2254 364 2300 palatio
390 2258 429 2290 et
455 2255 503 2291 ad
528 2267 693 2291 mensam
729 2257 872 2302 regiam
904 2255 1099 2291 adhibitus
1135 2255 1312 2301 lauteque
1351 2254 1524 2300 epulatus

21 2302 123 2339 freto
145 2305 365 2339 transmisso
389 2303 438 2339 ad
462 2304 686 2340 Pelecannm
722 2308 846 2340 castra
870 2304 998 2350 posuit
1030 2303 1254 2350 providente
1283 2305 1523 2350 imperatore,

21 2356 67 2388 ut
91 2352 267 2398 frequens
291 2353 520 2388 cibariorum
545 2354 655 2400 copia
678 2354 726 2389 iis
749 2353 1069 2400 suppeditaretur.

122 2401 180 2437 10.
227 2400 318 2437 Post
352 2401 454 2438 hunc
485 2403 640 2438 advenit
664 2414 799 2447 comes,
823 2414 934 2449 quem
960 2402 1058 2438 Raul
1082 2401 1278 2445 vocabant,
1304 2412 1390 2437 cum
1419 2400 1524 2446 equi·

0 2451 103 2485 vtum
129 2449 377 2496 peditumque
400 2451 615 2497 quindecim
640 2451 824 2496 millibus3
867 2451 933 2507 qui
969 2454 1167 2497 postquam
1202 2461 1288 2485 cum
1312 2449 1525 2494 comitibus,

22 2499 90 2544 qui
121 2498 193 2534 sub
225 2510 270 2534 eo
304 2503 426 2544 erant,
468 2499 516 2536 ad
540 2499 813 2546 Propontidem
850 2501 950 2536 cirea
973 2498 1215 2535 Patriarchae
1253 2497 1355 2544 quod
1384 2497 1526 2533 dicitur

3 2548 293 2583 ⁴·monast·:÷rium
320 2547 502 2594 consedit,
538 2548 703 2594 reliquos
744 2560 861 2595 usque
897 2548 945 2584 ad
982 2549 1107 2594 ipsum
1134 2546 1374 2583 Sosthenium
1400 2546 1526 2592 dispo-

22 2596 111 2632 suit.
160 2596 263 2642 quod
286 2607 378 2632 vero
404 2597 533 2633 eodem
557 2610 633 2643 quo
659 2597 888 2634 Gotofredus
914 2597 1070 2633 consilio
1094 2596 1296 2632 transitum
1326 2594 1526 2631 differebat

6 2645 258 2690 *sequentium
300 2646 495 2691 copiarum
533 2646 738 2682 adventum
781 2647 992 2692 opperiens,
1033 2646 1239 2691 imperator
1279 2644 1403 2679 futuri
1440 2655 1525 2690 pro·

8 2692 142 2736 >vidus,
175 2705 261 2729 cum
287 2693 422 2729 horum
465 2694 668 2731 adventum
711 2696 872 2740 timeret,
910 2695 979 2730 hos
1012 2705 1160 2740 quoque
1198 2694 1300 2728 omni
1335 2692 1447 2729 modo
1483 2695 1526 2727 ut

10 2741 195 2789 „celeriter
221 2742 428 2778 traicerent
454 2743 675 2780 adducebat.
710 2744 864 2780 arcessit
878 2744 1007 2790 itaque
1026 2743 1159 2788 Opum,
1182 2742 1309 2777 virum
1329 2746 1525 2777 strenuum

0 2792 94 2826 >inec
117 2791 174 2826 rei
202 2790 379 2826 militaris
411 2792 570 2828 scientia
597 2793 775 2840 cuiquam
803 2792 1007 2836 cedentem,
1039 2791 1231 2837 illumque,
1258 2802 1344 2826 cum
1366 2790 1524 2834 adesset,

0 2847 110 2874 sscum
133 2839 218 2875 aliis
242 2839 336 2875 viris
361 2839 526 2877 fort-ibus
553 2842 728 2878 terrestri
750 2842 890 2877 itinere
914 2840 963 2876 ad
986 2852 1072 2875 eum
1098 2840 1255 2875 tendere
1276 2843 1313 2875 et
1338 2839 1386 2875 ad
1400 2842 1521 2874 trans·

2 2885 241 2923 :fn-standum
266 2888 372 2924 iubet
394 2900 478 2925 eum
503 2901 647 2936 cogere.
696 2902 808 2936 quem
848 2890 915 2925 ubi
947 2900 1183 2935 nequaquam
1207 2888 1433 2934 imperatori
1458 2887 1522 2922 ob-

0 2939 242 2983 &aequantem
267 2937 376 2984 vidit,
413 2940 505 2986 quin
542 2940 657 2975 etiam
697 2938 954 2986 impudentem
993 2942 1033 2974 et
1069 2937 1178 2974 valde
1218 2939 1259 2973 in
1300 2949 1386 2973 eum
1422 2936 1523 2972 inve·
