1806 3132
530 230 587 265 m
611 229 901 265 ALEXIADEM
928 232 1092 267 NOTAE

183 341 427 387 Innumeris
454 342 558 388 bello
587 343 741 388 Danai
769 345 926 388 duxere
957 345 1235 390 Chelindros:

187 400 339 445 Altera
366 400 492 444 turba
518 415 666 445 novem
687 402 845 467 confisa
873 403 1118 446 triremibus
1145 403 1258 455 altis,

186 457 492 512 Quashabiles
521 458 794 514 bellomayis
826 460 1271 512 esseVenetianovit‚

183 514 361 559 Roberti
388 528 518 558 naves
546 516 648 559 dum
677 516 881 580 conspicit
907 517 1132 570 inferiores

183 572 292 616 Esse
318 571 421 623 suis,
452 572 655 615 audacter
683 573 744 615 eis
771 586 999 631 conyressa
1026 574 1206 628 recessit,

182 628 322 684 Atque
347 629 611 683 interpositis
638 628 845 673 Danaum
865 628 1090 684 praefulta
1121 629 1375 682 Chelindris‚

182 685 374 730 lactibus
398 686 635 730 innumeris
662 686 840 729 telorum
868 687 1048 741 desuper
1075 688 1211 731 hostes

182 743 370 791 Sauciat
399 747 439 787 et
462 743 575 797 ferri
600 757 647 787 se
663 743 859 811 pondera
886 758 1045 800 magna
1072 746 1262 788 minatur

181 800 413 852 Iacturam,
443 815 498 844 ne
525 800 676 844 classis
704 801 765 844 eis
788 801 965 845 inimica
983 803 1258 856 propinquet.

189 857 275 900 Vix
300 857 350 900 in
377 871 428 900 ca
455 858 569 909 navi,
598 857 818 912 quaesert
846 858 906 902 ad
934 858 1039 902 bello
1068 858 1296 914 Royerum,

183 913 367 968 Quilibet
392 913 567 958 illaesus
595 914 818 968 reperitur,
848 919 888 958 et
916 916 1008 969 ipse
1032 915 1189 958 lacerto

180 970 375 1023 Saucius,
404 971 587 1015 obstanti
614 974 700 1014 stat
729 972 872 1015 cedere
898 972 1063 1015 nescius
1088 972 1209 1024 hosti,

179 1028 405 1071 Immemor
430 1027 546 1071 illati
571 1027 656 1071 sibi
683 1028 896 1072 vulneris.-
924 1029 1057 1072 ardor
1085 1029 1269 1079 honoris,

183 1085 377 1139 Quantus
404 1085 549 1129 adesse
576 1084 680 1128 solet
709 1086 948 1137 victoribus,
977 1087 1131 1129 incitat
1157 1085 1291 1128 illum.

164 1142 311 1186 *Hunc
328 1145 461 1196 pater
487 1142 651 1198 insiyni
681 1142 902 1208 decoratus
927 1156 1053 1196 saepe
1080 1142 1293 1196 triumpho

92 1214 98 1219 ·
178 1198 312 1251 Accit‚
343 1203 382 1242 et
409 1199 589 1243 accitum
615 1199 773 1242 maiori
802 1199 934 1243 classe
960 1199 1215 1244 Chelindros

179 1255 428 1300 Dissociare
455 1256 581 1299 iubet
624 1255 778 1299 Patris
804 1257 987 1311 impiyer
1013 1256 1087 1300 ille
1116 1256 1298 1299 iubentis

179 1312 306 1356 Iussa
333 1314 451 1368 sequi
472 1327 714 1378 properans
740 1326 835 1356 cum
863 1314 1045 1368 quinque
1073 1312 1314 1356 triremibus
1341 1311 1442 1366 illis,

181 1369 298 1424 Quae
321 1370 416 1413 sibi
433 1370 675 1413 commissae
700 1370 887 1424 fuerant,
918 1371 1076 1424 inferre
1107 1369 1353 1414 Chelindris

178 1426 307 1470 Bella
333 1431 477 1481 parat,
512 1427 665 1470 Danai
691 1427 802 1470 nihil
828 1427 905 1470 hoc
925 1430 1150 1483 pugnante
1178 1429 1431 1482 repuynant,

178 1483 263 1527 Sed
282 1484 452 1538 passim
480 1484 667 1540 fuyiunt,
695 1487 745 1527 ut
773 1498 870 1527 aves
901 1484 1066 1527 obstare
1093 1483 1255 1526 volanti

178 1540 282 1584 Non
311 1541 470 1584 audent
494 1541 677 1596 aquilae,
708 1554 914 1595 cursuque
942 1541 1074 1584 latere
1096 1541 1246 1595 fuyaci

183 1596 402 1653 Coquntur
429 1598 605 1654 lepores.
635 1598 737 1642 dum
765 1611 819 1640 ne
846 1599 1078 1652 rapiantur
1106 1597 1286 1640 aduncis

187 1653 313 1710 Unyu
312 1655 419 1705 ibus,
450 1658 491 1698 et
517 1658 655 1699 rostro
684 1658 874 1698 metuunt
902 1655 1019 1698 cibus
1047 1668 1133 1697 esse
1159 1654 1316 1697 voraci.

180 1668 313 1754 Hisyu
295 1711 358 1754 ita
386 1688 556 1755 dimotis
581 1715 670 1755 stat
696 1711 790 1755 sola
813 1711 1010 1755 Venetica
1039 1711 1199 1754 classis.

178 1767 389 1811 Robertus
413 1769 626 1824 genitique
649 1769 731 1823 sui,
760 1769 861 1812 dum
888 1772 1002 1811 stare
1022 1768 1189 1833 fuyatis

180 1823 440 1873 Graecorum
466 1826 632 1869 ratibus
658 1825 774 1868 solas
801 1825 944 1868 videre
972 1825 1174 1876 triremes,

179 1881 380 1925 Invasere
404 1883 496 1926 suis
521 1896 614 1926 cum
641 1882 806 1926 ratibus
834 1883 992 1925 acriter
1016 1881 1129 1932 illas,

180 1937 367 1993 Tamque
387 1938 475 1993 fuit
501 1939 728 1982 vehementi
754 1939 963 1993 impulsus
990 1939 1170 1992 impetus
1195 1935 1356 1992 horum,

185 1993 241 2039 Ut
269 1998 425 2049 septem
446 1997 598 2039 mersis
625 2010 712 2039 non
737 2009 864 2049 posse
886 1995 1082 2039 Venetica
1111 1994 1259 2038 classis

177 2050 315 2095 Elabi
341 2056 490 2106 sp,eret
520 2053 624 2096 solis
653 2053 729 2095 sed
755 2056 871 2095 stare
900 2052 1065 2095 duabus

176 2107 370 2152 Navibus
397 2109 456 2152 ad
478 2086 636 2152 bellum
663 2109 729 2152 nil
745 2109 940 2163 profuit:
968 2107 1154 2152 hostibus
1184 2119 1324 2149 omnes

179 2162 336 2208 Cedere
363 2170 581 2221 coquntur,
609 2166 734 2209 solito
763 2164 870 2208 Dux
898 2179 1013 2208 more
1041 2162 1285 2217 triumphat.

181 2220 332 2265 Classe
360 2223 622 2277 triumphata
650 2236 789 2266 seeum
819 2222 902 2265 duo
930 2221 1069 2264 millia
1095 2221 1227 2263 victor

177 2277 252 2322 Aa
270 2283 449 2332 portum
477 2280 593 2323 ducit
621 2279 674 2322 de
692 2278 1010 2334 puynatoribus
1039 2277 1145 2327 istis,

178 2334 262 2388 Qui
285 2349 425 2391 mayis
451 2336 710 2388 obstiterant,
740 2349 917 2390 quorum
943 2334 1127 2377 audacia
1152 2333 1303 2376 maior.

176 2349 425 2435 Praeteryw
383 2406 451 2436 eos
480 2392 589 2436 alios
618 2393 866 2447 quingentos
894 2390 1200 2444 annumeravit,

176 2447 261 2502 Qui
287 2450 404 2503 capti
427 2450 625 2503 fuerant.-
653 2452 820 2503 sqitem,
842 2447 1104 2502 fuyientibus
1130 2445 1276 2500 Aryis,

177 2504 246 2547 Ar
244 2505 407 2560 yolicae
434 2519 562 2549 naves
588 2509 687 2549 sunt
715 2505 789 2548 hoc
818 2504 1045 2547 certamine
1069 2506 1230 2556 captae.

179 2519 275 2615 Qui
290 2566 479 2606 castrum
508 2562 647 2618 Coryp
649 2561 694 2604 hi
723 2575 893 2604 servare
916 2559 1100 2614 fideliter
1127 2559 1196 2602 illi

176 2617 359 2662 Solliciti
383 2618 571 2685 fuerant,
590 2576 824 2661 solvuntur
855 2617 908 2660 ab
938 2617 1164 2670 obsidione,

177 2673 314 2728 Quam
337 2676 461 2730 passi
483 2675 671 2739 fuerant,
702 2673 808 2717 Dux
836 2673 937 2716 dum
964 2649 1208 2715 metuend’us
1234 2671 1403 2715 abesset.

174 2729 295 2774 Eoein
321 2733 513 2776 victrices
540 2735 580 2775 et
607 2731 741 2774 victas
768 2730 917 2773 ducere
946 2742 1074 2772 naves

173 2786 389 2833 Pmcurat
416 2790 520 2833 tutis
547 2786 810 2839 stationibus,
838 2790 886 2829 ut
913 2785 1016 2829 locet
1044 2784 1145 2828 illas

1473 224 1557 268 537
