1780 3138
504 229 771 267 ALEXIADIS
803 230 900 264 ΜΒ.
932 230 998 264 XI.
1030 225 1070 264 7.
1117 279 1120 281 ‚
1459 224 1539 264 103

178 350 215 390 7.
275 344 636 403 Διαμηνυθείσης
679 344 728 388 δὲ
774 346 853 402 τῆς
895 346 985 387 τῶν
1027 345 1213 388 Κελτῶν
1262 342 1430 404 ἐφόδου
1475 348 1539 404 τῷ

40 415 301 475 ἐξουσιαστῇ
333 414 603 470 Βαβυλῶνος
631 408 876 474 ᾌμεριμνῇ
927 413 1001 456 καὶ
1032 409 1160 466 ὅπως
1195 419 1302 469 παρ’
1333 407 1479 458 αὐτῶν
1509 412 1540 473 ἥ

38 499 87 527 τε
117 479 401 543 Ἰερουσαλὴμ
431 478 548 528 ἑάλω
579 482 652 526 καὶ
681 476 791 540 αὕτη
817 476 1095 542 ἡἏντιόχου
1127 482 1200 526 καὶ
1227 475 1355 526 ἄλλαι
1375 483 1539 526 πολλαὶ

13 597 17 599 Δ
39 547 196 604 πόλεις
224 547 270 594 αἶ
298 548 436 610 ταύτῃ
465 550 783 607 παρακείμεναι
824 548 948 608 παρὰ
989 553 1081 595 τῶν
1111 551 1297 595 Κελτῶν
1336 551 1538 606 κατεσχέ-

2 625 198 679 5θησαν,
229 626 466 678 τηνικαῦτα
484 620 610 664 πολὺ
629 620 816 678 πλῆθος
845 617 1126 678 συναγηοχώς
1148 617 1199 664 ἔκ
1221 636 1270 664 τε
1291 613 1539 676 Ἀρμενίων

37 689 110 733 καὶ
136 684 372 746 Ἀρράβων
385 692 650 748 Σαρακηνιῦν
670 706 720 733 τε
752 689 826 733 καὶ
845 683 1099 747 Ἀγαρηνιῦν
1119 688 1210 732 κατ’
1241 683 1388 732 αὐτῶν
1409 688 1539 744 ἑξαπ-

19 756 220 814 ,έστειλᾶ
291 753 453 801 τούτου
496 756 848 816 διαμηνυθέντος
886 755 1012 814 παρὰ
1053 759 1135 802 τοῦ
1174 757 1404 816 Ιόντοφρὲ
1442 759 1540 810 τοῖς

37 826 242 879 Κελτοῖς,
274 829 511 884 τηνικαῦτα
541 823 798 871 ιῦπλίσαντο
829 827 922 871 κατ’
965 823 1113 871 αὐτῶν
1142 826 1214 870 καὶ
1243 822 1541 878 κατελθόντες

37 893 101 947 εἰς
129 892 182 940 τὸ
212 890 338 955 Ἰάφα
367 892 451 954 τήν
482 895 662 940 ἐκείνων
702 895 967 953 περιέμενον
1000 894 1190 954 ἔφοδον·
1223 890 1322 940 εἶτα
1361 895 1582 940 ἕκεῖθενΒ

1 964 279 1020 οκατέλαβον
321 961 373 1009 τό
407 961 576 1021 Ῥάμελ,
619 964 665 1010 ἐν
703 955 739 1024 ᾧ
779 965 852 1009 καὶ
882 963 906 1009 ὁ
944 962 1282 1022 μεγαλομάρτυρ
1317 960 1539 1022 Γεώργιος

34 1028 355 1089 μεμαρτύρηκε,
379 1033 452 1077 καὶ
469 1036 496 1087 †
515 1030 761 1086 ἑνωθέντες
781 1035 844 1091 τῷ
866 1033 959 1077 κατ’
987 1032 1140 1077 αὐτῶν
1162 1031 1386 1091 ἐρχομένῳ
1409 1049 1538 1089 στρα-

36 1102 222 1158 τεύματι
250 1103 332 1145 τοῦ
355 1103 602 1160 Ἀμεριμνῆ
633 1108 837 1161 συνῆψαν
867 1099 1069 1159 πόλεμον
1106 1102 1202 1158 μετ’
1234 1099 1393 1147 αὐτῶν.
1465 1102 1540 1146 καὶ

35 1167 114 1230 τὴν
143 1176 333 1215 νικῶσαν
361 1165 483 1226 εἶχον
503 1165 643 1224 εὐθὺς
663 1168 706 1214 οἱ
727 1171 919 1216 Κελτοί·
946 1177 1000 1232 τῇ
1019 1171 1068 1216 δὲ
1087 1170 1183 1227 μετ’
1212 1166 1348 1231 αὐτὴν
1365 1174 1392 1225 †
1407 1188 1541 1216 κατα-

35 1236 246 1296 λαβόντες
273 1239 323 1296 ἕξ
350 1234 584 1285 ὀπισθίων
602 1242 688 1285 τοῦ
708 1240 1037 1298 προμετωπίου
1057 1242 1137 1300 τῆς
1163 1237 1388 1300 φάλαγγος
1408 1237 1541 1300 ἡττὴ-
1553 1248 1597 1286 V.
1627 1251 1698 1286 260

0 1312 184 1367 ὅθησαν
214 1305 257 1354 οὶ
273 1311 468 1354 Λατῖνοι
486 1309 614 1366 μέχρι
642 1311 724 1354 τοῦ
750 1306 906 1367 Ῥάμελ
933 1309 1282 1367 περισωθέντες.
1320 1306 1459 1366 μόνος
1488 1308 1537 1353 δὲ

35 1375 59 1423 ὁ
95 1379 371 1432 Βαλδουῖνος
414 1375 556 1437 κόμης
597 1373 721 1437 ἆπῆν
765 1378 983 1438 φυγαδείᾳ
1027 1375 1303 1437 χρησάμενος
1348 1373 1429 1433 οὐχ
1473 1375 1536 1431 ιῖς

34 1439 260 1504 ἄνανδρος,
298 1441 390 1491 ἄλλ’
422 1444 483 1500 ὥς
521 1464 566 1492 τι
604 1451 808 1504 κρεῖττον
853 1444 1291 1506 προμηθευσόμενος
1335 1447 1443 1504 περί
1485 1463 1535 1491 τε

33 1519 112 1576 τῆς
141 1515 300 1562 ἑαυτοῦ
335 1517 558 1576 σωτηρίας
587 1517 660 1561 καὶ
688 1519 769 1561 τοῦ
797 1514 908 1561 κατὰ
947 1519 1039 1561 τῶν
1066 1516 1368 1574 Βαβυλωνίων
1407 1532 1539 1574 στρα-

34 1583 265 1643 τεύματος.
325 1582 649 1642 καταλαβόντες
688 1586 737 1630 δὲ
779 1583 821 1630 οἶ
866 1583 1147 1642 Βαβυλώνιοι
1186 1586 1258 1630 καὶ
1297 1586 1580 1646 κυκλοτερῆῦ

0 1652 114 1714 Θτὴν
138 1655 402 1711 πολιορκίαν
434 1657 515 1699 τοῦ
542 1651 699 1712 Ῥάμελ
722 1652 989 1712 ποιούμενοι
1023 1658 1196 1700 θᾶττον
1228 1658 1363 1699 wizo
1384 1654 1540 1699 κατέσ-

34 1741 124 1779 χον.
171 1723 335 1768 πολλοὶ
360 1724 409 1768 δὲ
439 1726 529 1767 τῶν
548 1724 761 1768 Λατίνιον
795 1726 1031 1782 τηνικαῦτα
1066 1724 1323 1777 κτείνονται,
1352 1723 1538 1776 πλείους

34 1792 83 1837 δὲ
112 1791 186 1836 καὶ
217 1792 380 1850 ζωγρία
409 1790 527 1849 πρὸς
555 1794 801 1850 Βαβυλῶνα
833 1789 1089 1851 ἐστάλησαν.
1152 1792 1331 1838 ἐκεῖθεν
1349 1791 1398 1836 δὲ
1425 1789 1536 1836 ὕπο-

169 1919 202 1954 6.
226 1920 288 1953 καὶ
313 1918 359 1963 A,
384 1929 457 1954 om.
483 1918 524 1954 P.
643 1914 831 1966 Ἀρράβων
856 1917 932 1964 FC,
962 1913 1128 1964 Ἀράβων
1153 1917 1230 1954 ΡΑ.
1327 1930 1365 1953 τε
1388 1930 1462 1954 om.
1492 1917 1537 1954 A.

168 1966 202 2002 9.
227 1964 269 2002 τὸ
297 1966 406 2012 FAC,
431 1965 498 2003 τὸν
521 1967 562 2003 P.
720 1969 777 2004 10.
802 1962 1091 2015 μεγαλομᾶρτυρ
1117 1966 1161 2011 A,
1186 1962 1472 2014 μεγαλομάρτυς
1496 1967 1535 2003 Ρ.

171 2017 226 2052 11.
254 2015 472 2063 ἑνωθέντες]
499 2012 746 2055 ἔπελθόντεςῖ
939 2017 994 2051 12.
1019 2016 1196 2061 συνῆψαν
1218 2015 1296 2061 FA,
1324 2016 1470 2062 συνῆψε
1495 2015 1536 2052 Ρ.

170 2066 215 2100 13
243 2076 297 2110 sq.
324 2060 597 2111 μεταλαβόντες
621 2066 659 2105 ἐξ
685 2062 877 2100 ὀπισθίων
902 2062 986 2104 τοὺς
1012 2064 1326 2111 προμετωπίουςῖ>
1478 2066 1534 2102 18.

167 2110 259 2148 κατὰ
283 2113 359 2149 τῶν
381 2125 454 2150 om.
481 2113 519 2149 C.
751 2115 809 2150 22.
837 2115 972 2161 ζωγρία
999 2113 1042 2158 F,
1069 2115 1218 2160 ζωγρίαι
1243 2113 1289 2159 A,
1316 2115 1470 2161 ζωγρεία
1493 2113 1534 2150 Ρ.

171 2218 204 2254 7.
268 2216 340 2254 Sed
365 2218 602 2255 Amerimnes
639 2219 814 2265 princeps
847 2219 1048 2265 Babylonis
1080 2218 1127 2254 de
1159 2218 1354 2255 Gallorum
1386 2218 1537 2264 expedi-

33 2266 137 2302 tione
174 2267 316 2303 certior
354 2266 476 2303 factus
516 2268 564 2303 ab
600 2268 721 2314 iisque
763 2270 875 2314 capta
917 2267 1176 2314 Hierosolyma
1223 2270 1262 2303 et
1294 2267 1536 2304 Antiochiam

33 2315 244 2362 multasque
289 2315 380 2351 alias
422 2315 635 2352 adiacentes
679 2317 791 2353 urbes
839 2320 1039 2363 occupatas
1088 2329 1165 2353 esse
1213 2317 1408 2362 ingentem
1446 2317 1535 2353 cele—

33 2364 127 2400 riter
172 2364 455 2401 multitudinem
495 2377 542 2401 ex
577 2365 766 2402 Armeniis
805 2366 996 2402 Arabibus
1035 2365 1228 2402 Saracenis
1275 2365 1536 2411 Agarenisque

31 2416 299 2459 congregatam
337 2413 377 2449 in
415 2425 477 2450 eos
502 2415 618 2451 misit.
680 2414 753 2450 hoc
788 2427 856 2461 per
898 2413 1149 2451 Gotofredum
1191 2414 1368 2450 nuntiato
1405 2415 1535 2450 statim

32 2472 159 2497 omnes
186 2461 284 2497 Galli
320 2463 456 2499 armati
501 2462 549 2498 ad
573 2463 692 2510 Iapha
726 2464 958 2500 conveniunt
994 2463 1123 2509 ibique
1163 2463 1315 2498 illorum
1352 2463 1537 2508 impetum

32 2510 303 2556 opperiuntur3
341 2511 430 2547 inde
455 2512 589 2548 Ramel
627 2515 837 2558 transeunt,
874 2513 941 2548 ubi
979 2523 1138 2558 magnus
1178 2514 1324 2558 martyr
1351 2511 1537 2558 Georgius

33 2570 162 2604 passus
185 2562 251 2595 est.
312 2563 427 2607 atque
463 2572 548 2597 cum
575 2564 795 2597 occurrente
819 2562 1061 2597 Amerimnae
1085 2561 1256 2596 exercitu
1284 2560 1427 2605 proelio
1450 2572 1537 2597 con-

33 2610 134 2644 serto
159 2607 258 2643 Galli
284 2608 446 2645 victores
472 2609 656 2655 evadunt;
681 2613 833 2657 postero
859 2613 986 2646 autem
1028 2609 1089 2645 die
1115 2609 1307 2645 collocatis
1333 2609 1373 2644 in
1397 2609 1534 2652 fronte,

2 2688 3 2691 ,
33 2655 99 2702 qui
123 2657 164 2692 in
189 2659 358 2693 extrema
384 2658 464 2694 acie
489 2661 685 2701 steterant,
712 2659 803 2695 victi
830 2662 868 2695 et
900 2658 948 2694 ad
975 2658 1106 2694 Ramel
1132 2670 1249 2704 usque
1279 2657 1403 2704 fugati
1435 2662 1532 2694 sunt.

3 2736 5 2739 .
32 2716 129 2740 unus
148 2705 355 2742 Balduinus
380 2718 503 2743 comes
528 2710 640 2743 antea
676 2707 860 2754 effugerat
890 2707 994 2743 nulla
1019 2706 1173 2753 quidem
1209 2707 1363 2753 ignavia
1387 2707 1534 2750 ductus,

11 2752 99 2789 sed
119 2757 163 2789 ut
184 2753 317 2790 melius
341 2755 455 2791 saluti
485 2768 573 2792 suae
598 2756 810 2792 consuleret
835 2757 1119 2802 exercitumque
1153 2755 1193 2790 in
1219 2755 1444 2802 Babylonios
1470 2768 1535 2801 pa-

0 2806 14 2842 ὲ,
31 2805 145 2838 roret.
195 2805 278 2838 tum
291 2803 488 2850 Babylonii
504 2816 567 2841 eos
590 2805 780 2851 persecuti
796 2805 927 2841 Ramel
950 2804 1272 2841 circumsederunt
1290 2805 1472 2850 brevique
1494 2816 1536 2839 ea

32 2850 127 2887 urbe
143 2854 360 2899 expugnata
384 2853 522 2889 multos
539 2853 765 2890 Latinorum
790 2853 995 2898 trucidant,
1020 2853 1148 2899 plures
1161 2856 1292 2900 captos
1306 2853 1535 2899 Babylonem

0 2897 282 2943 [deduxerunt.
331 2913 418 2937 mox
444 2901 533 2938 inde
560 2914 688 2939 omnes
714 2902 1006 2950 Babyloniorum
1033 2904 1164 2949 copiae
1198 2901 1246 2938 ad
1274 2901 1391 2948 Iapha
1417 2913 1534 2948 oppu-
