1734 3120
208 194 285 234 190
715 194 878 228 ΑΝΝΑΕ
909 191 1175 226 COMNENAE

204 331 289 369 περ
330 315 494 371 σμῆνος
523 309 743 368 μελισσῶν
772 305 862 352 ὑπὸ
893 306 1063 350 καπνοῦ
1093 302 1365 360 διωκόμενον
1405 303 1691 361 ἐξαγομένους

161 376 416 432 Βᾶτάκτως,
451 377 561 423 ὅθεν
590 373 814 428 εὐτάκτως
844 371 1059 434 εἰσῄεσαν.
1127 372 1227 416 ἐπεὶ
1255 372 1303 417 δὲ
1336 372 1408 416 καὶ
1437 373 1576 416 τοῦτο
1614 367 1691 415 αὖ·

202 452 298 500 τοῖς
328 446 391 500 εἰς
417 444 557 504 μάτην
578 442 830 501 ἐπεπόνητο
861 440 979 499 καὶὴ
1009 438 1254 500 βαρβαρικὴ
1277 441 1462 500 φροντὶς
1491 438 1599 498 αὕτη
1628 438 1691 492 εἰς

204 510 330 559 οῦδὲν
359 515 459 558 δέον
491 509 822 569 ἅπετελεύτησε,
846 511 996 567 τρίτον
1016 505 1173 561 αὐτοῖς
1195 509 1440 553 ἐπινοεῖται
1459 506 1691 566 μηχάνημα

204 581 371 641 πύργος
391 580 578 638 ξύλινος,
596 579 721 637 ὅπερ,
755 577 816 632 ιῦς
836 577 862 640 ἦ
884 576 1008 638 φήμη
1030 579 1151 637 φησί,
1185 575 1483 637 πολιορκητὸν
1504 571 1691 634 τ’)’ργανον
1706 584 1727 617 5

204 646 256 695 οὗ
268 649 380 707 μετὰ
395 648 472 709 τὴν
490 647 700 705 οἷστοχίαν
713 650 802 692 τῶν
819 646 1243 703 προεσκευασμένων
1257 641 1455 703 ὀργάνων
1469 648 1689 704 κατῆρκτο

205 720 418 776 γίνεσθαι,
450 716 558 763 ἄλλα
587 716 677 776 πρό
707 715 877 762 τούτων
907 715 971 768 εἷς
1011 715 1209 760 ἐνιαυτὸν
1250 713 1366 760 ὅλον.
1436 718 1575 760 τοῦτο
1613 717 1693 772 μὲν

209 786 335 846 ἔργον
367 783 468 843 εἶχε,
500 786 553 830 τά
584 787 632 831 δὲ·
671 785 968 844 προειρημένα
998 778 1161 841 ὄργανα
1190 782 1427 842 πάρεργον.
1485 780 1595 828 ἄλλα
1625 785 1695 828 δεῖ

205 873 259 911 με
289 852 510 912 πρότερον
530 851 655 912 ὀλίγα
675 855 781 910 περὶ
800 856 879 897 τοῦ
902 849 1128 910 σχήματος
1146 855 1224 912 τῆς
1246 849 1426 904 πόλεως
1446 851 1692 908 Δυρραχίου

57 933 96 969 P.
125 933 194 968 384
205 919 533 982 ἀφηγήσασθαι.
591 921 642 966 τὸ
671 922 752 978 μὲν
780 926 926 976 τεῖχος
963 923 1124 978 ταύτης
1152 918 1429 976 ὑποχαλᾶται
1457 923 1555 973 τοῖς
1582 918 1695 976 πύρ-
1711 930 1734 963 1¹

206 1004 325 1048 γοις·
374 987 416 1034 οἱ
448 992 496 1034 δὲ
527 988 686 1048 πύργοι
714 989 934 1034 κυκλόθεν
968 986 1128 1047 ταύτης
1167 989 1543 1044 ε’ξυπανίστανται,
1588 984 1695 1031 ὅσον

207 1059 269 1112 εἷς
300 1059 451 1103 ἕνδεκα
483 1057 626 1112 πόδας
656 1056 920 1116 ’ὗψούμενοα
956 1056 1028 1102 διὰ
1058 1058 1235 1113 κοχλίου
1276 1055 1396 1110 τινὸς
1424 1054 1507 1114 τήν
1536 1050 1696 1100 ι’)ἷνοδον

209 1127 383 1183 ἔχοντες
426 1125 633 1183 ἐπάλξεσί
671 1145 717 1171 τε
760 1122 1096 1186 ἤσφαλισμένοι.
1161 1124 1304 1179 οὕτως
1340 1124 1431 1181 ἔχει
1473 1120 1697 1182 σχτματός

207 1213 254 1240 τε
285 1197 357 1240 καὶ
385 1191 627 1255 ἀσφαλείας
655 1193 681 1256 ἡ
713 1193 856 1248 πόλις.
926 1193 977 1239 τὸ
1010 1195 1058 1239 δὲ
1104 1193 1248 1250 πάχος
1289 1196 1368 1239 τοῦ
1415 1195 1588 1256 τείχους
1633 1190 1697 1244 εἰς

208 1261 437 1322 ἀξιόλογον
467 1261 608 1319 πάχος
632 1264 854 1308 ἐκτέταται
884 1264 956 1307 καὶ
979 1266 1213 1317 τοσοῦτον,
1247 1261 1362 1308 ὥστε
1394 1259 1594 1313 ἱππότας
1622 1254 1729 1304 (ἵν-1

211 1334 316 1389 δρας
345 1333 418 1376 καὶ
448 1334 630 1386 πλείους
665 1335 755 1376 τῶν
797 1330 1024 1389 τεσσάρων
1067 1330 1172 1385 τοὺς
1212 1326 1363 1389 α’ίμους
1401 1331 1698 1389 συμμίξαντας

210 1399 544 1445 διϊππάσασθαι
575 1397 804 1460 α’σφαλιῦς.
871 1399 987 1446 οὕτω
1033 1401 1113 1458 μὲν
1156 1393 1233 1445 οὖν
1273 1397 1582 1460 ἐκπεφράσθω
1620 1416 1698 1456 μοι

209 1466 263 1511 τὰ
291 1470 395 1526 περὶ
421 1473 500 1513 τοῦ
530 1470 701 1524 τείχους
731 1467 791 1522 (ὃς
828 1470 872 1513 ἐν
903 1471 1169 1531 παραδρομῇ
1211 1486 1309 1514 τινα
1339 1467 1581 1528 σαφήνειαν
1608 1469 1699 1512 τῶν

172 1535 462 1594 Βμελλόνιων
505 1539 692 1596 ῥηθῆναι
738 1539 1155 1598 προαφηγησαμένῃ.
1232 1536 1287 1582 τὰ
1331 1538 1379 1582 δὲ
1422 1539 1505 1596 τῆς
1533 1553 1699 1594 πυργο-

212 1606 364 1659 ποιΐας
413 1608 492 1650 τοῦ
535 1604 842 1665 μηχανήματος
893 1606 1066 1661 τούτου,
1114 1606 1229 1664 ὅπερ
1270 1604 1481 1663 καθάπερ
1509 1603 1734 1662 χελώνης2

212 1670 380 1732 πύργον
421 1672 743 1733 ἐμηχανήσαντο
792 1673 834 1719 οἱ
878 1677 982 1733 περὶ
1026 1674 1106 1720 τὸν
1141 1678 1421 1732 Βαϊμοῦντον
1462 1672 1696 1732 βάρβαροι,

212 1744 284 1786 καὶ
312 1739 630 1802 οἷφηγήσασθαι
659 1742 853 1799 χαλεπὸν
883 1746 955 1789 καὶ
997 1743 1108 1789 ἰδεῖν
1148 1741 1356 1804 φοβερόν,
1398 1741 1460 1797 ὠς
1490 1741 1532 1788 οἱ
1561 1741 1700 1800 ἑωρα-

348 1865 379 1899 8.
406 1860 618 1908 ἐπινενόητο
645 1865 688 1900 A.
835 1865 867 1901 8.
895 1868 1145 1912 προειρημένα
1171 1865 1241 1911 FC,
1269 1867 1498 1913 πρειρημένα
1527 1864 1566 1900 P.
1665 1865 1698 1898 9.

345 1913 406 1955 τῆς
431 1909 572 1951 πόλεως
597 1917 809 1960 Δυρραχίου
836 1914 876 1959 F,
901 1915 964 1958 τῆς
987 1910 1129 1953 πόλεως
1152 1925 1224 1950 om.
1254 1914 1294 1950 P.
1461 1914 1514 1950 12.
1544 1913 1634 1948 δέκα
1662 1912 1699 1947 C.

352 1962 405 1996 18.
431 1961 505 1996 τῶν
527 1973 599 1997 om.
615 1961 654 1997 F.
754 1963 808 1999 19.
837 1966 1190 2011 προαιρηγησαμ,ἐνη
1206 1963 1247 2008 Ρ,
1275 1962 1434 1998 correxi.
1523 1962 1580 1997 20.
1607 1958 1701 2007 ὅπερ

349 2005 520 2056 καθάπερ
545 2010 587 2053 F,
612 2007 707 2057 ἅπερ
733 2006 904 2058 καθάπερ
930 2012 968 2054 C,
994 2008 1087 2058 ὅπερ
1112 2011 1153 2048 Ρ.
1219 2007 1384 2059 χελώνης
1410 2011 1449 2055 C,
1471 2007 1635 2058 χαλάνης
1659 2009 1699 2045 Ρ.

216 2125 365 2162 confuse
397 2126 485 2161 illuc
510 2127 735 2173 recedentes,
776 2128 875 2164 unde
910 2129 1004 2165 bene
1041 2129 1238 2175 compositi
1275 2129 1523 2164 intraverant.
1573 2126 1701 2172 itaque

215 2186 299 2210 cum
322 2174 411 2210 haec
449 2186 594 2221 quoque
620 2177 730 2212 irrita
755 2181 887 2222 essent,
913 2190 980 2214 nec
1014 2178 1217 2224 quidquam
1243 2178 1491 2213 barbarorum
1518 2174 1702 2210 industria

215 2223 399 2258 commodi
425 2223 620 2268 attulisset,
647 2226 796 2260 tertiam
828 2226 1058 2262 fabricantur
1075 2226 1295 2262 machinam.
1339 2224 1440 2272 quod
1465 2235 1559 2270 opus
1585 2223 1701 2258 turris

218 2271 289 2306 fuit
314 2271 447 2317 lignea,
475 2284 578 2317 quae,
594 2276 636 2307 ut
661 2273 759 2308 fama
785 2278 852 2316 est,
877 2287 951 2310 non
970 2275 1119 2320 quidem
1147 2278 1231 2321 post
1257 2274 1386 2310 irritas
1414 2273 1530 2309 factas
1555 2272 1700 2318 priores

216 2319 413 2364 machinas,
440 2320 502 2355 sed
528 2321 602 2355 iam
632 2325 718 2356 ante
744 2322 823 2358 illas
848 2324 971 2358 extrui
1008 2326 1139 2369 coepta
1179 2327 1235 2359 est
1259 2334 1357 2358 anno
1382 2323 1532 2368 integrp
1556 2321 1594 2356 in
1621 2321 1702 2366 ipsa

216 2367 434 2403 fabricanda
453 2373 684 2415 consumpto,
708 2372 762 2406 ita
776 2375 818 2406 ut
837 2371 906 2407 hoc
923 2372 1129 2417 principale
1145 2384 1250 2418 opusn,
1275 2382 1370 2418 quae
1387 2374 1476 2406 ante
1493 2367 1702 2415 significavi

216 2427 373 2462 parerga
389 2417 614 2453 viderentur.
643 2418 706 2454 sed
724 2431 841 2465 pauca
857 2420 960 2465 prius
978 2421 1023 2456 de
1043 2420 1166 2467 figura
1188 2420 1293 2456 urbis
1307 2418 1506 2466 Dyrrachii
1523 2418 1702 2463 perstrin-

215 2464 337 2510 genda
361 2465 454 2499 mihi
483 2469 580 2517 sunt.
621 2479 748 2503 murus
780 2469 858 2503 eius
880 2469 1050 2504 turribus
1075 2470 1240 2505 munitus
1268 2472 1333 2512 est,
1354 2479 1451 2514 quae
1479 2467 1609 2502 urbem
1631 2465 1702 2501 cir·

217 2512 432 2548 cumdantes
458 2513 505 2548 ad
531 2514 665 2560 pedum
692 2516 862 2552 undecim
893 2518 1129 2553 altitudinem
1155 2520 1349 2553 extructae
1373 2516 1574 2562 loricisque
1598 2525 1703 2560 prae-

217 2562 382 2596 munitae
409 2565 495 2597 sunt
514 2575 680 2608 quaeque
717 2577 782 2610 per
810 2566 1018 2602 cochleatas
1042 2567 1157 2602 scalas
1188 2565 1339 2602 ascendi
1365 2567 1531 2612 possunt.
1584 2574 1626 2598 ea
1647 2566 1703 2598 est

216 2609 337 2655 figura
364 2611 595 2656 munitioque
630 2613 744 2648 urbis.
809 2615 1009 2660 singularis
1035 2619 1158 2650 autem
1186 2615 1374 2651 moenium
1400 2611 1609 2650 crassitudo
1635 2613 1702 2653 est,

217 2657 271 2693 ita
287 2661 330 2704 ut
348 2661 508 2704 quatuor
529 2663 565 2694 et
583 2661 742 2706 amplius
757 2663 900 2708 equites
915 2664 1083 2709 aequatis
1109 2664 1272 2699 humeris
1288 2666 1372 2698 tuto
1397 2661 1507 2697 simul
1532 2660 1703 2708 perequi-

217 2709 298 2741 tare
325 2708 476 2752 possint.
539 2721 631 2754 quae
671 2710 821 2755 quidem
845 2713 943 2746 muri
981 2712 1185 2757 descriptio
1212 2713 1264 2748 sic
1289 2712 1326 2747 in
1354 2714 1569 2746 transcursu
1598 2721 1620 2744 a
1645 2720 1704 2743 me

217 2755 419 2800 praemissa
458 2757 517 2801 sit,
556 2760 596 2791 ut
630 2758 760 2794 melius
805 2771 900 2805 quae
937 2772 1035 2796 nunc
1073 2764 1275 2796 narratura
1312 2761 1382 2796 sim
1423 2758 1702 2805 intellegantur.

218 2814 315 2838 nunc
328 2802 431 2848 illud,
441 2805 539 2850 quod
552 2805 785 2842 Boemundus
798 2819 882 2842 cum
895 2809 1066 2843 barbaris
1081 2810 1156 2844 suis
1170 2812 1362 2855 tamquam
1374 2806 1574 2844 testudinis
1589 2817 1703 2852 quan-

217 2851 303 2887 dam
327 2853 470 2888 turrem
496 2854 673 2901 extruxit,
697 2855 982 2891 describendum
1005 2868 1097 2902 opus
1120 2860 1187 2903 est,
1208 2857 1362 2894 difficile
1390 2867 1478 2892 sane
1502 2854 1702 2902 explicatu,
