1768 3152
238 243 262 284 2
747 251 912 286 ANNAE
939 251 1206 285 OOMNENAF.

237 387 327 413 των
372 368 678 426 καθαιρέσεως
713 363 951 427 ἀναφανεὶς
1002 369 1075 413 καὶ
1116 366 1312 447 πολλῖούς
1348 371 1447 420 ταῖς
1484 367 1622 420 δίναις
1660 369 1739 426 τῆς

236 435 377 484 αὐτοῦ
410 439 672 494 κακοδοξίας
702 435 917 493 ἕβύθισεν
947 431 1075 495 (ανηρ
1106 436 1153 481 δὲ
1185 434 1320 489 οὗτος
1349 433 1495 492 δεξιὸς
1534 436 1615 492 μὲν
1656 434 1739 494 τήν

237 495 396 565 αρετὴν
426 505 756 564 ὑποκρίνασθαι
791 524 870 549 ουκ
911 501 1012 550 οἶδα
1053 505 1132 556 μὲν
1173 502 1299 557 ὅθεν,
1340 505 1452 558 τέως
1491 506 1527 549 δ’
1569 497 1648 548 οὖν
1684 508 1738 566 τῆ

236 576 531 635 μεγαλοπόλει
560 576 769 635 ἐφοίτησε
796 576 867 619 καὶ
900 571 1171 632 ἐγγωνιάζων
1205 576 1305 632 Θεῷ
1335 571 1458 632 μόνῳ
1496 575 1636 634 δῆθεν
1666 575 1739 618 καὶ

237 644 379 704 ἑαυτῷ
394 648 664 701 προσανεῖχε
688 641 760 688 διὰ
783 641 950 696 παντὸς
965 648 1063 695 ταῖς
1082 640 1222 699 ἱεραῖς
1236 643 1409 698 βίβλοις
1425 639 1739 698 ἑνασχολούμε·
1752 654 1768 687 5

196 721 326 769 Βνος,
344 709 541 771 οἷμὺητος
557 714 604 757 δὲ
621 709 1028 770 πάσηςἛλληνικῆ-ς·
1045 712 1250 764 παιδείας
1275 708 1338 755 ὧν
1365 712 1438 756 καὶ
1462 711 1574 770 μηδὲ
1595 716 1738 769 καθη-

237 779 372 841 γητήν
399 799 496 826 τινα
527 778 720 839 ἔσχηκας
749 776 946 840 αρχῆθεν
975 798 1053 824 τον
1083 778 1375 839 ὖφαπ2οῦντα
1402 797 1547 838 τουτω
1578 797 1630 824 το
1661 783 1740 838 τῆς

237 850 369 903 θειάς
398 852 568 909 γραφῆς
597 847 744 905 βάθος
775 846 1029 909 ἕνεκεκὺφει
1071 849 1152 905 μὲν
1189 852 1286 901 τοῖς
1325 851 1415 892 τῶν
1454 846 1594 906 ἁγίων
1635 865 1739 906 συγ-

236 917 496 978 γράμμασιν,
536 913 753 1000 α’γειστος
782 919 830 962 δὲ
863 915 1010 976 πάσης
1054 917 1260 970 παιδείας
1305 919 1481 976 2ογικῆς
1527 913 1588 961 ὧν
1634 918 1739 962 ἑπε-

236 986 433 1046 πλάνητο
477 989 584 1044 περὶ
630 1005 708 1031 τον
753 990 855 1031 νοῦν
899 990 988 1030 τῶν
1033 990 1229 1046 γραφῶν,
1276 982 1356 1030 οὐκ
1400 981 1530 1045 ἆγενῆ
1563 987 1612 1031 δέ
1641 998 1768 1031 τινα]

234 1055 368 1115 χορόν
398 1053 736 1113 ὑποσυρόμενος
769 1056 815 1100 ἒν
844 1053 1051 1113 μεγάλαις
1082 1054 1254 1108 οἰκίαις·
1287 1053 1432 1101 εἶσέδυ
1472 1053 1738 1108 διδάσκαλος

236 1122 673 1184 αὖτοχειροτόνητος,
706 1123 758 1169 τι)
789 1125 869 1181 μέν
897 1142 939 1168 τι
985 1122 1058 1169 διὰ
1100 1122 1179 1183 τὴν
1226 1125 1573 1184 ἕπιφαινομένην
1617 1119 1737 1183 αὐτῷ

236 1190 396 1255 α’ρετὴν
425 1196 496 1239 καὶ
527 1192 578 1238 τό
611 1192 907 1253 κατεσκληκός
938 1194 1081 1238 ἐκεῖνο
1112 1185 1240 1253 ἦθος,
1275 1192 1327 1237 τι)
1359 1194 1407 1239 δὲ
1445 1195 1517 1238 καὶ
1548 1192 1621 1238 διὰ
1659 1192 1739 1254 τὴν

237 1262 642 1321 ὑποκεκρυμμένως
669 1263 994 1322 ἐμφαινομένην
1023 1259 1142 1321 αὐτῷ
1164 1261 1276 1318 τάχα
1297 1266 1478 1320 γνῶσιν·
1512 1261 1648 1308 ἔνθεν
1669 1280 1740 1307 τοι

196 1334 309 1382 Οκαὶ
339 1331 422 1391 τήν
446 1334 551 1377 καθ’
591 1330 839 1377 ὑπόστασιν
883 1331 1040 1376 ἕνωσιν
1089 1334 1168 1375 τοῦ
1213 1333 1314 1375 καθ’
1363 1329 1478 1391 ἡμᾶς
1513 1326 1768 1391 ἄγνοὴσαςι

235 1403 478 1460 ιιιστηρίου
510 1403 581 1446 καὶ
610 1399 721 1462 μήθ’
755 1399 780 1445 ο’
800 1419 841 1446 τι
871 1402 988 1446 ἐστὶν
1016 1401 1174 1453 ἕνωσις
1204 1398 1360 1453 ἁπλῶς
1390 1401 1582 1445 συνιέναι
1611 1397 1740 1444 δυνά-

562 1469 583 1484 (Ι

234 1489 368 1553 μενος
413 1469 524 1531 μήθ’
558 1489 582 1514 ο
616 1489 659 1515 τι
703 1471 821 1516 ἐστιν
858 1468 973 1523 dmg
1005 1468 1253 1523 ’ἓ-ιπόσῖασις
1289 1467 1422 1523 εἰδώς
1453 1486 1555 1514 οιτε
1596 1470 1739 1513 διακε-

769 1536 794 1552 )Χ
823 1538 846 1554 (Ι

234 1540 451 1600 κριιιένως
489 1537 737 1583 ὑπόστασιν
767 1559 790 1596 r»
822 1539 978 1583 ἕνωσιν
1025 1542 1144 1582 νοεῖν
1173 1534 1415 1594 δυνάιιενος
1459 1533 1558 1598 μήτ’
1603 1527 1740 1587 αὖθις

236 1605 471 1668 ἡνωμένως
500 1609 604 1652 καθ’
649 1605 898 1652 ὗπόσῐασιν
938 1606 1096 1652 ἕνωσιν
1132 1607 1244 1667 μήθ’
1290 1603 1418 1659 ὅπως
1460 1602 1648 1663 ἕθεώθη
1686 1602 1738 1648 τὸ

1568 1667 1635 1685 m„

234 1673 506 1734 προσλημμα
538 1674 659 1733 παρὰ
690 1679 780 1720 τῶν
801 1674 936 1734 ἁγίων
963 1675 1295 1732 διδασκόμενος,
1327 1673 1486 1732 πόρρω
1508 1691 1587 1718 τοι·
1611 1685 1768 1726 οντοςὲ

235 1744 483 1800 ἐξενεχθεὶς
532 1742 665 1804 φύσει
709 1748 842 1788 τοῦτο
888 1745 1128 1802 θεωθῆναι
1171 1740 1374 1799 ἐδόξαζεν
1410 1738 1736 1799 απατώμενος),

372 1839 403 1871 1.
430 1839 584 1875 πολλαῖς
608 1836 685 1872 GV.
807 1839 841 1874 3.
869 1834 1135 1883 ὑποκοίνεσθ-αι
1166 1836 1210 1872 V.
1312 1836 1384 1871 ιιὲν
1416 1829 1483 1871 οὖν
1515 1835 1555 1872 P.
1583 1828 1649 1870 οὖν
1666 1846 1738 1871 om.

371 1884 474 1921 CGV.
576 1886 619 1934 τῇ
648 1884 823 1941 FACGV,
844 1886 907 1920 τοῦ
931 1885 971 1921 P.
1158 1887 1190 1921 4.
1218 1872 1435 1931 ἀγωνιαζων
1459 1884 1501 1920 G.
1620 1884 1740 1926 δῆθεν

376 1945 449 1970 om.
476 1933 553 1970 GV.
653 1937 685 1970 7.
713 1930 827 1980 τούτῳ
854 1932 913 1981 τὸ]
941 1935 1047 1969 miro
1064 1934 1102 1970 C.
1195 1934 1228 1969 9.
1256 1934 1410 1989 λογικῆς
1433 1933 1606 1971 παιδείας
1623 1932 1737 1968 AGV.

373 1984 429 2018 10.
455 1980 652 2029 τίγεννῆν.
735 1987 790 2019 11.
806 1969 1114 2031 ὑποσυρόιιενος]
1142 1979 1381 2039 ἕπαγόαενος
1400 1981 1506 2019 CGV.
1601 1983 1655 2017 12.
1682 1995 1735 2016 τοι

368 2031 448 2067 VA.
527 2031 872 2080 ἐμφαινομένηνν.
998 2035 1052 2068 13.
1080 2021 1384 2076 κατεσηληκόςν.
1495 2032 1551 2066 15.
1578 2028 1676 2078 ὑιιᾶς
1693 2029 1737 2065 V.

373 2083 428 2116 17.
455 2081 769 2138 διακεκριμμέιος
795 2081 833 2126 C,
865 2082 1146 2139 ὸιακεκρυμμέν
1148 2093 1196 2119 ως
1220 2079 1263 2117 V.
1437 2080 1496 2116 21.
1526 2067 1646 2126 roffio]
1673 2079 1738 2114 τοῦ

369 2141 407 2164 τε
434 2129 476 2174 G,
501 2128 542 2164 τὸ
568 2141 606 2164 τε
632 2130 675 2166 V.
814 2130 1022 2176 ζιεωθῑῆναι]
1052 2127 1147 2165 θεὸν
1170 2130 1263 2165 εἶναι
1290 2129 1334 2165 A.

234 2241 386 2265 suorum
412 2230 565 2266 haustos
591 2230 799 2266 vorticibus
824 2230 966 2265 mersit.
1005 2230 1037 2265 is
1056 2229 1212 2266 callidus
1230 2228 1386 2265 virtutis
1404 2228 1602 2263 simulator
1614 2227 1738 2263 nescio

236 2279 333 2314 unde
357 2282 440 2314 tum
466 2278 817 2324 Constantinopolin
844 2282 1000 2314 venerat
1032 2278 1160 2324 ibique
1194 2277 1345 2313 abditus
1378 2276 1540 2323 degebat
1565 2276 1633 2312 deo
1671 2277 1738 2312 uni

234 2328 382 2374 sibique
406 2327 553 2363 assidue
581 2328 781 2363 intendens
819 2328 1009 2373 sacrisque
1047 2327 1154 2362 libris
1192 2338 1339 2362 vacans.
1393 2337 1436 2362 ao
1460 2325 1548 2361 licet
1575 2325 1737 2361 Graecae

234 2376 459 2412 eruditionis
484 2377 595 2422 plane
619 2376 725 2411 rudis
753 2380 847 2411 esset
873 2388 940 2411 nee
966 2376 1124 2411 haberet
1159 2376 1206 2411 ab
1233 2375 1343 2410 initio
1368 2374 1434 2421 qui
1459 2375 1533 2421 ipsi
1559 2374 1737 2410 intimum

234 2425 385 2461 divinae
410 2426 621 2471 scripturae
646 2437 793 2460 sensum
827 2425 1005 2470 aperiret,
1032 2428 1159 2460 tamen
1185 2425 1224 2460 in
1259 2427 1475 2460 sanctorum
1500 2435 1615 2469 opera
1639 2423 1737 2459 irru-

235 2477 354 2520 perat,
382 2486 541 2520 cumque
567 2474 670 2509 omni
687 2473 941 2509 ratiocinandi
958 2478 1040 2509 arte
1059 2476 1215 2518 careret,
1234 2474 1281 2508 ab
1300 2472 1560 2519 intellegentia
1576 2473 1737 2518 scriptu—

234 2534 364 2558 rarum
389 2523 590 2559 aberravit.
640 2534 709 2558 neo
741 2522 902 2568 ignobili
929 2525 1057 2558 tamen
1091 2522 1205 2557 turba
1245 2525 1475 2568 congregata
1507 2521 1547 2556 in
1582 2533 1737 2567 magnas

234 2571 343 2607 aedes
375 2571 508 2607 doctor
539 2571 614 2607 suis
643 2571 832 2617 suffragiis
859 2570 1070 2606 declaratus
1099 2583 1136 2606 se
1165 2570 1373 2606 insinuavit
1409 2571 1548 2616 partim
1581 2570 1630 2605 ob
1660 2569 1735 2605 exi-

234 2621 349 2656 miam
374 2620 530 2656 virtutis
555 2620 716 2666 speciem
747 2620 945 2665 victusque
970 2620 1223 2665 asperitatem,
1250 2620 1389 2665 partim
1415 2619 1465 2654 ob
1503 2618 1734 2655 sublucentis

233 2680 279 2705 ex
315 2681 451 2705 arcano
486 2669 665 2705 scientiae
694 2668 832 2704 fucum.
889 2670 1015 2714 itaque
1046 2681 1130 2704 cum
1162 2680 1231 2704 nec
1261 2668 1539 2714 hypostaticam
1565 2667 1736 2714 mysterii

233 2718 354 2754 nostri
380 2719 558 2753 unionem
583 2717 829 2753 intellexisset
855 2728 933 2761 nec,
961 2717 1052 2763 quid
1078 2720 1174 2752 esset
1202 2717 1284 2763 ipsa
1311 2717 1399 2752 unio
1416 2716 1554 2763 quidve
1581 2716 1734 2752 omnino

232 2766 455 2821 hypostasis,
481 2767 594 2802 sciret
619 2778 688 2802 neo
709 2766 912 2812 separatim
938 2765 1155 2812 hypostasin
1183 2766 1407 2801 unionemve
1447 2777 1567 2812 neque
1602 2776 1735 2800 rursus

232 2815 464 2852 coniunctim
489 2815 762 2862 hypostaticam
801 2815 979 2850 unionem
1018 2815 1186 2861 cogitare
1220 2818 1346 2860 posset
1377 2826 1509 2860 neque,
1548 2813 1735 2860 quomodo

233 2868 426 2910 assumpta
450 2867 589 2899 natura
612 2863 823 2899 divinitatis
852 2864 1041 2909 particeps
1067 2864 1167 2899 facta
1185 2867 1291 2908 esset,
1318 2875 1340 2898 a
1365 2864 1505 2899 sanetis
1529 2861 1735 2906 didicisset,

233 2912 374 2949 factum
400 2915 468 2956 est,
494 2915 538 2948 ut
562 2912 673 2959 longe
711 2912 811 2948 ultra
849 2913 1048 2948 veritatem
1089 2916 1266 2958 evagatus
1318 2912 1592 2948 humanitatem
1630 2911 1733 2946 illam
