1806 3132
524 252 580 289 m
605 251 893 289 Abi-:mmm
921 253 1083 290 NOTAE
1452 250 1536 295 577

160 424 171 433 .
196 362 435 425 Κύψελλα]
466 367 669 412 Thraciae
697 369 797 412 urbs
826 368 880 411 ad
900 368 1099 423 Hebrum,
1130 370 1181 414 de
1200 384 1283 426 qua
1302 371 1538 429 Geographi
1548 381 1728 429 Pag.203.
1741 381 1773 418 B

61 537 115 580 ad
197 475 596 580 Βιᾶυλγαὲόφυῖον]
631 479 891 535 Bulyarofle,
912 481 1220 526 Villharduino.
1274 483 1380 535 Vide
1404 485 1538 530 Notas
1548 495 1767 543 Pag.2o4.A

144 549 238 580 eum
271 549 337 580 em
395 549 485 591 cup
506 571 517 579 .

194 588 631 648 Ἀρχοντοπούλους]
680 592 1039 646 Quemadmodum
1070 595 1180 649 apud
1207 595 1363 649 Gallos,
1393 598 1536 651 Italos,
1551 608 1580 642 B

62 650 286 705 Hispano&
316 649 493 705 Anglos,
523 649 681 692 aliosve
708 649 868 692 divisus
898 650 998 692 olim
1028 650 1111 693 fuit
1130 651 1346 699 Nobilium
1376 654 1475 697 ordo
1494 655 1538 698 in

61 707 148 750 tres
177 706 342 759 classes,
372 706 586 749 Baronum
614 706 786 758 scilicet,
817 705 1019 758 Militum,
1051 720 1123 750 seu
1152 708 1366 763 Equitum,
1396 711 1439 752 et
1453 710 1541 754 Do-

62 763 336 815 micellorum,
367 774 439 806 seu
466 761 785 814 Scutiferorum,
819 762 882 805 ita
913 763 1023 817 apud
1052 763 1319 819 Byzantinos,
1360 767 1432 821 qui
1460 766 1541 810 La-

61 819 248 863 tinorum
275 831 424 871 mores,
454 819 572 862 velut
608 819 769 870 simiae,
814 831 917 862 aevo
963 820 1145 874 sequiori
1185 822 1386 864 aemulati
1428 824 1540 875 sunt,

62 876 280 919 Nobilium
309 875 410 919 ordo
438 875 483 917 in
511 876 598 918 trae
624 875 782 930 pariter
823 875 973 918 classoe
1007 876 1256 920 distributus
1286 877 1381 921 fuit.
1437 879 1543 922 Uni-

62 932 216 976 versim
242 944 340 976 vero
373 931 546 974 Nobiles
575 932 618 974 et
646 931 868 986 Magnates
889 931 1027 975 Aulae
1057 931 1543 989 Constantinopolitanae

66 981 311 1043 ’Ἀρχοντες
351 987 629 1043 appellantur,
674 988 724 1030 ut
769 1000 816 1030 ex
862 988 1151 1043 Luithprando
1192 989 1263 1033 lib.
1302 992 1341 1033 3.
1386 1004 1475 1046 cap.
1502 992 1541 1034 9.

63 1045 280 1089 Willelmo
317 1044 443 1101 Tyrio
486 1044 560 1087 lib.
596 1045 663 1087 20.
709 1056 799 1098 cap.
837 1045 901 1087 18.
948 1045 991 1087 et
1033 1045 1293 1100 Byzantinae
1332 1047 1544 1091 Historiae

63 1101 345 1157 Scriptoribus
374 1100 571 1156 colligere
600 1101 737 1156 quivis
756 1101 906 1155 potest.
935 1101 1099 1144 Horum
1118 1115 1278 1146 uxores
1290 1095 1545 1158 Ἀρχόντισ-

64 1173 139 1202 σαι
166 1158 366 1202 dicuntur
395 1157 572 1201 Nicetae
601 1158 647 1199 in
672 1157 835 1200 Isaacio
864 1157 936 1200 lib.
958 1158 998 1200 3.
1028 1157 1081 1200 N.
1106 1159 1169 1202 11.
1199 1158 1311 1202 Ordo
1340 1161 1427 1214 ipse
1454 1160 1543 1203 No-

61 1215 212 1258 bilium
254 1207 537 1269 Ἀρχοντικόν
564 1214 619 1257 ab
652 1214 791 1266 Anna,
822 1207 1077 1279 ’Λρχοντικῇ
1105 1210 1226 1268 τάξις
1253 1217 1488 1271 appellatur
1517 1229 1543 1259 a

68 1271 359 1315 Cantacuzeno
388 1271 433 1314 in
462 1270 683 1313 Prooemio
708 1270 821 1313 Hist.
852 1270 1024 1314 Nobiles
1062 1271 1196 1326 1gitur
1224 1273 1297 1326 qui
1328 1273 1544 1328 sanguinis

67 1341 173 1372 nexu
194 1327 523 1383 Imperatoribus
552 1326 729 1381 proximi
754 1329 886 1379 erant,
929 1328 1003 1370 aut
1041 1328 1114 1382 qui
1141 1328 1316 1383 generis,
1345 1328 1474 1372 officii
1502 1329 1545 1371 et

64 1384 290 1440 dignitatis
309 1384 606 1482 praerogativa
627 1384 803 1426 caeteris
823 1383 1106 1438 praestabant,
1123 1379 1335 1439 πρότεροι
1355 1377 1544 1450 ’Ἀρχον-

62 1456 137 1492 τες
166 1443 371 1484 vocantur
395 1441 439 1483 111
504 1440 705 1494 iplomate
734 1439 967 1483 Andronici
994 1440 1106 1495 apud
1137 1440 1368 1484 Phranzem
1410 1442 1481 1485 hb.
1504 1443 1543 1484 3.

65 1511 155 1552 cap.
176 1498 244 1540 24.
268 1491 616 1551 προτερεῦοντες
644 1497 733 1538 τῶν
765 1491 1014 1550 Ἀρχόντων
1057 1496 1167 1551 apud
1188 1497 1544 1554 Theophylactum

67 1553 268 1598 Simocat.
307 1553 382 1597 lib.
401 1554 439 1596 8.
483 1565 573 1608 cap.
594 1554 634 1596 9.
678 1548 847 1596 ὁπόσοι
888 1558 965 1609 τῆς
1007 1552 1207 1607 μείζονος
1251 1549 1380 1610 τύχης
1435 1553 1543 1608 apud

65 1611 235 1654 Annam
278 1623 375 1665 pag.
414 1610 509 1653 221.
564 1609 840 1665 συγκλητικοὶ
883 1602 1125 1663 ’Ἀρχονῑες
1168 1610 1279 1664 apud
1322 1610 1545 1666 Scylitzem

64 1680 161 1722 pag.
181 1666 279 1710 857.
312 1666 477 1710 Caeteri
506 1679 684 1721 quorum
704 1667 842 1709 minor
871 1666 1057 1721 dignitas
1076 1659 1316 1720 ’Ἀρχοντες
1351 1667 1461 1709 1111ᾱο
1495 1678 1546 1709 30

64 1723 323 1778 simpliciter,
334 1721 629 1788 „Constantino
658 1723 811 1778 Porph.
841 1723 885 1765 in
916 1722 1064 1765 Novel.
1094 1722 1199 1776 περὶ
1227 1722 1434 1773 δυνατῶν,
1466 1723 1543 1765 etc.

64 1778 299 1834 κατωτέρω
343 1781 576 1835 Λρχοντες
616 1779 828 1822 dicuntur.
902 1779 1034 1821 Erant
1072 1780 1283 1834 praeterea
1309 1773 1543 1833 Ἀρχοντό-

66 1835 242 1887 πουλοι,
276 1849 349 1879 seu
378 1829 752 1891 Ἀρχοντόπουλα,
796 1834 962 1891 (neutro
993 1835 1103 1878 enim
1162 1848 1280 1878 enere
1309 1848 1392 1878 non
1419 1833 1543 1877 semel

65 1906 207 1936 vocem
237 1893 345 1936 hanc
374 1892 552 1936 efferunt
582 1893 812 1949 Byzantini
841 1891 1086 1946 Scriptores,
1159 1891 1307 1934 odinus
1344 1891 1394 1934 de
1423 1889 1542 1934 offic.

67 1962 155 2004 cap.
174 1950 214 1992 6.
245 1949 298 1993 N.
318 1950 387 1992 38.
424 1948 742 1992 Cantacuzenus
779 1949 852 1992 lib.
877 1950 912 1991 1.
942 1961 1031 2002 cap.
1052 1949 1120 1990 48.
1164 1947 1463 1991 Constantinus
1501 1946 1544 1988 in

66 2006 180 2049 Hist.
210 2005 350 2061 Apoll.
382 2005 479 2061 Tyr.
509 2004 607 2061 etc.)
637 2019 719 2060 qua
749 2004 1026 2060 appellatione
1054 2003 1390 2059 indigitabantur
1417 2002 1547 2045 Nobi-

65 2062 138 2115 les,
173 2061 247 2117 qui
271 2062 438 2105 nullum
468 2061 666 2105 Officium
694 2063 740 2104 in
760 2062 884 2113 Aula,
918 2062 994 2104 aut
1022 2060 1178 2102 Militia
1202 2059 1433 2115 Byzantina
1457 2058 1548 2100 obi-

66 2119 181 2170 bant,
203 2119 447 2173 praaeertim
469 2131 567 2162 vero
588 2119 807 2162 Nobilium
826 2119 868 2160 et
887 2118 1111 2160 Procerum
1130 2116 1221 2167 filii,
1244 2116 1361 2158 nulla
1381 2115 1547 2170 propter

66 2176 250 2218 aetatem
277 2174 489 2230 dignitate
516 2175 725 2230 insigniti.
784 2173 1140 2228 Quemadmodum
1182 2172 1293 2215 enim
1331 2171 1441 2226 apud
1473 2182 1547 2212 nos

68 2231 238 2284 Milites,
281 2244 354 2274 seu
383 2231 568 2286 Equites,
600 2231 793 2274 Domini:
839 2230 910 2284 qui
954 2231 1095 2272 autem
1139 2228 1322 2271 nondum
1367 2225 1547 2269 Militari

68 2287 212 2331 ordine
241 2287 388 2331 donati
416 2289 548 2340 erant,
580 2286 852 2343 quantumvis
887 2286 1058 2328 Nobiles
1091 2286 1132 2327 et
1159 2285 1314 2327 illustri
1340 2282 1546 2325 natalium

69 2343 299 2399 splendore,
329 2344 394 2387 vel
425 2345 540 2396 serie,
562 2344 786 2398 conspicui,
807 2341 1031 2385 Domicelli
1058 2340 1418 2395 nuncupabantur,
1437 2339 1549 2380 tam-

69 2401 397 2455 quamssminores
415 2400 600 2452 Domini,
632 2402 707 2443 aut
736 2401 845 2442 certe
864 2398 1137 2440 Dominorum
1167 2396 1309 2439 liberi:
1340 2395 1399 2437 sic
1420 2394 1547 2458 etiam

68 2457 296 2512 Byzantini
325 2457 545 2500 Nobilium
589 2470 760 2499 suorum
790 2456 831 2498 et
861 2455 1122 2496 Archontum
1151 2452 1272 2503 filios,
1319 2463 1400 2494 non
1444 2451 1549 2503 Αρ-

68 2527 236 2566 zonas,
269 2513 341 2558 sed
367 2506 779 2568 ’Λρχοντοπούλους
805 2510 1079 2565 appellarunt,
1108 2508 1310 2551 vocabulo
1339 2506 1549 2549 mixobar-

68 2570 184 2622 baro,
215 2582 299 2625 quo
327 2582 411 2613 11011
441 2571 531 2613 tam
562 2563 817 2624 ’Ἀρχοντες,
850 2579 975 2621 quam
1002 2561 1253 2619 Ἀρχόντων
1282 2563 1372 2614 filii,
1416 2574 1550 2626 quan·

68 2625 205 2680 doque
233 2626 365 2669 etiam
392 2626 604 2670 inferioris
634 2626 794 2669 ordinis
814 2617 1055 2677 ’Ἀρχοντες
1085 2621 1336 2664 indicantur.
1370 2618 1550 2683 ‚Termi-

70 2682 187 2725 natio
218 2682 328 2726 enim
359 2682 539 2734 πουλος,
570 2696 642 2726 seu
672 2681 835 2731 πωλος,
882 2678 1178 2721 vocabulorum
1222 2676 1382 2719 notiom
1427 2673 1550 2728 quid·

68 2738 182 2793 piam
211 2738 411 2791 detrahit,
449 2740 620 2794 vimque
657 2739 784 2782 habet
827 2734 1054 2778 minuendi.
1126 2733 1378 2787 Plerumque
1420 2730 1549 2772 etiam

0 2816 11 2834 ε.
69 2793 207 2845 filium
236 2794 468 2851 significan
506 2796 568 2838 ita
599 2795 709 2850 apud
738 2794 943 2836 Zonaram
982 2791 1027 2832 in
1054 2789 1365 2845 Bulgaroctono
1396 2788 1550 2841 Κομη-

0 2854 1 2859 ’
24 2886 39 2909 ;.
68 2845 287 2894 τόπουλοι
316 2852 416 2894 sunt
447 2851 659 2895 Comitum
687 2850 778 2903 filii,
815 2850 857 2892 et
871 2846 1229 2901 Humbertopulus
1257 2843 1366 2899 apud
1384 2843 1550 2885 Annam

145 2933 479 2972 Ano-aeonem
534 2935 592 2971 ΙΙ.
1254 2929 1298 2963 37
