1734 3120
275 186 441 219 ANNAE
471 185 619 218 COMN.
650 183 916 217 ALEXIADIS
948 184 1041 216 LIB.
1070 184 1173 217 XIII.
1210 179 1240 217 l.
1426 177 1504 216 177

18 302 136 360 μένῳ
167 298 312 346 ἐδόκει
341 299 579 352 διατεθείς,
612 298 705 343 ἀλλ’
740 298 864 351 ἐντὸς
891 298 1037 342 πολλοὶ
1072 299 1178 355 περὶ
1217 295 1377 342 τούτου
1412 298 1508 342 ἑκυ-

18 371 198 427 μαίνετο
228 366 308 413 τὸν
353 365 574 428 λογισμόν.
643 367 716 411 καὶ
758 364 813 427 δὴ
840 367 935 411 δεῖν
980 365 1207 423 ἐλογίσατο
1252 358 1388 418 αὖθις
1427 368 1506 410 τοῦ

20 437 261 495 Βυζαντίου
290 436 621 494 ἐξεληλυθέναι·
654 435 765 493 μηδὲ
794 432 851 478 τὰ
879 435 971 478 κατ’
1018 429 1143 478 οἶκον
1190 435 1323 478 αὐτοῦ
1369 435 1512 487 καλῶς
1526 443 1562 478 Ρ.
1590 443 1661 480 376

18 506 134 563 πρὸς
162 501 296 550 αὗτὸν
330 503 488 560 ἔχοντα
517 501 652 548 πάλιν
681 501 893 562 διαγνούς,
922 500 1045 560 ὅμως
1073 501 1128 546 τὰ
1158 501 1267 547 κατὰ
1295 500 1350 546 τὰ
1380 497 1511 547 ἆνάκ-

0 586 127 631 Κ»τορα
156 575 229 619 καὶ
257 572 337 632 τὴν
363 573 570 629 βασιλίδα
604 575 695 616 τῶν
733 570 912 616 πόλεων
942 563 992 616 εὖ
1030 572 1297 628 διαθέμενος
1326 573 1397 615 καὶ
1428 568 1512 630 cpi·—

12 646 151 696 λακας
178 640 420 702 ἐπιστήσας
446 638 526 686 τόν
556 658 603 685 τε
638 641 772 698 μέγαν
803 637 1094 698 δρουγγάριον
1121 641 1201 683 τοῦ
1245 637 1407 684 στόλου
1439 640 1511 683 καὶ

18 712 224 769 ἐκτομίαν
267 707 523 755 Εὕστάθιον
566 707 645 753 τὸν
692 710 985 765 Κυμινειανὸν
1027 708 1102 752 καὶ
1131 706 1391 767 Νικηφόρον
1433 706 1510 751 τὸν

15 783 96 824 τοῦ
128 780 323 824 Λεκανοῦ
356 775 638 834 καλούμενον,
673 774 817 830 οὕτως
859 776 1027 829 ἐκεῖνος
1058 774 1194 831 ἔξεισι
1233 779 1313 820 τοῦ
1345 777 1510 831 Βυζαν-

16 849 113 893 τίου
142 851 238 904 μετ’
267 842 427 905 ὀλίγων
456 847 527 890 καὶ
572 848 663 890 τῶν
706 845 812 889 καθ’
858 839 971 901 αἷμα
1008 842 1153 903 τούτῳ
1191 841 1510 902 προσηκόντων

0 915 200 975 »πρώτην
227 910 416 974 ἄγοντος
435 913 574 973 μηνὸς
596 915 849 972 Νοεμβρίου
872 913 1174 974 ἐπινεμησεως
1194 912 1376 973 πρώτης
1395 913 1507 958 κατὰ

15 985 67 1030 τι)
99 985 186 1042 ἔξω
220 982 428 1043 Γεράνιον
456 983 536 1044 τὴν
564 985 858 1045 ἐρυθροβαφῆ
888 985 959 1028 καὶ
988 983 1221 1043 βασιλικήν
1249 981 1510 1039 καταλαβών

16 1053 189 1115 σκηνήν.
251 1053 409 1098 ἐδεδίει
454 1053 514 1106 δέ,
562 1050 630 1097 ὅτι
677 1053 946 1112 ἐξερχομένῳ
986 1050 1037 1098 τὸ
1069 1050 1269 1112 σύνηθες
1297 1055 1453 1109 θαῦμα
1482 1049 1508 1110 ἡ

19 1119 266 1180 Θεομήτωρ
299 1121 345 1165 ἐν
372 1121 638 1177 Βλαχέρναις
677 1115 756 1165 οὐκ
796 1121 1067 1176 ἐπεδείξατο.
1141 1119 1213 1166 διὰ
1251 1124 1386 1165 τοῦτο
1433 1120 1551 1164 ε’πὶΒ

15 1192 249 1248 τέσσαρσιν
293 1185 428 1234 αὐτοῦ
470 1207 560 1233 που
602 1187 874 1247 ἑμβραδύνας
921 1187 1100 1251 ἡμέραις
1144 1188 1269 1248 ἡλίου
1301 1186 1510 1241 δύνοντος

0 1258 96 1304 »σὺν
123 1254 234 1320 αἰτῇ
260 1257 475 1317 δεσποίνῃ
512 1258 818 1313 παλίντροπον
847 1255 938 1317 τήν
983 1258 1170 1315 πορείαν
1209 1254 1511 1316 ποιησάμενος

17 1324 199 1372 εἴσεισιν
225 1325 290 1380 εἰς
317 1324 370 1370 τὸ
398 1322 520 1383 ἱερὸν
558 1329 636 1385 τῆς
676 1324 962 1387 Θεομήτορος
1000 1328 1182 1383 τέμενος
1220 1326 1315 1383 μετ’
1351 1320 1511 1382 ὀλίγων

17 1393 276 1454 λεληθότως
305 1395 377 1438 καὶ
406 1392 489 1452 τήν
515 1392 689 1455 συνήθη
719 1396 899 1448 τελέσας
925 1395 1146 1454 ὑμνῳδίαν
1171 1396 1243 1439 καὶ
1265 1394 1511 1439 ἑκτενεστέ-

17 1483 96 1523 ρας
123 1463 206 1518 τοὶς
245 1462 416 1523 δεήσεις
461 1461 773 1521 ποιησάμενος,
817 1466 1051 1522 τηνικαῦτα
1093 1464 1386 1517 τελεσθέντος
1429 1464 1509 1507 τοῦ

17 1531 241 1594 συνήθους
271 1530 515 1589 θαύματος,
556 1529 699 1584 οὕτως
737 1530 850 1589 μετὰ
892 1534 1095 1590 χρηστῶν
1140 1531 1302 1586 ἔξεισιν
1333 1533 1511 1576 ἐκεῖθεν

0 1606 105 1649 Ιτῶν
136 1602 342 1647 ἐλπίδων.
417 1604 470 1662 τῇ
511 1601 559 1644 δὲ
601 1603 695 1657 μετ’
741 1596 877 1660 αὐτὴν
922 1603 1000 1662 τῆς
1040 1600 1157 1658 πρὸς
1186 1600 1511 1659 Θεσσαλονίκην

16 1670 180 1731 ἥψατο.
213 1671 473 1725 καταλαβών
497 1670 546 1713 δὲ
575 1669 680 1722 τοὺς
711 1667 1053 1725 Χοιροβάκχους
1085 1669 1282 1727 ἔπαρχον
1311 1666 1509 1727 Ἰωάννην

14 1739 94 1786 τὸν
129 1739 382 1797 Ταρωνίτην
421 1733 716 1795 προύβάλετο.
786 1735 893 1797 ἅνὴρ
938 1740 986 1783 δὲ
1017 1730 1147 1792 οὗτος
1189 1742 1280 1782 τῶν
1306 1733 1507 1796 εὐγενῶν,

16 1806 237 1867 νηπιόθεν
284 1805 401 1864 πρὸς
440 1803 575 1851 αὐτοῦ
619 1808 936 1867 προσληφθεὶς
974 1809 1047 1852 καὶ
1083 1804 1549 1865 ὗπογραμματεύσαςῦ

154 1897 198 1931 12
221 1908 274 1942 sq.
299 1894 341 1930 τὸ
368 1892 527 1939 σύνηθες
553 1895 683 1942 θαῦμα
709 1893 739 1950 ἡ,
757 1892 955 1942 θεομήιωρ
983 1895 1024 1930 ἐν
1051 1896 1272 1941 βλαχέρναις
1298 1893 1339 1937 F,
1371 1892 1392 1938 ἡ
1419 1895 1510 1928 Θεο-

148 1941 276 1992 μήτωρ
301 1945 344 1980 ἐν
369 1946 604 1991 Βλαχέρναις
625 1942 666 1978 τὸ
695 1948 854 1985 συνηθες
878 1944 1009 1991 θαῦμα
1034 1943 1075 1978 P.
1188 1944 1244 1978 14.
1269 1939 1446 1981 δύναντος
1471 1941 1509 1977 C.

154 1995 207 2029 17.
238 1995 494 2039 ἐκτενεστέρας
520 1992 592 2034 FC,
618 1993 894 2038 ἔκτενεεστὲρας
918 1991 959 2028 Ρ.
1123 1992 1179 2026 19.
1205 1992 1340 2031 ἔξεισιν
1364 1992 1511 2026 ἐκεῖθεν

150 2042 193 2085 F,
221 2043 369 2077 ἐκεῖθεν
396 2042 505 2081 ἔξεισι
530 2041 568 2076 P.
717 2042 775 2076 22.
800 2037 1030 2087 προύβάλετο
1059 2040 1101 2085 F,
1125 2033 1376 2086 προύβάλλετο
1403 2039 1444 2075 P.

15 2114 168 2150 omnino
201 2126 334 2150 curare
356 2113 562 2159 videretur,
595 2114 775 2160 gravibus
801 2116 926 2148 tamen
957 2113 1073 2147 animi
1108 2110 1425 2147 sollicitudinibus
1458 2109 1510 2145 af-

2 2162 137 2199 ‹fectus
178 2166 270 2199 erat.
321 2175 364 2198 ac
401 2164 566 2208 primum
604 2162 772 2197 omnium
806 2161 988 2208 Byzantio
1027 2173 1104 2196 esse
1140 2160 1263 2195 denuo
1298 2158 1509 2195 abeundum

0 2211 132 2256 iratus,
157 2223 382 2258 quamquam
409 2212 562 2247 minime
588 2211 661 2246 sibi
674 2211 798 2246 favere
818 2209 1020 2245 domestica
1038 2210 1160 2245 denuo
1182 2208 1369 2255 cognovit,
1385 2211 1510 2242 tamen

0 2255 231 2306 {compositis
275 2260 406 2306 palatii
444 2259 670 2306 urbanisque
717 2260 830 2295 rebus
869 2270 911 2293 ac
955 2270 1090 2305 magno
1130 2257 1255 2293 classis
1290 2256 1510 2302 drungario,

0 2308 215 2358 {Eustathio
242 2309 466 2355 Cymineano
494 2309 676 2352 eunucho,
717 2311 754 2343 et
788 2306 1013 2352 Nicephoro‚
1053 2318 1162 2352 quem
1196 2306 1332 2341 Decani
1367 2305 1511 2349 dicunt,

0 2353 233 2407 [custodibus
258 2358 455 2404 impositis,
480 2357 649 2393 discessit
662 2356 843 2403 Byzantio
869 2356 997 2401 paucis
1022 2359 1170 2390 tantum
1197 2355 1316 2400 iisque
1339 2352 1510 2400 cognatis

0 2406 282 2443 &comitantibus
319 2411 356 2441 et
381 2406 544 2441 calendis
569 2405 661 2452 ipsis
684 2404 959 2441 Novembribus
984 2403 1191 2439 indictione
1215 2403 1338 2449 prima
1363 2403 1409 2437 ad
1440 2401 1509 2436 Ge-

0 2455 164 2490 {ranium
202 2459 310 2490 extra
347 2456 479 2490 urbem
519 2465 751 2500 purpureum
798 2453 933 2488 statuit
969 2453 1189 2499 regiumque
1213 2450 1507 2486 tabernaculum.

0 2494 81 2539 {Ksed
113 2506 216 2539 metu
254 2504 480 2549 perterritus
505 2507 597 2548 erat,
631 2502 732 2549 quod
758 2501 910 2538 exeunt-i
940 2504 1160 2537 consuetum
1186 2499 1407 2535 miraculum
1432 2498 1508 2534 dei-

10 2565 54 2581 w
92 2566 99 2582 τ
145 2554 184 2587 in
225 2552 442 2588 Blachernis
477 2563 553 2588 non
578 2551 802 2587 ostenderat.
854 2550 1095 2596 quamobrem
1130 2549 1208 2584 dies
1233 2548 1310 2584 illic
1341 2550 1510 2583 moratus

3 2603 180 2641 „cuatuor
205 2600 293 2636 solis
319 2612 450 2636 occasu
474 2601 612 2636 itinere
645 2612 731 2635 cum
768 2599 919 2635 domina
954 2598 1118 2644 repetito
1155 2608 1300 2633 sacrum
1335 2596 1511 2642 deiparae

42 2649 199 2695 ·mplum
238 2649 508 2685 comitantibus
547 2649 675 2694 paucis
711 2649 806 2684 clam
844 2647 972 2682 subiit.
1046 2647 1101 2681 ibi
1141 2645 1326 2681 consuetis
1363 2644 1511 2691 hymnis

12 2697 90 2737 .‘te
128 2698 291 2743 peractis
329 2699 585 2743 attentiusque
617 2697 727 2733 factis
767 2695 1047 2742 precationibus
1073 2694 1237 2741 contigit
1262 2694 1413 2729 solitum
1444 2693 1510 2727 mi·

7 2761 49 2781 ε
82 2745 184 2781 ulum
225 2749 264 2782 et
300 2747 438 2782 eximia
474 2757 538 2793 spe
578 2746 696 2781 elatus
739 2745 835 2780 abiit
871 2756 913 2780 ac
945 2747 1096 2788 postero
1121 2742 1183 2778 die
1213 2742 1509 2777 Thessalonicam

11 2794 139 2834 51“n-tiit.
197 2794 501 2831 Choerobacehos
544 2793 735 2840 profectus
776 2794 865 2828 huic
902 2792 1041 2838 oppido
1078 2791 1254 2827 Ioannem
1293 2790 1509 2826 Taronitam

1 2843 247 2889 raeposuit,
283 2844 407 2879 virum
447 2843 566 2880 nobili
603 2843 684 2879 loco
725 2845 866 2881 natum,
906 2853 928 2876 a
965 2851 1084 2886 puero
1116 2841 1155 2875 in
1181 2841 1300 2886 ipsius
1331 2839 1511 2874 familiam

105 2915 222 2951 Arma
244 2915 439 2951 Oomnena.
491 2915 546 2951 ΙΙ.
1234 2912 1276 2946 12
