1806 3132
286 197 371 249 4'98
810 209 988 250 cARoLI
1020 212 1261 250 DUCANGII

284 331 330 373 in
377 330 552 374 dubium
596 329 738 373 vocari
781 331 931 385 potest,
977 330 1159 373 fueritne
1203 330 1252 385 in¹
1289 330 1397 373 vivis
1443 330 1637 381 Michael,
1683 344 1778 375 cum

285 387 594 443 Dyrrachinam
638 386 896 431 obsidionem
941 400 1164 443 aggressus
1210 387 1273 430 est
1315 387 1537 430 Robertus.
1602 388 1713 431 Nam
1745 390 1779 432 si

286 445 518 487 etiamnum
563 444 770 499 superstes
815 444 975 497 fuisset,
1018 444 1087 486 vix
1133 444 1196 486 est
1240 444 1288 486 ut
1333 444 1528 486 credatur
1558 445 1778 489 Rectorem

284 501 397 545 hunc
426 501 679 545 Monachum
709 513 755 543 eo
796 501 956 544 venisse
998 500 1296 555 impudentiae,
1340 501 1388 542 111
1417 501 1667 544 Michaelem
1707 516 1780 545 ne-

284 557 386 601 dum
412 558 656 610 extinctum,
688 557 885 612 effingere
914 557 1109 600 voluerit.
1180 557 1341 600 Deinde
1383 557 1427 599 id
1473 558 1623 600 saltem
1667 559 1779 601 indi-

285 615 432 667 casset,
463 615 530 658 vel
560 615 671 657 certe
699 627 781 657 non
812 614 996 656 siluisset
1027 614 1166 656 Anna.
1229 613 1325 667 Scio
1364 613 1589 669 Scylitzem
1625 616 1779 659 referre

283 671 534 714 Michaelem
563 684 588 714 a
610 671 841 714 Botaniata
862 671 1055 714 exactum
1075 671 1120 712 in
1140 671 1397 714 Monasterio
1418 671 1626 714 Manuelis
1645 673 1778 715 vitam

284 727 525 783 produxisse
555 740 687 783 usque
717 728 770 770 ad
800 727 937 770 Alexii
967 728 1170 781 tempora,
1204 741 1228 770 a
1261 740 1342 782 quo
1386 727 1567 782 benigne
1609 729 1779 772 habitus

284 785 359 838 est,
390 797 520 838 eoque
541 785 774 839 imperante
793 785 971 827 mortem
992 784 1153 827 obiisse.
1187 784 1343 827 Verum
1367 785 1445 827 1166
1474 785 1518 827 in
1539 798 1583 828 re
1602 785 1780 830 fidemne

283 842 493 885 mereatur
522 841 736 896 Scythes,
769 841 950 883 aliorum
981 841 1068 884 esto
1098 841 1317 883 iudicium.

40 908 271 957 Pag.105.B
419 897 679 954 Σουλτάνῳ]
732 897 1001 953 Solymanno,
1034 897 1255 941 Nicaeensi
1294 898 1549 952 Toparehae,
1599 912 1776 954 quocum

283 955 408 1011 paulo
440 956 538 999 ante
565 955 710 998 foedus
739 954 956 1010 pepigerat
986 954 1172 997 Alexius.
1218 954 1326 997 Vide
1355 968 1450 1010 pag.
1472 956 1540 998 97.

239 1021 270 1056 B
423 1007 537 1063 Τοὺς
566 1008 850 1064 Βενετικούς]
885 1012 1067 1054 Venetos
1097 1011 1141 1053 in
1171 1011 1375 1054 auxilium
1397 1010 1651 1055 Graecorum
1673 1013 1779 1056 6661-

281 1069 347 1112 106
377 1070 554 1112 116116111
586 1069 712 1134 etiam
731 1067 859 1112 Guill.
876 1068 1003 1133 Apul.
1023 1068 1253 1133 Malaterra
1281 1068 1355 1111 lib.
1377 1070 1415 1111 3.
1447 1081 1537 1123 cap.
1557 1070 1624 1112 26.
1662 1069 1781 1113 Ano-

241 1125 1120 1239 Bnymusslqffzlggvngsszvetfflscgffissosugueffi.
1144 1125 1578 1237 {iliiljbdullcideVlellffdtliis
1600 1183 1778 1226 caerulei

284 1239 440 1283 colores
471 1239 621 1283 fierint.
683 1239 931 1294 Anonymus
962 1238 1165 1306 Scriptor,
1198 1235 1250 1280 τὸ
1287 1235 1484 1291 Βενετόν,
1519 1233 1612 1281 ἀπὸ
1645 1242 1780 1282 Βενε-

281 1294 378 1347 τίας
406 1290 671 1350 ὠνόμασται,
706 1294 752 1339 ἐν
781 1285 808 1355 ᾗ
834 1294 998 1351 γίνεται
1027 1310 1082 1336 τα
1111 1296 1252 1338 κυανᾶ
1280 1291 1506 1350 χρώματα.
1563 1296 1679 1339 Adde
1699 1298 1779 1340 Isi-

281 1353 429 1396 dorum
458 1353 530 1396 lib.
557 1354 621 1397 19.
653 1353 768 1409 Orig.
794 1365 883 1408 cap.
904 1353 966 1395 17.
999 1353 1040 1395 et
1059 1353 1286 1407 Vegetium
1316 1353 1389 1396 lib.
1407 1354 1445 1396 5.
1470 1366 1558 1408 cap.
1578 1354 1615 1396 7.
1651 1354 1776 1406 Male,

279 1410 421 1465 inquit
442 1410 720 1462 Alamannus,
752 1423 851 1453 nam
881 1410 981 1452 ante
1009 1410 1200 1452 conditas
1221 1410 1420 1453 Venetias
1442 1410 1486 1452 id
1509 1423 1658 1463 nomen
1682 1411 1776 1462 fuit,

280 1479 377 1509 cum
399 1467 623 1510 Suetonius
641 1467 826 1510 Venetae
847 1467 1064 1509 Factionis
1094 1466 1334 1514 meminerit
1367 1467 1412 1509 in
1430 1467 1574 1510 Vitell.
1598 1480 1687 1522 cap.
1711 1468 1775 1510 14.

280 1524 348 1567 Ita
377 1536 476 1567 sane
505 1524 541 1567 si
561 1524 759 1567 Venetias
802 1523 1024 1566 hodiernae
1054 1523 1283 1578 intelligat.
1359 1523 1419 1566 At
1463 1523 1633 1566 fuerunt
1677 1525 1776 1567 ante

280 1580 529 1624 Suetonium
571 1594 655 1624 non
675 1580 826 1624 Veneti
866 1580 1002 1632 modo,
1047 1580 1117 1623 sed
1161 1581 1202 1623 et
1225 1580 1439 1633 Venetiae,
1472 1581 1583 1636 quod
1627 1594 1777 1624 nomen

279 1637 486 1692 reperitur
529 1638 641 1693 apud
671 1638 851 1690 Livium,
884 1637 1086 1688 Plinium,
1119 1637 1306 1686 Florum,
1327 1637 1537 1680 Velleium
1587 1638 1629 1680 et
1656 1638 1775 1690 alios,

282 1707 386 1749 quos
414 1694 562 1738 laudat
591 1695 636 1737 in
662 1695 791 1738 Italia
821 1707 896 1737 sua
918 1694 1028 1736 Phil.
1051 1693 1270 1737 Cluverius
1300 1694 1373 1737 lib.
1394 1695 1429 1736 1.
1462 1707 1551 1749 cap.
1569 1695 1634 1738 17.
1668 1695 1775 1737 Vide

279 1751 494 1806 praeterea
525 1752 708 1795 Paulum
728 1751 987 1794 Warnefrid.
1018 1751 1068 1793 de
1090 1749 1205 1794 Gest.
1227 1751 1412 1806 Langob.
1443 1751 1516 1794 lib.
1536 1752 1575 1794 2.
1600 1764 1687 1806 cap.
1708 1753 1772 1795 14.

281 1808 322 1850 et
355 1807 398 1851 S.
422 1808 652 1864 Augustin.
681 1808 754 1852 lib.
777 1809 815 1851 6.
846 1808 992 1851 6011116
1013 1808 1218 1850 Faustum
1241 1808 1534 1851 Manichaeum
1566 1821 1654 1863 cap.
1676 1810 1716 1851 8.

32 1873 120 1920 Pag.
136 1875 215 1910 106.
234 1874 267 1909 A
415 1861 770 1922 Πελαγολιμένα]
819 1865 997 1908 Ρο1111111
1044 1864 1089 1906 111
1132 1864 1241 1907 111611
1289 1865 1379 1919 ipso
1423 1865 1650 1918 faciebant,
1700 1866 1776 1908 6111

281 1921 447 1976 quando
478 1923 666 1966 cessante
710 1922 836 1965 vento
882 1921 1068 1977 proximo
1116 1921 1254 1964 littori
1285 1934 1412 1964 naves
1441 1921 1663 1965 admovere
1692 1935 1773 1965 non

279 1979 486 2032 poterant,
515 1980 564 2021 ut
591 1979 660 2022 hic
692 1979 803 2034 apud
835 1978 1029 2029 Annam:
1069 1978 1145 2021 aut
1173 1978 1209 2020 si
1239 1978 1284 2020 in
1314 1978 1407 2022 loca
1437 1979 1698 2033 importuosa
1733 1980 1775 2022 et

280 2047 455 2079 arenosa
490 2036 740 2079 inciderant.
815 2036 933 2079 Tunc
978 2035 1088 2078 enim
1132 2035 1294 2078 maiora
1337 2035 1510 2091 navigia
1552 2035 1597 2078 in
1646 2049 1774 2079 unam

279 2091 440 2145 seriem,
474 2092 516 2135 in
545 2093 723 2147 speciem
753 2093 896 2135 Lunae
935 2092 1169 2144 crescentis,
1203 2091 1422 2142 ordinata;
1467 2105 1598 2147 eaque
1642 2093 1774 2136 saccis

279 2160 406 2192 arena
436 2150 653 2205 completis
682 2150 727 2192 in
757 2149 929 2192 modum
962 2149 1169 2192 anchorae
1210 2149 1486 2203 pendentibus
1518 2150 1774 2192 communie-

279 2204 394 2257 bant,
426 2205 551 2261 idque
581 2205 904 2262 πελαγολιμένα
934 2207 1085 2248 ποιεῖν
1114 2205 1329 2260 appellant
1348 2205 1474 2248 Anna
1503 2206 1581 2249 hoc
1611 2206 1702 2249 loco
1733 2206 1775 2249 ct

277 2260 351 2304 lib.
374 2263 412 2304 6.
442 2275 539 2318 pag.
564 2264 657 2306 160.
690 2264 731 2307 61
763 2264 844 2306 Leo
866 2263 979 2318 Aug.
1013 2263 1058 2305 in
1079 2262 1238 2305 Tactic.
1275 2275 1362 2317 cap.
1381 2264 1447 2305 20.
1480 2262 1516 2318 ξ.
1536 2264 1629 2306 196.
1665 2263 1774 2306 Wil-

280 2317 391 2360 lelm.
425 2319 621 2375 Nangius
651 2320 695 2362 in
727 2320 767 2364 S.
801 2320 1011 2363 Ludovico
1046 2320 1344 2362 A.MCCLX1X.
1382 2318 1507 2362 Circa
1535 2334 1631 2363 vero
1662 2320 1774 2363 Solis

279 2387 470 2418 occasum
498 2378 666 2419 venitur
692 2378 749 2420 ad
777 2378 847 2421 10.
878 2376 1090 2420 milliaria
1124 2390 1264 2430 prope
1301 2380 1490 2430 portu-m,
1536 2377 1611 2420 sed
1653 2381 1771 2419 vento

278 2444 396 2474 verso
426 2433 473 2475 in
508 2434 771 2483 contrarium
826 2448 912 2477 non
951 2434 1092 2487 potuit
1135 2447 1324 2476 accessus
1369 2434 1427 2476 ad
1461 2437 1639 2488 portum
1675 2434 1773 2487 fieri

279 2490 367 2531 tota
396 2489 476 2532 die.
537 2490 765 2533 Iactantur
790 2504 889 2546 6190
920 2490 1143 2543 anchorae,
1183 2494 1222 2533 et
1252 2491 1302 2533 de
1330 2504 1416 2533 non
1449 2495 1584 2544 portu
1619 2495 1773 2545 portus

279 2544 470 2597 efficitur.
511 2546 707 2601 Respexit
727 2548 837 2590 forte
857 2547 1052 2602 Nangius
1082 2547 1188 2589 illud
1205 2546 1428 2590 Claudiani
1456 2547 1506 2590 de
1522 2547 1641 2591 Bello
1660 2547 1771 2590 Gild.

479 2602 682 2657 Efficitur
706 2608 859 2658 portus
886 2604 1069 2647 medinm
1098 2618 1227 2655 mare,
1260 2607 1429 2658 tutaque
1457 2605 1591 2647 ventis

482 2659 698 2715 Omnibus,
729 2661 894 2716 inqenti
922 2664 1220 2704 mansuescunt
1248 2665 1404 2715 stagna
1432 2674 1607 2704 recessu.

280 2713 375 2756 Huc
419 2715 547 2758 etiam
593 2718 786 2771 spectant
830 2718 905 2760 illa
937 2718 1104 2772 Vegetii
1149 2717 1221 2761 lib.
1249 2718 1288 2760 5.
1335 2730 1423 2772 cap.
1455 2717 1533 2761 ult.
1585 2718 1706 2772 Quod
1733 2717 1772 2760 si

278 2770 443 2814 cautela
470 2772 651 2816 hostium
679 2776 845 2817 evitatis
873 2775 1047 2818 insidiis
1069 2774 1241 2829 publico
1260 2774 1407 2818 Marte
1442 2775 1652 2830 eonsliqat,
1672 2779 1772 2818 tunc

278 2826 547 2871 liburnarnm
575 2830 849 2875 instruendae
875 2835 974 2874 sunt
1003 2832 1124 2885 acies,
1146 2845 1232 2874 non
1254 2832 1449 2885 directae,
1471 2832 1584 2876 utin
1610 2845 1768 2887 campo,
