1768 3152
212 223 265 262 26
723 230 887 264 ΑΝΝΑΕ
918 231 1186 265 COMNENAE

326 353 364 391 5.
438 348 527 391 Καὶ
578 344 736 404 μικρὸν
781 343 939 390 ἑαυτὸν
983 340 1338 405 ἀνακτησάμενος
1389 350 1480 391 τῶν
1529 347 1711 391 πολλῶν

210 413 412 474 μόχθων,
459 417 558 461 ἐπεὶ
602 413 708 468 τοὺς
746 413 972 472 Τούρκοινς
1006 413 1061 458 τὰ
1090 414 1213 468 ἐντος
1244 415 1464 469 Βιθυνίας
1505 415 1710 472 κατατρέ-

211 502 367 539 χοντας
397 476 495 542 εὗρε
528 486 601 529 καὶ
630 485 914 543 ληϊζομένους
944 481 1131 536 ἅπαντα,
1153 487 1243 528 τῶν
1272 486 1461 529 δυτικῶν
1504 482 1713 543 πραγμά-

211 571 301 597 των
332 553 379 598 ἐκ
409 554 607 611 θατέρου
639 554 803 610 μέρους
834 551 950 610 πρὸς
980 550 1113 597 ἑαυτὰ
1134 553 1464 611 ἐπισπωμένων
1484 550 1563 598 τὸν
1582 547 1714 597 αὖτο-

970 618 992 635 n

211 619 418 679 κράτορα,
461 623 601 666 πλέον
655 622 701 666 ἐν
739 619 917 675 τούτοις
962 639 987 680 η
1036 622 1081 666 ἐν
1125 622 1309 675 ἐκείνοις
1355 621 1532 679 κάμνων
1579 619 1749 679 (πρδς5

211 689 291 749 γὰρ
326 689 378 736 τό
427 695 691 748 κατεπεῖγον
734 691 902 747 μᾶλλον
933 687 956 734 ὃ
989 687 1129 743 πόνος
1171 682 1239 750 ἦν)
1282 690 1483 735 ἐπίνοιαν
1523 691 1714 735 ἐπινοεῖ-

211 778 283 805 ται
327 758 445 817 μάλα
488 758 787 818 μεγαλουργὸν
831 760 902 804 καὶ
949 754 1074 814 ἀξίαν
1112 761 1195 816 τῆς
1240 759 1409 803 ἐκείνου
1456 763 1602 818 ψυχῆς
1642 760 1715 804 καὶ

213 828 329 886 πρός
359 825 604 888 ἀσφάλειαν
620 829 838 881 Βιθυνίας
859 823 1165 887 ἅποταφρεύει
1201 826 1280 881 τὰς
1300 828 1479 872 ἐκείνων
1502 830 1713 884 καταδρο-

214 896 300 954 μὰς
329 895 403 942 διὰ
432 894 638 956 τοιαύτης
667 900 949 955 κατασκευῆς.
1004 891 1127 952 ἄξιον
1157 897 1205 941 δὲ
1235 897 1308 940 καὶ
1339 894 1417 958 τὴν
1445 895 1716 955 κατασκευὴν

173 969 383 1026 Βέκείνην
411 965 721 1027 διηγήσασθαι.
782 964 805 1011 ὁ
838 965 917 1024 γὰρ
949 964 1162 1024 Σάγγαρις
1192 963 1398 1023 ποταμὸς
1425 963 1546 1027 καὶὴ
1577 984 1716 1023 παρα·
1733 975 1768 1008 1(

215 1038 287 1082 λιά
317 1035 343 1097 ἡ
375 1037 501 1094 μέχρι
529 1039 609 1080 τοῦ
644 1036 811 1092 χωρίου
849 1036 1002 1094 Χηλῆς
1031 1034 1252 1088 ἷθυτενῶς
1279 1035 1615 1095 καταφερομένη
1645 1035 1718 1078 καὶ

213 1104 389 1166 ἡπρὸς
433 1109 600 1163 βορρᾶν
644 1100 995 1162 ἄνακόιμπτουοα
1039 1103 1210 1165 πολλὴν
1254 1103 1383 1150 ἔνδον
1412 1104 1719 1161 περικλείουσι

211 1173 370 1232 χώραν.
429 1172 590 1233 ταύτην
618 1175 766 1218 τοίνυν
796 1172 876 1233 τὴν
915 1171 1062 1231 χώραν
1092 1174 1284 1233 πονηροὶ
1311 1173 1505 1231 γείτονες
1543 1169 1719 1231 γεγονό-

211 1262 285 1298 τες
315 1242 419 1305 ἡμῖν
446 1240 668 1288 οἶνέκαθεν
697 1241 738 1288 οἱ
769 1246 849 1288 τοῦ
880 1239 1054 1302 Ἰσμαηλ
1083 1241 1193 1287 κατὰ
1223 1241 1394 1302 πολλὴν
1425 1242 1608 1300 ἐρημίαν
1628 1244 1718 1286 τῶν

212 1312 475 1358 κωλυόντων
513 1310 586 1357 διά
625 1330 673 1357 τε
706 1313 1032 1371 Μαριανδηνῶν
1074 1312 1146 1356 καὶ
1176 1315 1266 1356 τῶν
1312 1311 1428 1368 πέρα
1457 1308 1718 1369 Σαγγάρεως
1734 1320 1768 1354 15

213 1383 377 1441 ῥᾳδίως
408 1382 715 1440 κατεληΐζοντο
746 1382 819 1425 καὶ
848 1382 1015 1432 μᾶλλον
1044 1378 1123 1439 τὴν
1151 1377 1435 1438 Νικομήδους
1470 1379 1718 1434 ἑπέθλιβον

212 1450 290 1496 τόν
321 1449 526 1508 ποταμόν
555 1448 965 1508 διαπεραιούμενοι.
1019 1448 1098 1509 τὴν
1140 1447 1348 1508 τοιαύτην
1387 1448 1536 1492 τοίνυν
1577 1445 1717 1507 ὁρμὴν

214 1515 486 1565 οἷνακόπτων
529 1523 619 1564 τῶν
648 1516 886 1577 βαρβάρων
918 1517 941 1564 ό
982 1517 1189 1572 βασιλεὺς
1229 1519 1301 1563 καὶ
1338 1517 1418 1578 τὴν
1456 1521 1534 1577 τῆς
1570 1514 1716 1574 χώρας

215 1586 496 1646 καταδρομήν
525 1589 598 1632 καὶ
627 1586 818 1645 μάλιστα
845 1587 923 1648 τὴν
942 1586 1224 1647 Νικομήδους
1252 1582 1609 1648 ἀσφαλιζόμενος
1638 1603 1716 1629 κα-

213 1658 393 1714 τωτέρω
424 1660 502 1716 τῆς
536 1654 714 1715 Βαάνης
744 1658 898 1715 λίμνης
924 1655 1203 1716 μακρότατον
1232 1651 1401 1714 ι’)’ρυγμα
1433 1652 1624 1700 κατιδων
1644 1655 1717 1698 καὶ
1731 1664 1768 1699 2(

351 1741 382 1775 2.
408 1735 547 1786 μόθων
572 1739 613 1775 F.
811 1741 844 1774 4.
873 1737 982 1774 ἑαυτὰ
1010 1739 1085 1783 FC,
1112 1737 1243 1775 ἑαυτὸν
1265 1739 1304 1774 Ρ.
1438 1738 1719 1784 ἐπισπωμένων

349 1788 506 1834 scripsi:
533 1784 804 1834 ἐπισπώμενον
825 1788 863 1824 Ρ.
1000 1790 1034 1824 5.
1058 1784 1206 1834 κάμνον
1230 1788 1273 1824 G.
1401 1788 1434 1822 8.
1463 1782 1716 1833 καταδρομὰς]

350 1838 450 1884 δρομ
477 1837 516 1872 in
543 1849 616 1872 ras.
642 1849 691 1872 m.
717 1838 750 1871 2.
779 1837 819 1872 F.
977 1839 1009 1873 9.
1038 1835 1112 1881 d'v'y‘?
1274 1836 1327 1871 11.
1355 1837 1646 1884 καταφερομένη
1673 1834 1716 1875 F,

350 1881 658 1933 καταφερόμενος
682 1885 721 1921 Ρ.
898 1887 952 1920 12.
985 1882 1284 1933 ἇνακιὲμπτουσα
1311 1884 1348 1929 C,
1372 1879 1650 1932 ἄνακάμπουσα
1676 1883 1716 1918 Ρ.

351 1936 594 1981 περικλείεται»
619 1934 689 1970 CG.
849 1936 905 1971 14.
932 1931 1120 1971 ἀνέκαθεν
1145 1935 1188 1980 F,
1214 1946 1286 1970 om.
1314 1933 1354 1970 P.
1508 1933 1566 1968 15.
1592 1936 1717 1977 Μαρι-

350 1983 524 2027 ανδηνῶν
553 1983 627 2028 CG,
656 1982 948 2029 Μαρυιινδηνιῦν
972 1983 1013 2020 P.
1193 1984 1247 2018 16.
1271 1981 1355 2022 τοὺς
1379 1982 1439 2026 τῆς
1463 1981 1720 2039 Νικομηδείας

351 2031 423 2068 CG.
549 2033 763 2076 ἐπέθλοβον
788 2031 830 2067 G.
1022 2034 1075 2068 18.
1102 2027 1328 2067 ἀνακόπτων
1351 2032 1426 2066 τῶν
1451 2035 1650 2077 βαρβαρων
1673 2029 1717 2075 F,

347 2081 423 2117 τῶν
449 2077 648 2128 βαρβάρων
672 2077 897 2117 ἀνακόπτων
920 2081 959 2117 Ρ.
1110 2082 1165 2117 19.
1193 2078 1452 2128 Νικομήδειαν
1478 2079 1521 2115 G.

313 2171 346 2204 5.
398 2169 449 2204 At
474 2170 539 2205 vix
563 2169 758 2215 paululum
785 2181 804 2205 e
831 2169 959 2205 multis
984 2170 1042 2205 his
1059 2170 1252 2205 laboribus
1275 2167 1449 2213 refectus,
1478 2179 1563 2204 cum
1578 2166 1719 2203 Turcas

216 2218 458 2264 comperisset
495 2218 674 2254 infestare
698 2218 914 2265 Bithyniam
955 2230 998 2254 ac
1031 2218 1206 2264 praedari
1232 2218 1369 2263 omnia,
1395 2229 1442 2253 ex
1467 2216 1587 2252 altera
1611 2218 1721 2261 parte

215 2267 327 2302 rebus
369 2266 663 2302 occidentalibus
701 2268 969 2313 imperatorem
1005 2267 1052 2302 ad
1092 2279 1131 2303 se
1167 2266 1418 2309 trahentibus,
1456 2265 1540 2311 plus
1579 2264 1719 2300 laboris

217 2315 274 2350 his
301 2327 413 2360 quam
440 2315 515 2351 illis
542 2316 763 2362 impendens
801 2316 968 2360 (maioris
1001 2316 1099 2351 enim
1126 2316 1319 2352 contentio
1347 2314 1524 2350 adversus
1552 2313 1720 2360 pericula

217 2364 393 2410 urgentia
428 2364 523 2410 erat)
562 2365 673 2410 longe
699 2366 903 2400 maximum
943 2365 1138 2401 consilium
1180 2364 1353 2410 concepit
1387 2374 1528 2409 suoque
1564 2362 1716 2408 ingenio

217 2412 481 2459 dignissimum
517 2416 630 2459 atque
657 2412 705 2448 ad
733 2413 948 2460 Bithyniam
974 2413 1172 2449 tutandam
1200 2413 1352 2449 illorum
1389 2411 1624 2447 incursiones
1649 2411 1719 2447 hac

218 2462 366 2497 ratione
392 2462 562 2497 arcebat:
600 2463 730 2508 paucis
755 2463 855 2498 enim
883 2463 976 2498 libet
1002 2474 1082 2498 eam
1110 2474 1303 2508 exponere.
1358 2473 1401 2497 ac
1435 2459 1610 2507 Sangaris
1636 2460 1719 2505 qui-

218 2510 303 2545 dem
329 2509 465 2545 fluvius
492 2514 529 2546 et
555 2522 621 2546 ora
656 2511 848 2546 maritima
886 2523 981 2557 quae
1012 2515 1116 2548 recta
1148 2523 1266 2557 usque
1299 2510 1346 2546 ad
1373 2509 1509 2546 Chelen
1537 2508 1718 2555 oppidum

220 2558 343 2594 tendit
392 2570 509 2605 eaque
547 2571 642 2605 quae
678 2559 726 2595 ad
758 2560 1053 2606 septentrionem
1088 2560 1254 2596 flectitur
1281 2570 1455 2606 magnam
1489 2558 1719 2603 amplectun-

221 2611 287 2643 tur
322 2608 537 2653 regionem3
577 2620 689 2654 quam
727 2609 767 2643 in
793 2609 1129 2655 praesidiariorum
1154 2609 1356 2655 paucitate,
1394 2608 1460 2654 qui
1483 2607 1575 2641 mali
1599 2606 1720 2641 nostri

222 2656 337 2692 vicini
364 2657 437 2691 iam
463 2668 508 2692 ex
534 2656 684 2692 diutino
711 2660 881 2703 tempore
908 2657 1000 2694 facti
1026 2661 1145 2702 erant,
1165 2657 1374 2693 ismaelitae
1389 2655 1719 2691 Mariandenorum

223 2707 261 2740 ct
286 2716 426 2749 eorum,
453 2706 517 2751 qui
546 2706 647 2740 ultra
675 2705 859 2752 Sangarin
891 2706 1080 2749 habitant,
1111 2706 1203 2742 fines
1242 2705 1350 2742 facile
1392 2704 1720 2750 depraedabantur

223 2753 470 2799 inprimisque
484 2754 742 2790 Nicomediam
765 2767 872 2790 amne
891 2756 1049 2791 traiecto
1072 2755 1303 2801 premebant.
1356 2753 1575 2800 repulsurus
1600 2753 1720 2798 igitur

222 2802 335 2837 istum
364 2802 615 2837 barbarorum
653 2803 837 2848 impetum
869 2804 1054 2849 huiusque
1080 2805 1246 2850 regionis
1271 2803 1522 2839 incursionem
1551 2805 1588 2837 et
1614 2813 1720 2847 prae-

223 2851 333 2896 cipue
359 2850 596 2886 Nicomediae
637 2852 830 2887 securitati
869 2853 1065 2888 consulens
1110 2854 1329 2898 imperator,
1365 2851 1585 2897 longissima
1621 2849 1720 2884 infra

223 2899 373 2938 Baanen
411 2899 534 2938 laeum
582 2899 679 2937 fossa
717 2900 975 2937 animadversa
1015 2904 1128 2949 atque
1170 2901 1218 2938 ad
1263 2903 1472 2937 extremum
1513 2898 1720 2947 explorata,
