1806 3132
275 219 359 263 586
791 227 968 264 CAROLI
996 225 1236 263 DUOANGII

275 345 324 388 ut
350 343 530 387 tradunt
550 342 758 387 Cedrenus
785 343 826 386 et
849 343 1107 397 Nicephorus
1129 341 1233 385 Call.
1261 341 1333 384 lib.
1352 341 1389 384 7.
1420 353 1509 395 cap.
1529 341 1596 383 50.
1631 353 1758 395 quam

275 415 300 445 a
340 401 577 444 Iustiniano
620 401 901 443 instauratam
945 399 1071 442 refert
1113 398 1340 452 Procopius
1379 397 1451 441 lib.
1477 398 1513 440 1.
1542 397 1592 440 de
1621 397 1759 440 Aedif.

276 459 379 503 Iust.
415 471 581 506 rursum
626 471 651 500 a
692 456 851 499 Basilio
881 456 1108 499 Macedone
1151 454 1365 510 Seylitzes.
1423 454 1546 497 Hanc
1589 453 1760 497 tandem

276 514 426 558 evertit
443 514 695 557 Amurathes
716 513 930 565 Sultanus,
963 513 1003 555 et
1033 525 1079 555 ex
1109 511 1327 554 ruderibus
1348 510 1542 554 Castrum
1563 510 1617 553 ad
1632 510 1760 553 Ponti

275 572 416 615 fauces
445 571 586 623 erexit,
614 572 663 612 ut
693 570 816 613 autor
847 570 908 612 est
938 570 1077 612 Ducas
1107 569 1197 611 1060
1231 568 1374 611 citato.
1421 567 1629 610 Eademne
1655 580 1761 621 quae

275 628 321 671 in
368 628 497 670 Estiis
543 627 654 682 apud
695 626 971 670 Sozomenum
1000 626 1073 668 lib.
1095 626 1134 668 2.
1166 637 1254 679 cap.
1277 625 1314 667 2.
1344 624 1388 666 111
1433 624 1606 667 dubium
1637 624 1760 666 vocat

276 685 387 728 idem
413 683 592 740 Gyllius.
650 683 896 726 Monasterii
928 681 1194 726 Sostheniani
1227 681 1383 724 mentio
1415 681 1478 723 est
1507 680 1618 735 apud
1650 679 1759 723 Con-

278 741 514 785 stantinum
533 740 578 783 in
600 740 759 783 Basilio
790 752 877 794 cap.
900 740 968 782 63.
1000 739 1041 781 et
1061 738 1258 782 Nicetam
1278 738 1323 780 in
1343 738 1475 780 Isaac.
1496 737 1569 780 lib.
1592 738 1628 780 1.
1649 737 1702 779 N.
1721 737 1759 779 6.

164 820 171 825 -
237 800 267 835 Β
414 796 561 851 Μέχρι
590 798 669 839 τοῦ
699 791 866 853 φάρου]
897 795 1051 838 Extitit
1078 795 1123 837 in
1153 795 1334 838 extremo
1366 794 1483 837 Freti
1510 794 1655 836 littore
1675 794 1762 836 Eu-

277 867 497 910 ropaeano,
529 854 641 897 haud
675 853 819 908 procul
849 866 873 896 a
905 852 1079 908 Cyaneis
1118 851 1260 906 petriS,
1290 851 1467 903 Pharus,
1506 863 1578 893 seu
1618 850 1761 901 turris,

277 912 322 954 in
351 917 434 966 qua
471 911 599 953 noctu
644 922 840 953 accensae
883 909 993 952 faces
1037 908 1331 963 navigantium
1373 908 1417 950 in
1461 907 1615 950 ostium
1645 906 1764 961 ponti

278 981 445 1011 cursum
475 967 690 1023 regebant.
759 966 897 1009 Huius
932 965 1186 1008 mentionem
1224 964 1388 1008 faciunt
1421 963 1648 1019 Dionysius
1677 963 1764 1019 By-

278 1025 444 1068 zantius
474 1025 519 1067 in
548 1023 727 1078 Anaplo,
759 1023 868 1078 apud
887 1021 998 1078 Gyll.
1029 1022 1100 1065 lib.
1123 1023 1162 1064 2.
1192 1021 1242 1064 (16
1262 1022 1386 1076 Bosp.
1407 1021 1555 1063 Thrac.
1589 1032 1678 1075 cap.
1695 1021 1762 1062 20.

278 1082 360 1125 Leo
391 1080 579 1124 Gramin.
625 1081 670 1122 in
713 1079 988 1123 Constantino
1028 1079 1184 1133 Porph.
1219 1079 1261 1121 et
1290 1077 1460 1127 Manuel
1491 1076 1762 1132 Chrysoloras

279 1138 330 1181 de
370 1137 582 1181 Laudibus
622 1137 768 1179 Novae
813 1136 971 1179 Romae
999 1148 1094 1191 pag.
1120 1136 1212 1178 120.
1258 1135 1299 1178 S.
1337 1134 1547 1177 Martinus
1590 1133 1674 1176 PP.
1718 1133 1764 1176 in

279 1194 411 1250 Epist.
443 1194 553 1249 apud
582 1193 780 1236 Anastas.
809 1193 851 1235 in
885 1192 1111 1236 Collectan.
1155 1191 1385 1247 Postquam
1428 1190 1584 1246 eyressi
1619 1204 1763 1233 sumus

279 1266 331 1295 ex
359 1264 417 1306 eo,
447 1251 557 1305 quod
572 1250 700 1293 Ieron
719 1250 887 1305 dieitur,
909 1265 935 1293 a
954 1248 1320 1302 Constantinopoli
1337 1249 1587 1303 naviyantes
1602 1245 1762 1290 Sancta

280 1308 428 1363 quinia
452 1308 566 1361 feria
589 1306 750 1350 Coenae
774 1306 953 1350 Domini
978 1306 1333 1360 pertransivimus
1357 1304 1560 1356 Pharum,
1583 1318 1667 1358 per
1694 1303 1762 1347 di-

278 1378 400 1408 versa
427 1364 521 1407 loca
558 1364 827 1415 transeundo,
868 1389 923 1395 —
960 1367 999 1406 et
1034 1361 1287 1407 Chersonem
1321 1361 1599 1416 pervenimus.
1659 1360 1766 1403 Vide

279 1421 447 1465 Leuncl.
469 1420 603 1464 Pand.
634 1433 721 1474 cap.
746 1421 839 1463 128.
872 1420 913 1463 et
933 1418 1043 1475 Gyll.
1075 1419 1125 1462 de
1144 1420 1268 1474 Bosp.
1291 1419 1390 1461 Thr.
1420 1418 1492 1461 lib.
1514 1419 1553 1460 2.
1586 1430 1676 1472 cap.
1697 1417 1765 1459 24.

240 1481 268 1518 C
414 1474 602 1532 Λίγίνου
631 1475 836 1533 πόλεως]
882 1476 1118 1531 Stephanus
1148 1470 1391 1533 Αἰγινήτην
1437 1474 1665 1527 πολίχνιον
1694 1472 1767 1516 καὶ

280 1531 485 1588 ποταμὸν
504 1532 818 1591 Παφλαγονίας
846 1533 962 1576 facit.
1007 1533 1209 1576 Eamdem
1230 1545 1316 1576 esse
1335 1532 1481 1575 urbem
1499 1544 1594 1574 611111
1612 1531 1767 1586 Aegini

279 1587 1768 1691 iiiiii.Sitiilnstssiffitissztttni‘ia{itffitmfflfiefffiiiiffiiffififfl

236 1708 268 1743 D
418 1661 671 1763 Κέραμβιν]
701 1659 1043 1748 Ρ1011101113011111111
1074 1660 1270 1746 Θ61Ξ1166
1298 1658 1554 1754 1310Ιέ01660,
1584 1701 1768 1756 Paphla-

282 1761 433 1817 goniae
462 1761 697 1814 Eustathio,
731 1761 940 1817 Oppidum
970 1759 1123 1813 Plinio,
1156 1760 1274 1803 cuius
1307 1759 1436 1802 etiam
1463 1758 1656 1801 meminit
1684 1757 1768 1800 Ar-

280 1818 424 1861 rianus
455 1818 501 1861 in
531 1818 711 1873 Periplo.
1724 1826 1728 1829 ·

49 1874 271 1922 Pag.242.A
416 1872 682 1933 Πιγκέρνην]
729 1874 950 1917 Ρ111661116.
1007 1873 1207 1929 Dignitas
1236 1872 1447 1916 Palatina.
1506 1871 1767 1927 Nicephorus

283 1931 408 1988 Greg.
439 1932 511 1975 lib.
533 1933 572 2000 6ςῖ
602 1930 792 1999 Πιγξέρν
822 1947 843 1982 ς
861 1924 1048 1998 ἶἀξίωμα
1078 1923 1153 1972 ὤν.
1201 1930 1304 1974 Vide
1338 1929 1566 1973 Glossaria.
1735 1985 1744 1993 -

240 1991 271 2026 B
422 1991 510 2031 Τον
540 2003 663 2044 αγιον
689 1987 797 2045 ηλον
874 1987 1010 2039 Ηλος,
1043 1987 1192 2030 Annae
1225 1999 1308 2030 non
1339 1986 1496 2038 clavus,
1532 1985 1604 2028 sed
1631 1997 1768 2039 cuspis

282 2046 324 2089 et
352 2045 510 2088 ferrum
535 2046 705 2089 lanceae
753 2044 911 2088 dicitur
953 2045 1032 2088 1106
1074 2044 1166 2087 1060
1199 2045 1252 2090 ,et
1294 2043 1406 2086 infra
1434 2042 1508 2085 lib.
1531 2043 1596 2085 12.
1627 2042 1668 2085 et
1701 2042 1766 2084 14.

281 2102 502 2145 Interdum
532 2102 660 2146 etiam
689 2103 780 2157 ipsa
810 2102 968 2154 lancea,
1014 2101 1063 2143 ut
1093 2101 1166 2144 lib.
1191 2101 1256 2143 11.
1315 2100 1455 2155 Igitur
1496 2098 1769 2154 Imperatoris

282 2158 479 2211 ministri,
510 2172 592 2214 quo
624 2158 874 2214 Gregorium
907 2157 1093 2201 Gabram
1130 2170 1213 2200 non
1256 2157 1346 2200 tam
1390 2156 1597 2208 fallerent,
1641 2168 1768 2210 quam

281 2216 326 2258 in
357 2227 490 2258 casses
521 2215 784 2268 conficerent,
814 2214 1045 2269 darentque
1077 2214 1231 2257 certius
1246 2213 1393 2256 Alexio
1409 2211 1574 2256 Gabrae
1605 2211 1769 2254 consilii

281 2271 331 2314 de
360 2271 463 2327 fuga
493 2273 802 2328 argumentum,
835 2271 1013 2315 suadent
1044 2270 1310 2322 adolescenti,
1332 2270 1381 2312 ut
1401 2281 1566 2312 sacrum
1582 2269 1768 2311 Lanceae

283 2327 451 2381 ferrum,
483 2341 564 2384 quo
596 2328 753 2372 Christi
781 2328 896 2371 latus
924 2327 1183 2383 perforatum
1213 2326 1410 2378 creditur,
1441 2339 1466 2369 a
1492 2325 1664 2380 Templo
1694 2325 1769 2368 ab·

283 2385 448 2428 strahat
490 2385 680 2440 colloque
720 2384 930 2439 appendat
977 2384 1075 2427 fidei
1115 2383 1217 2439 ipsis
1254 2382 1468 2426 faciendae
1513 2394 1652 2435 causa,
1698 2381 1770 2436 qui

283 2441 374 2483 tum
406 2442 496 2484 erat
523 2442 820 2496 Encolpiorum
851 2454 964 2484 usus.
1026 2440 1147 2484 Certe
1178 2453 1334 2496 magna
1374 2439 1458 2482 fuit
1488 2451 1534 2482 eo
1565 2450 1667 2482 aevo
1698 2451 1770 2480 ve-

283 2497 499 2540 neratione
530 2498 691 2540 cultum
723 2497 1089 2552 Constantinopoli
1125 2497 1249 2540 hocce
1279 2495 1526 2539 Dominicae
1556 2494 1769 2538 Passionis

283 2554 622 2606 instrumentum,
658 2554 769 2609 quod
800 2554 1102 2610 Hierosolymis
1147 2554 1191 2596 in
1234 2554 1380 2596 urbem
1423 2552 1593 2595 illatum
1623 2552 1685 2594 est
1715 2551 1766 2593 A.

284 2610 472 2674 Heraclii
501 2611 541 2653 4.
570 2612 637 2654 27.
657 2611 825 2654 Octobr.
848 2612 889 2654 et
920 2611 964 2653 in
984 2611 1099 2654 Aede
1120 2610 1332 2679 Sophiana
1359 2608 1606 2664 depositum.
1639 2608 1770 2674 01110-

286 2678 408 2708 1116011
440 2666 554 2710 Alex.
585 2668 637 2725 τῇ
667 2662 745 2723 κη’.
775 2668 854 2710 τοῦ
878 2667 1258 2722 εΥπερβερετοιιου,
1292 2663 1404 2708 κατὰ
1422 2663 1663 2719 Ῥωμαίους
1687 2666 1771 2707 Οκ-

286 2720 640 2791 τοβςίουιμηνὸξ,
673 2720 817 2790 ᾖμέρα
845 2723 899 2793 ζ’.
935 2725 988 2782 τῇ
1018 2722 1093 2766 ἐπὶ
1123 2718 1332 2781 κυριακῆν
1370 2721 1503 2773 νυκτὶ,
1547 2715 1712 2780 ἠνέχθη
1743 2717 1769 2780 ἡ

287 2793 410 2832 τιμια
434 2778 563 2835 λογχη
592 2796 684 2822 cmo
713 2780 805 2822 τῶν
833 2779 968 2835 αγίων
997 2775 1164 2832 τόπων,
1198 2781 1275 2824 etc.
1335 2780 1416 2823 Ubi
1448 2776 1604 2835 λόγχης
1644 2790 1771 2822 voca-

288 2835 387 2879 bulo
432 2835 586 2879 ferrum
619 2837 788 2881 lanceae
815 2837 947 2892 ipsius
975 2836 1095 2881 innui
1119 2837 1230 2880 infra
1255 2836 1463 2881 docemus.
1510 2836 1627 2879 Inter
1655 2834 1771 2878 Reli-
