1768 3152
215 199 271 239 44
728 206 893 241 ΑΝΝΑΕ
922 208 1189 242 COMNENAE

215 319 424 378 ληλυθώς
453 319 642 378 θώρακα
672 323 745 366 καὶ
777 322 910 381 αὐτῆς
940 320 1093 382 ἥψατο
1125 327 1203 381 τῆς
1232 325 1439 381 πλευρᾶς.
1485 321 1628 382 ἷερεύς
1664 325 1714 369 δέ

64 400 102 437 Ρ.
132 401 202 436 292
214 406 282 443 τις
314 395 515 444 Λατῖνος
544 391 903 446 τρισκαιδέκατος
932 390 1158 450 τυγχάνων
1190 396 1281 437 τῶν
1320 391 1400 437 σὺν
1429 395 1548 452 αὐτῷ
1578 411 1711 450 μαχο-

214 459 359 515 μένων
412 462 545 504 τοῦτο
591 457 873 517 θεασάμενος
937 459 1202 517 πρυμνόθεν
1260 459 1498 519 ἱστάμενος
1543 460 1713 516 πολλὰς

58 534 103 572 V.
131 528 395 583 231βολίδας
424 526 535 572 κατὰ
565 532 644 574 τοῦ
676 533 912 586 Μαριανοῦ
945 530 1210 588 ἐξέπεμψεν.
1279 525 1371 575 ἄλλ’
1413 526 1506 575 οὔδ’
1552 528 1576 574 ὃ
1611 535 1711 575 Μα-

213 595 363 655 ριανός
392 597 587 643 ἐνεδίδου
630 593 764 651 αὐτός
790 616 838 643 τε
872 598 1083 655 ἐκθύμως
1112 599 1364 656 μαχόμενος
1398 600 1470 645 καὶ
1507 603 1606 653 τοῖς
1635 600 1748 644 ὕπ’5

209 661 344 711 αὐτὸν
370 670 503 711 τοῦτο
537 665 960 725 παρακελευόμενος,
994 666 1055 721 (ὃς
1089 666 1317 724 τρισσάκις
1347 667 1458 722 τούς
1487 667 1601 726 μετὰ
1634 677 1715 714 τοῦ

209 735 409 779 Λατίνου
452 734 606 793 ἱερέως
646 735 988 795 ὑπαλλαχθῆναι
1019 737 1403 794 τιτρωσκομένους
1431 754 1479 781 τε
1523 738 1597 781 καὶ
1640 754 1711 781 κο-

209 807 418 858 πιιῦντας.
479 805 551 850 καὶ
580 801 715 858 αἰτὸς
745 807 793 850 δὲ
824 803 848 850 ὁ
882 803 1036 861 ιερεύς,
1077 823 1156 849 καν
1202 806 1371 860 πολλοῖς
1414 804 1494 859 τὰς
1539 804 1710 864 πληγὰς

208 873 468 931 δεδεγμένος
497 866 548 934 ἦν
576 875 650 918 καὶ
680 877 744 932 τῷ
776 872 876 933 ιδίῳ
907 875 1059 931 αἵματι
1081 892 1444 932 περιρρεομενος,
1474 870 1566 919 αλλ’
1590 872 1712 932 {imag

208 936 421 999 ἄτρεστος
451 934 515 1003 ἦν.
557 938 626 987 οὗ
663 960 743 1001 γαρ
774 941 886 987 κατὰ
930 961 986 988 τα
1018 938 1129 987 αὕτα
1160 941 1265 1004 ἡμῖν
1308 961 1356 988 τε
1388 945 1461 988 καὶ
1490 948 1587 997 τοῖς
1614 948 1710 988 Λα·
1729 950 1768 1003 10

165 1011 346 1064 Βτίνοις
376 1012 482 1068 περὶ
511 1014 602 1055 τῶν
632 1008 884 1068 ιερωμένων
913 1011 1143 1056 δέδοκται·
1190 1007 1282 1055 ἀλλ’
1329 1009 1457 1071 ημεῖς
1484 1030 1565 1069 μεν
1597 1012 1713 1056 ἐντε-

208 1077 415 1136 τάλμεθα
446 1077 568 1136 παρά
597 1097 646 1124 τε
677 1083 766 1124 τῶν
796 1078 993 1124 κανόνων
1029 1080 1101 1124 καὶ
1123 1077 1272 1137 νόμων
1292 1081 1364 1124 καὶ
1394 1084 1475 1125 τοῦ
1497 1076 1712 1139 εὗαγγελι-

209 1150 296 1191 κοῦ
326 1145 546 1205 δόγματος
588 1146 676 1208 “μὴ
707 1149 853 1208 θίξῃς,
884 1145 943 1206 μὴ
982 1145 1151 1208 γρύξῃς,
1191 1146 1251 1207 μὴ
1296 1147 1425 1210 ἅψῃ·
1474 1146 1714 1206 ἶερωμένος

209 1214 288 1273 γὰρ
320 1212 408 1274 εἶ”,
469 1214 493 1262 ὁ
541 1217 590 1261 δέ
620 1234 691 1261 τοι
734 1215 960 1274 βάρβαρος
989 1221 1191 1270 Λατῖνος
1221 1214 1311 1274 ἅμα
1340 1235 1388 1262 τε
1419 1216 1473 1262 τὰ
1500 1222 1605 1263 θεῖα
1634 1236 1710 1276 με-

207 1289 491 1342 ταχειριεῖται
522 1286 594 1330 καὶ
625 1283 703 1346 τὴν
734 1281 904 1330 ἀσπίδα
935 1284 1013 1330 ἐπὶ
1045 1288 1124 1329 τοῦ
1171 1287 1297 1330 λαιοῦ
1329 1287 1524 1342 θέμενος
1554 1287 1626 1331 καὶ
1655 1284 1707 1332 τό
1729 1295 1768 1330 15

208 1351 317 1411 δόρυ
362 1357 416 1414 τῇ
459 1355 582 1414 δεξιᾷ
625 1352 1017 1412 ἐναγκαλισάμενος
1061 1353 1177 1411 ὁμοῦ
1221 1372 1269 1399 τε
1309 1356 1581 1412 μεταδίδωσι
1628 1359 1709 1399 τοῦ

209 1423 341 1466 θείου
372 1419 582 1478 σώματός
612 1440 659 1467 τε
691 1423 763 1467 καὶ
794 1425 981 1480 αι’ματος
1011 1424 1082 1467 καὶ
1110 1420 1270 1483 φόνιον
1303 1422 1387 1485 ορᾷ
1417 1425 1489 1469 καὶ
1512 1422 1711 1481 αἱμάτων

208 1486 319 1549 ανὴρ
352 1489 462 1534 κατὰ
503 1508 581 1534 τον
611 1492 847 1536 Δαυιτικὸν
881 1490 1062 1549 ψαλμον
1092 1493 1268 1550 γί.1εται
1345 1490 1488 1547 ου’τως
1533 1493 1627 1538 εστὶ
1656 1491 1707 1538 τὸ

212 1557 438 1616 βάρβαρον
468 1563 601 1604 τοῦτο
633 1560 756 1618 γένος
805 1557 885 1616 οὐχ
915 1551 1048 1620 ἧττον
1080 1558 1302 1643 ιερατικόν
1330 1558 1358 1621 ἢ
1387 1560 1711 1621 φιλοπόλεμον.

214 1645 345 1681 ουτος
372 1627 520 1671 τοίνυν
551 1623 732 1687 ορέκτης
762 1626 976 1685 μᾶλλον’
962 1626 988 1686 ἡ
1019 1626 1163 1685 ἳερευς
1204 1627 1317 1686 ομοῦ
1361 1647 1409 1674 τε
1440 1631 1511 1674 καὶ
1541 1628 1620 1689 τὴν
1651 1627 1768 1677 {ts-20

174 1694 393 1757 Ορατικὴν
422 1695 583 1756 στολὴν
613 1695 779 1742 ενεδιδι
773 1714 913 1742 σκετο
946 1698 1019 1742 καὶ
1062 1695 1145 1756 τήν
1191 1696 1349 1757 κώπην
1390 1700 1711 1755 μετεχειρίζετο

213 1766 287 1809 καὶ
317 1763 435 1822 πρὸς
463 1764 667 1810 ναυτικὸν
696 1763 899 1822 πολεμον
929 1768 1001 1811 καί
1031 1764 1173 1825 μάχην
1203 1762 1378 1827 αφώρα,
1408 1765 1519 1812 κατὰ
1550 1762 1716 1812 ταυτὸν

214 1835 286 1879 καὶ
316 1832 517 1894 θαλάττῃ
550 1836 622 1879 καὶ
652 1831 839 1892 ανδράσι
870 1853 1131 1892 μαχομενος.
1181 1834 1236 1880 τὰ
1262 1853 1341 1909 γαρ
1373 1834 1580 1895 ἡμέτερα,
1600 1840 1712 1880 καθ-

348 1952 380 1985 9.
422 1954 710 2008 περιρρέοιιενος
743 1951 820 1996 FA,
862 1948 1128 2000 περιρεόμενος
1153 1952 1191 1988 Ρ.
1366 1953 1422 1988 11.
1460 1947 1712 2009 {metuam-9⁶4

349 1998 455 2041 FCG,
481 1983 789 2047 ἔντεταγμεῖαΡ.
949 2002 1002 2036 17.
1031 2013 1067 2036 τε
1091 2013 1163 2038 om.
1179 2002 1222 2037 G.
1395 2002 1453 2037 23
1471 1997 1642 2049 θαλάττῃ
1670 2001 1713 2045 F,

349 2045 522 2097 θαλάσσῃ
549 2048 587 2084 P.
1373 2076 1376 2079 -

211 2140 414 2187 perforatis
453 2142 591 2188 sagitta
618 2143 697 2178 eius
723 2143 834 2179 lateri
860 2143 1085 2179 inhaereret.
1135 2143 1235 2180 forte
1267 2143 1420 2190 quidam
1446 2143 1618 2180 sacerdos
1642 2143 1712 2179 La-

212 2190 314 2225 tinus
339 2193 421 2225 erat
446 2190 613 2226 decimus
640 2192 777 2227 tertius
801 2192 1103 2228 commilitonum
1143 2193 1302 2237 comitis,
1340 2193 1405 2238 qui
1430 2205 1450 2228 e
1475 2192 1596 2238 puppi
1621 2192 1713 2229 haec

212 2238 512 2274 animadvertens
554 2240 682 2275 multis
710 2241 795 2276 telis
822 2241 1033 2276 Marianum
1060 2242 1183 2287 petiit.
1210 2253 1279 2277 nec
1302 2253 1391 2277 vero
1416 2241 1610 2276 Marianus
1635 2253 1711 2277 ces-

213 2287 320 2332 savit,
346 2287 409 2323 sed
435 2291 473 2323 et
497 2288 577 2334 ipse
603 2289 755 2324 fortiter
781 2291 976 2347 pugnabat
1001 2293 1039 2325 et
1065 2302 1150 2326 suos
1170 2290 1217 2325 ad
1237 2290 1492 2326 dimicandum
1510 2290 1711 2334 excitabat,

214 2335 333 2371 donec
382 2336 510 2371 Latini
552 2337 755 2373 sacerdotis
795 2340 887 2375 socii
927 2339 1116 2375 vulnerati
1169 2339 1330 2384 fessique
1384 2339 1499 2374 tertio
1543 2317 1713 2374 mutandi

213 2387 333 2419 erant.
365 2386 444 2431 ipse
469 2387 595 2421 tamen
635 2387 807 2422 sacerdos
837 2388 1006 2434 quamvis
1032 2388 1159 2423 multis
1185 2388 1306 2433 plagis
1331 2388 1477 2423 saucius
1502 2399 1544 2423 ac
1579 2399 1712 2424 cruore

215 2433 371 2478 proprio
398 2434 646 2470 circumfusus
671 2437 866 2480 perstabat
892 2436 1115 2482 intrepidus.
1182 2447 1303 2482 neque
1329 2438 1428 2471 enim
1455 2436 1584 2472 eadem
1614 2436 1712 2482 apud

213 2493 280 2516 nos
305 2480 536 2528 Latinosque
575 2483 666 2519 cleri
691 2484 879 2530 condicio,
920 2497 1003 2521 cum
1029 2497 1096 2521 nos
1122 2485 1328 2521 canonibus
1361 2487 1400 2520 et
1433 2484 1579 2532 legibus
1604 2497 1713 2521 evan-

213 2530 405 2576 gelicoque
432 2530 609 2578 dogmate
633 2532 828 2568 iubeamur
855 2534 926 2569 “ne
951 2534 1126 2580 stringas,
1144 2545 1191 2569 ne
1211 2534 1342 2578 hisoas,
1357 2546 1404 2569 ne
1421 2533 1648 2580 prehendas:
1676 2545 1714 2569 es

214 2580 313 2613 enim
341 2579 546 2615 sacerdos’'.
597 2584 637 2616 at
661 2581 845 2617 barbarus
872 2582 1041 2626 Latinus,
1075 2583 1164 2618 dum
1191 2583 1381 2628 primitias
1408 2582 1581 2618 sacrificii
1607 2582 1714 2623 libat,

212 2627 374 2673 clipeum
414 2628 529 2673 laeva,
569 2629 702 2665 dextra
728 2630 892 2666 lanceam
921 2632 1036 2666 sumit
1076 2634 1114 2667 et
1147 2631 1235 2666 dum
1278 2631 1446 2666 divinum
1473 2643 1609 2676 corpus
1635 2643 1715 2666 san-

213 2676 440 2722 guinemque
466 2678 728 2722 communicat,
763 2679 910 2715 caedem
938 2683 1083 2725 spectat
1108 2684 1231 2725 atque,
1260 2683 1301 2715 ut
1327 2682 1383 2715 est
1408 2680 1448 2714 111
1473 2680 1617 2726 psalmo
1644 2679 1714 2714 Da-

213 2723 348 2770 vidico,
375 2725 435 2759 vir
460 2727 683 2771 sanguinum
710 2726 765 2763 fit.
830 2729 882 2763 sic
908 2729 1112 2766 barbarum
1138 2729 1177 2763 id
1202 2740 1319 2775 genus
1345 2740 1421 2764 non
1446 2729 1570 2764 minus
1596 2740 1714 2764 sacer-

213 2772 340 2808 dotale
367 2785 476 2819 quam
505 2775 593 2809 belli
623 2776 832 2811 studiosum
856 2780 932 2822 est;
970 2789 1086 2822 quare
1117 2777 1177 2813 hic
1202 2789 1277 2812 non
1297 2780 1374 2812 tam
1393 2777 1575 2822 sacerdos,
1602 2788 1713 2823 quam

214 2821 375 2857 bellator
431 2822 563 2857 stolam
618 2824 885 2860 sacerdotalem
937 2826 1064 2861 induit
1111 2825 1296 2872 simulque
1351 2837 1455 2861 remo
1493 2837 1629 2872 prenso
1668 2825 1716 2861 ad

214 2870 344 2906 navale
369 2871 510 2909 bellum
535 2872 795 2919 proeliumque
821 2874 996 2919 intendit,
1024 2886 1196 2921 pugnans
1222 2874 1351 2910 eodem
1381 2877 1551 2920 tempore
1576 2877 1614 2910 et
1630 2886 1716 2910 cum
