1748 3100
166 214 249 257 804

160 333 409 397 πολυρρήμων
432 338 470 374 II
496 339 578 386 274,
594 341 615 376 3

158 385 180 422 ὁ
210 386 325 426 πολὺς
349 383 458 433 λόγος
482 388 500 423 Ι
528 367 608 434 16'4‚
622 389 644 424 2
694 386 809 428 πολὺς
832 383 879 434 ἦν

212 436 414 491 ἐμφαίνων
445 449 476 471 τι
520 436 537 471 Ι
570 416 654 495 292,
668 439 690 473 5
739 438 802 473 ἐπὶ
835 435 876 473 τὸ

211 479 306 519 πολι.Ι
332 484 347 518 I
377 485 459 530 217,
474 486 495 520 3
545 484 587 520 τὸ
612 465 707 522 πολὺ
731 487 793 531 τῆς
819 485 878 531 ὁρ-

208 532 282 580 μῆς
306 532 343 567 ΙΙ
369 533 487 578 51,13
529 534 591 578 τῆς
616 535 817 582 φροντίδος
839 519 876 570 ΙΙ

211 582 343 639 351,14
361 581 402 616 ἐν
411 582 607 621 πολλοΐ-ςΙΙ
620 585 687 619 166
691 583 877 630 ,2(saepe)

209 627 259 668 ὠς
282 608 326 664 τὰ
352 626 470 665 πολλά
495 630 532 665 H
560 633 702 678 194,10
747 633 878 666 πολλοὶ

208 677 283 724 μὲν
399 680 567 713 πλεῖστοι
598 680 641 715 δὲ
763 682 799 714 οἱ
833 679 876 715 δὲ

209 727 354 765 πλείους
396 726 412 761 Ι
449 728 568 773 308,1
622 731 658 764 οἱ
683 730 829 767 πλείους
859 727 876 762 I

209 775 292 819 407,
309 775 352 810 16
378 774 414 810 II
441 777 499 820 72,
513 754 534 811 9
589 779 639 817 εἰς
664 778 794 812 πλεῖον
811 772 877 821 πή-

206 834 302 869 χεως
327 821 410 862 ἑνός
441 824 458 860 Ι
488 803 634 870 193,13
682 821 876 873 τριάκοντα

209 874 272 906 καὶ
314 873 428 907 πλείω
465 851 614 908 Σκύθαι
662 873 678 908 Ι
728 875 874 919 407,11

209 916 322 955 ουδὲν
357 922 474 956 πλέον
510 921 592 957 ἐστί
625 925 700 958 τινί
724 934 822 961 τινος
859 922 875 958 Ι

160 994 388 1072 πολυσχιδής
412 1017 430 1052 Ι
455 1018 605 1062 361,10

158 1065 429 1104 πολυταλαντος
453 1064 543 1110 ὁλκὴ
572 1062 819 1114 νομισμάτων
857 1067 875 1102 Ι

159 1141 378 1218 πολύτιμος
384 1161 422 1197 II
447 1162 595 1208 244,13

159 1206 486 1255 πολυτροπώτατος
522 1189 872 1259 ’,μεταχειρίσασ9αι

208 1258 246 1294 ΙΙ
270 1259 352 1304 351,
371 1261 418 1295 20

159 1286 352 1346 πολύῦλος
362 1307 399 1343 II
428 1308 508 1353 193,
521 1310 543 1344 7

160 1352 441 1414 πονηρεύεσθαί
459 1368 529 1391 τινι
554 1356 571 1391 I
602 1357 661 1402 92,
674 1357 719 1391 21

159 1402 180 1447 ἡ
203 1402 382 1460 Ποντηρα
407 1400 583 1439 ’θάλασσα
608 1404 646 1440 H
674 1406 790 1451 13,12

160 1448 297 1491 πόντος
322 1453 384 1497 τῆς
409 1448 523 1498 λύπης
548 1450 588 1488 ΙΙ
613 1433 758 1500 376,1'0
800 1454 875 1490 τῶν

209 1501 420 1566 συμφορῶν
444 1501 481 1536 ΙΙ
508 1502 590 1557 377,
605 1504 627 1537 6

161 1554 392 1605 77099777122021
416 1545 623 1597 μηχάνημα
648 1549 685 1585 H
710 1551 793 1596 259,
808 1551 853 1585 22

160 1594 222 1632 διά
259 1610 369 1634 τινων
403 1601 612 1646 πορθμέων
650 1578 875 1645 διαβιβάζειν

153 1680 161 1689 r,
208 1659 238 1680 τι
268 1650 320 1686 εἴς
343 1658 423 1683 τινα
449 1647 486 1682 H
512 1648 656 1703 291,19

160 1691 332 1742 καθάπερ
359 1691 531 1752 πόρισμα
555 1708 589 1730 τι
614 1693 799 1743 εὑρίσκειν
835 1695 873 1731 II

209 1743 328 1800 32,19
370 1740 543 1802 καθάπερ
558 1757 592 1779 τι
604 1747 788 1793 μέγιστον
805 1741 875 1780 πό-

207 1770 325 1848 ριόμά
355 1806 388 1827 τι
414 1789 620 1848 λαμβάνειν
655 1793 693 1828 ΙΙ
729 1794 873 1839 167,13

209 1837 290 1876 οἱόν
313 1854 343 1876 τι
371 1837 543 1888 πόρισμα
571 1841 608 1877 II
635 1843 778 1886 206,18

160 1885 276 1945 πόρος
299 1890 490 1936 πορισμοῦ
518 1890 536 1926 Ι
561 1891 708 1935 226,18

158 1933 201 1971 οὐ
226 1940 448 1983 πορρωτέρω
473 1950 592 1985 prope
616 1917 654 1974 1'1
680 1938 738 1984 24,
759 1938 804 1973 14

159 1981 277 2032 πόρτη
303 1986 320 2021 Ι
346 1988 428 2028 313,
447 1987 469 2022 9

160 2034 201 2070 ἐν
225 2031 402 2082 πορφύρᾳ
427 2037 489 2070 καὶ
507 2037 702 2091 γεννηθεὶς
719 2036 781 2070 καὶ
792 2047 876 2091 τρα-

210 2086 294 2130 φείς
309 2084 325 2118 Ι
340 2085 422 2129 212,
432 2085 452 2118 5
478 2081 675 2131 πορφύρας
687 2079 874 2131 τιθήνημά

208 2142 246 2166 τε
271 2134 332 2166 καὶ
363 2134 532 2189 γέννημα
571 2132 589 2167 Ι
615 2134 650 2173 4,
665 2134 687 2167 8
736 2133 799 2176 τῆς
832 2145 872 2167 π.

207 2176 248 2214 τὸ
281 2177 516 2237 τιμιώτατον
543 2183 604 2215 καὶ
631 2181 706 2216 τῶν
725 2178 875 2220 Ἀλεξίου

188 2224 417 2285 πρώτιστον
449 2225 644 2285 βλάστημα
679 2229 717 2264 ΙΙ
752 2231 833 2271 357,
851 2230 872 2264 3

158 2273 202 2310 τὰ
228 2290 279 2311 πο
281 2274 475 2324 ρφυρόθεν
500 2274 700 2334 σπάργανα
738 2277 756 2313 Ι
780 2278 871 2322 9,11

160 2334 353 2364 ποσακις.
382 2353 390 2362 .
417 2322 633 2366 τοσαυτάκις
656 2326 671 2360 Ι
695 2305 839 2382 293,11

159 2375 210 2411 εις
235 2386 267 2407 τι
306 2354 546 2419 (διακοσίους)
586 2354 814 2422 ποσούμενοι
856 2373 874 2408 Ι

208 2423 290 2479 304,
302 2423 358 2457 21.
383 2424 466 2467 402,
478 2424 511 2458 8.
536 2424 621 2469 431,
631 2424 677 2458 23
698 2423 833 2466 11207,
850 2424 871 2457 3

159 2467 250 2504 κατὰ
267 2469 460 2518 ποταμοὺς
476 2471 678 2507 κενοῦσθαι
702 2472 740 2507 ΙΙ
755 2472 836 2516 193,
851 2471 873 2505 2

159 2517 250 2553 ποτὲ
275 2518 351 2565 μὲν
484 2518 546 2555 ὁτὲ
573 2519 615 2555 δὲ
741 2518 803 2555 ὁτὲ
830 2519 878 2555 δέ

208 2566 225 2600 I
264 2532 347 2611 4u48,
373 2568 420 2603 20
482 2567 573 2603 ποτὲ
610 2568 685 2616 μὲν
723 2570 785 2603 καὶ

208 2615 299 2650 ποτὲ
326 2596 369 2650 δὲ
393 2619 459 2651 καί
478 2617 515 2651 II
546 2618 624 2660 184,
646 2618 692 2652 20

159 2674 383 2719 ποτνιαομαι
409 2664 424 2698 Ι
446 2666 582 2710 183,18
609 2646 643 2700 ΙΙ
669 2666 816 2709 365,10

158 2708 268 2745 αὐτοῦ
291 2725 364 2746 που
387 2712 424 2747 ΙΙ
451 2714 508 2754 20,
526 2714 569 2749 16
607 2725 716 2759 saepe
753 2711 873 2760 ἀγχοῦ

207 2772 281 2794 που
310 2760 347 2794 ΙΙ
374 2761 466 2806 21,1
494 2773 602 2807 saepe
635 2763 709 2797 ποῦ
724 2761 800 2809 μὲν

207 2808 281 2843 ποῦ
306 2808 354 2843 δέ
376 2808 413 2843 ΙΙ
441 2810 520 2855 188,
540 2811 587 2845 20

656 226 814 259 INDEX
845 225 1167 260 GRAEOITATIS
1208 235 1210 238 ·

945 353 1150 397 πραγματα
1176 341 1485 398 διαμηχανᾶσθαι
1510 342 1624 389 1324,
1637 345 1660 379 9

993 402 1197 437 πραγματα
1212 401 1298 436 opp.
1317 386 1492 438 σχήματα
1509 391 1525 426 Ι
1540 393 1624 437 390,
1636 393 1658 428 5

945 441 1183 485 πραγματεία
1209 438 1255 475 de
1273 438 1423 485 Organo
1441 439 1657 476 Aristotelis

995 631 1138 675 282,13

944 674 1168 736 πραιτώριον
1192 679 1230 715 ΙΙ
1257 680 1402 724 188,10

945 727 986 762 ἐν
999 739 1093 762 πασι
1106 724 1230 774 λόγοις
1240 730 1302 762 καὶ
1315 731 1510 775 πρακτέοις
1521 728 1558 764 II
1571 730 1628 775 63,
1637 729 1660 763 4

943 777 1152 833 πρακτικῶς
1177 776 1378 813 efficaciter
1404 776 1421 811 I
1450 778 1529 822 157,
1544 779 1565 812 9
1627 808 1631 811 .

944 821 1138 870 πρεσβεύω
1163 837 1253 861 curo
1296 825 1312 860 I
1351 827 1409 871 61,
1425 826 1479 861 11.
1516 805 1599 871 292,
1613 827 1660 860 20

992 872 1074 908 colo
1100 873 1137 909 II
1163 875 1246 919 240,
1266 875 1311 909 14

944 918 1568 1018 π”,ῗὲἶζέἷεὶοἔῙιῘρῖἷῦὅΠἯέἕῗὲ
1596 935 1660 957 ⁷⁰⁰
1700 976 1703 980 1

944 1019 1143 1063 πρίγκιπες
1168 1019 1185 1055 Ι
1214 1019 1355 1074 173,13

942 1068 1064 1112 μέγας
1087 1062 1320 1115 πριμικήριος
1347 1066 1385 1102 ΙΙ
1409 1067 1535 1112 83,18

943 1117 1102 1170 πρίομαι
1127 1116 1246 1152 fremo
1274 1116 1290 1151 Ι
1315 1116 1462 1161 259,14

943 1159 1050 1202 πόλις
1075 1163 1151 1220 πρὸ
1177 1160 1322 1203 πόλεως
1348 1164 1386 1199 II
1410 1164 1531 1209 27,17

942 1208 1110 1268 προαγός
1134 1212 1152 1248 Ι
1177 1214 1261 1258 397,
1276 1214 1299 1247 4

942 1257 1124 1306 προάγειν
1152 1275 1186 1296 τι
1216 1263 1267 1300 εἰς
1305 1261 1417 1307 ἔργον
1453 1260 1491 1295 II
1532 1261 1613 1304 156,
1634 1261 1656 1296 9

942 1312 1158 1365 προαίρεσις
1182 1310 1350 1346 studium
1375 1309 1393 1343 I
1422 1310 1501 1354 142,
1519 1310 1541 1343 2

942 1354 1164 1405 προαλματα
1181 1359 1255 1395 τῶν
1268 1358 1432 1393 πεδίλων
1456 1356 1473 1391 Ι
1492 1337 1575 1403 251,
1595 1358 1638 1392 14

941 1410 1265 1452 προανατίθεσθαι
1293 1406 1309 1441 Ι
1334 1407 1418 1451 425,
1432 1406 1479 1441 23

942 1458 1208 1549 πρὲἶζαῖἵρέχω
1233 1455 1280 1491 de
1305 1455 1412 1501 galea
1437 1465 1614 1500 percussa
1638 1454 1655 1489 I

942 1554 1254 1598 προαπέρχεσθαι
1272 1553 1359 1587 ante
1371 1550 1470 1586 mori
1487 1550 1522 1587 II
1536 1551 1618 1597 376,
1635 1552 1657 1586 7

943 1601 1236 1656 προαποστέλλω
1261 1600 1299 1636 ΙΙ
1325 1601 1407 1656 340,
1422 1602 1444 1636 9

944 1645 1171 1706 προαρπάζω
1204 1646 1270 1684 τὸν
1301 1626 1439 1694 καιρόν
1480 1646 1498 1682 Ι
1535 1647 1617 1689 458,
1637 1647 1658 1680 2

991 1709 1078 1791 37710,
1092 1711 1148 1780 ¹1l2a
1146 1709 1255 1790 Δᾟην
1262 1697 1456 1791 ΙσωΙτ-’ΞῙΞΙαΒν
1480 1696 1597 1784 124834,
1602 1695 1659 1778 1124

943 1797 1240 1841 προαφηγέομαι
1261 1794 1298 1829 H
1326 1795 1407 1839 190,
1432 1794 1475 1828 19

943 1846 1135 1898 προβαίνω
1161 1844 1213 1881 εἰς
1240 1843 1352 1889 ἔργον
1374 1842 1391 1876 Ι
1417 1842 1562 1886 455,10

943 1888 1224 1936 προβάλλεσθαι
1246 1891 1442 1927 nominare
1467 1878 1504 1925 ΙΙ
1532 1890 1612 1934 165,
1622 1891 1657 1925 4.

995 1940 1075 1997 177,
1103 1941 1151 1974 22
1201 1953 1240 1974 77.
1276 1939 1338 1985 (=

990 1985 1057 2023 τὸν
1083 1985 1287 2042 ἀγνοοῦντα
1314 1988 1332 2023 Ι
1356 1988 1415 2030 45,
1434 1988 1479 2021 21

942 2032 1200 2082 προβασιλεύω
1240 2037 1256 2071 Ι
1283 2037 1364 2081 297,
1379 2037 1411 2071 3.
1438 2036 1522 2081 442,
1535 2035 1581 2069 23
1622 2034 1659 2069 ΙΙ

993 2085 1052 2130 73,
1067 2085 1100 2120 5.
1127 2086 1212 2130 243,
1227 2086 1284 2120 21.
1310 2063 1394 2129 288,
1409 2085 1455 2119 22

942 2111 1109 2180 προβολή
1139 2134 1260 2169 suasio
1288 2132 1304 2167 I
1334 2111 1414 2177 154,
1428 2135 1449 2168 3

943 2181 985 2216 ἐκ
1022 2178 1224 2229 προγόνων
1259 2181 1306 2217 de
1342 2160 1451 2227 pai-fre
1493 2180 1510 2215 I
1538 2181 1618 2226 199,
1637 2180 1659 2214 6

992 2229 1038 2265 de
1062 2230 1284 2286 parentibus
1311 2229 1328 2264 I
1354 2230 1498 2275 297,15

942 2274 1157 2336 προγράφω
1182 2281 1293 2314 antea
1318 2257 1441 2314 scrib6
1466 2277 1658 2323 11241,18

942 2327 1143 2374 προδηλοω
1170 2327 1207 2363 II
1232 2327 1375 2372 241,17

944 2378 1210 2431 προεγχειρίζω
1235 2376 1273 2411 II
1299 2375 1358 2420 77,
1371 2376 1393 2410 9

943 2419 1129 2470 πρόεδρος
1169 2402 1412 2467 Χαλκηδόνος
1460 2422 1658 2459 Chalcedo-

991 2473 1131 2566 ngnsis3
1169 2471 1350 2519 (praesul)
1395 2471 1590 2518 episcopus
1639 2471 1655 2505 Ι

990 2534 1011 2556 ῡ
1039 2522 1061 2555 Ο
1089 2522 1105 2555 1

940 2569 1157 2616 προεκδρομ
1161 2565 1182 2612 ἦ
1206 2568 1243 2604 II
1269 2569 1328 2614 99,
1342 2569 1364 2604 6

940 2620 1226 2665 προεκπέμπειν
1274 2616 1312 2652 ΙΙ
1349 2616 1499 2661 204,16
1541 2613 1655 2661 (add.)

989 2668 1274 2722 προεκπέμπων
1303 2661 1383 2700 οἷον
1408 2643 1446 2700 1'1
1470 2665 1554 2709 201,
1569 2665 1613 2698 21

941 2714 1193 2761 προεκπηδαω
1219 2713 1256 2748 II
1284 2714 1433 2755 268,10

939 2765 1147 2858 πρὲἑιὸτὶέχ
1146 2762 1291 2856 376141864,
1283 2762 1351 2807 ,1.7
1369 2762 1449 2803 167,
1458 2761 1490 2796 9.
1505 2761 1588 2806 321,
1597 2760 1655 2795 22.

1371 1937 1658 1984 ὑποκρίνεσθαι)
