<?xml version="1.0" encoding="UTF-8"?>
<!DOCTYPE html PUBLIC "-//W3C//DTD XHTML 1.0 Transitional//EN"
    "http://www.w3.org/TR/xhtml1/DTD/xhtml1-transitional.dtd">
<html xmlns="http://www.w3.org/1999/xhtml" xml:lang="en" lang="en">
 <head>
  <title>
</title>
<meta http-equiv="Content-Type" content="text/html;charset=utf-8" />
  <meta name='ocr-system' content='tesseract 3.04.00' />
  <meta name='ocr-capabilities' content='ocr_page ocr_carea ocr_par ocr_line ocrx_word'/>
</head>
<body>
  <div class='ocr_page' id='page_1' title='image "./corpusscriptorum03niebuoft/corpusscriptorum03niebuoft_0278.png"; bbox 0 0 1734 3120; ppageno 0'>
   <div class='ocr_carea' id='block_1_1' title="bbox 172 187 1143 231">
    <p class='ocr_par' dir='ltr' id='par_1_1' title="bbox 172 187 1143 231">
     <span class='ocr_line' id='line_1_1' title="bbox 172 187 1143 231; baseline -0.007 0"><span class='ocrx_word' id='word_1_1' title='bbox 172 187 253 231; x_wconf 83' lang='lat'><strong>260</strong></span> <span class='ocrx_word' id='word_1_2' title='bbox 682 193 847 228; x_wconf 84' lang='lat' dir='ltr'>ANNAE</span> <span class='ocrx_word' id='word_1_3' title='bbox 877 191 1143 226; x_wconf 81' lang='lat' dir='ltr'>COMNENAE</span> 
     </span>
    </p>
   </div>
   <div class='ocr_carea' id='block_1_2' title="bbox 170 299 1659 367">
    <p class='ocr_par' dir='ltr' id='par_1_2' title="bbox 170 299 1659 367">
     <span class='ocr_line' id='line_1_2' title="bbox 170 299 1659 367; baseline -0.004 -13"><span class='ocrx_word' id='word_1_4' title='bbox 170 327 248 366; x_wconf 92' lang='grc' dir='ltr'><em>ραν</em></span> <span class='ocrx_word' id='word_1_5' title='bbox 279 306 415 367; x_wconf 80' lang='grc' dir='ltr'><em>ζώνην</em></span> <span class='ocrx_word' id='word_1_6' title='bbox 444 308 630 352; x_wconf 87' lang='grc' dir='ltr'><em>καθεῖλε</em></span> <span class='ocrx_word' id='word_1_7' title='bbox 662 306 734 350; x_wconf 82' lang='grc' dir='ltr'><em>καὶ</em></span> <span class='ocrx_word' id='word_1_8' title='bbox 762 307 840 362; x_wconf 75' lang='grc' dir='ltr'><strong>τῆς</strong></span> <span class='ocrx_word' id='word_1_9' title='bbox 867 304 1016 362; x_wconf 82' lang='grc' dir='ltr'><strong><em>τρίτης</em></strong></span> <span class='ocrx_word' id='word_1_10' title='bbox 1042 299 1334 358; x_wconf 74' lang='grc' dir='ltr'><em>ἀπεπειρᾶτο.</em></span> <span class='ocrx_word' id='word_1_11' title='bbox 1394 304 1467 348; x_wconf 82' lang='grc' dir='ltr'><em>καὶ</em></span> <span class='ocrx_word' id='word_1_12' title='bbox 1496 301 1549 364; x_wconf 76' lang='grc' dir='ltr'><strong>δὴ</strong></span> <span class='ocrx_word' id='word_1_13' title='bbox 1579 301 1659 356; x_wconf 80' lang='grc' dir='ltr'><strong>τὰς</strong></span> 
     </span>
    </p>
   </div>
   <div class='ocr_carea' id='block_1_3' title="bbox 169 367 1660 502">
    <p class='ocr_par' dir='ltr' id='par_1_3' title="bbox 170 367 1660 502">
     <span class='ocr_line' id='line_1_3' title="bbox 171 367 1658 436; baseline -0.005 -14"><span class='ocrx_word' id='word_1_14' title='bbox 171 375 372 433; x_wconf 79' lang='grc' dir='ltr'><em>ἐπάλξεις</em></span> <span class='ocrx_word' id='word_1_15' title='bbox 398 374 531 436; x_wconf 76' lang='grc' dir='ltr'><em>αὐτῆς</em></span> <span class='ocrx_word' id='word_1_16' title='bbox 554 371 760 419; x_wconf 89' lang='grc' dir='ltr'><em>καθελων</em></span> <span class='ocrx_word' id='word_1_17' title='bbox 801 373 845 426; x_wconf 76' lang='grc' dir='ltr'><em>ἐς</em></span> <span class='ocrx_word' id='word_1_18' title='bbox 885 370 936 416; x_wconf 76' lang='grc' dir='ltr'><strong>τὸ</strong></span> <span class='ocrx_word' id='word_1_19' title='bbox 984 372 1143 432; x_wconf 80' lang='grc' dir='ltr'><em>ἑφεξῆς</em></span> <span class='ocrx_word' id='word_1_20' title='bbox 1184 368 1505 431; x_wconf 76' lang='grc' dir='ltr'><em>ἑρρᾳθύμηκεν.</em></span> <span class='ocrx_word' id='word_1_21' title='bbox 1566 367 1658 416; x_wconf 85' lang='grc' dir='ltr'><em>εἷλε</em></span> 
     </span>
     <span class='ocr_line' id='line_1_4' title="bbox 169 434 1660 502; baseline -0.003 -12.997"><span class='ocrx_word' id='word_1_22' title='bbox 169 443 247 502; x_wconf 78' lang='grc' dir='ltr'><strong>γὰρ</strong></span> <span class='ocrx_word' id='word_1_23' title='bbox 279 442 331 488; x_wconf 77' lang='grc' dir='ltr'><strong>οἷν</strong></span> <span class='ocrx_word' id='word_1_24' title='bbox 358 462 429 488; x_wconf 86' lang='grc' dir='ltr'><strong>και</strong></span> <span class='ocrx_word' id='word_1_25' title='bbox 459 461 630 501; x_wconf 87' lang='grc' dir='ltr'><em>ταυτην,</em></span> <span class='ocrx_word' id='word_1_26' title='bbox 664 439 792 498; x_wconf 79' lang='grc' dir='ltr'><em>είπερ</em></span> <span class='ocrx_word' id='word_1_27' title='bbox 827 441 1114 485; x_wconf 78' lang='grc' dir='ltr'><em>επέσπευσεν.</em></span> <span class='ocrx_word' id='word_1_28' title='bbox 1173 434 1282 484; x_wconf 75' lang='grc' dir='ltr'><em>ἄλλα</em></span> <span class='ocrx_word' id='word_1_29' title='bbox 1311 437 1383 484; x_wconf 78' lang='grc' dir='ltr'><em>διά</em></span> <span class='ocrx_word' id='word_1_30' title='bbox 1412 457 1545 484; x_wconf 90' lang='grc' dir='ltr'><em>τινων</em></span> <span class='ocrx_word' id='word_1_31' title='bbox 1568 440 1660 484; x_wconf 83' lang='grc' dir='ltr'><em>κλι-</em></span> 
     </span>
    </p>
   </div>
   <div class='ocr_carea' id='block_1_4' title="bbox 18 505 1723 1664">
    <p class='ocr_par' dir='ltr' id='par_1_4' title="bbox 18 505 1723 1664">
     <span class='ocr_line' id='line_1_5' title="bbox 169 505 1660 569; baseline -0.004 -12"><span class='ocrx_word' id='word_1_32' title='bbox 169 511 322 569; x_wconf 79' lang='grc' dir='ltr'><em>μάκιον</em></span> <span class='ocrx_word' id='word_1_33' title='bbox 355 509 560 569; x_wconf 78' lang='grc' dir='ltr'><em>οἰόμενος</em></span> <span class='ocrx_word' id='word_1_34' title='bbox 603 507 716 567; x_wconf 77' lang='grc' dir='ltr'><em>μετὰ</em></span> <span class='ocrx_word' id='word_1_35' title='bbox 756 512 893 552; x_wconf 68' lang='grc' dir='ltr'><em>ταῦτα</em></span> <span class='ocrx_word' id='word_1_36' title='bbox 935 508 1140 567; x_wconf 74' lang='grc' dir='ltr'><em>ἐπιβῆναι</em></span> <span class='ocrx_word' id='word_1_37' title='bbox 1182 511 1260 568; x_wconf 84' lang='grc' dir='ltr'><strong>τῆς</strong></span> <span class='ocrx_word' id='word_1_38' title='bbox 1288 505 1467 561; x_wconf 86' lang='grc' dir='ltr'><em>πόλεως</em></span> <span class='ocrx_word' id='word_1_39' title='bbox 1497 509 1581 552; x_wconf 81' lang='grc' dir='ltr'><em>καὶ</em></span> <span class='ocrx_word' id='word_1_40' title='bbox 1599 526 1660 561; x_wconf 91' lang='grc' dir='ltr'><em>ως</em></span> 
     </span>
     <span class='ocr_line' id='line_1_6' title="bbox 170 571 1696 639; baseline -0.002 -14"><span class='ocrx_word' id='word_1_41' title='bbox 170 575 252 639; x_wconf 74' lang='grc' dir='ltr'><strong>ἤδη</strong></span> <span class='ocrx_word' id='word_1_42' title='bbox 281 578 441 638; x_wconf 81' lang='grc' dir='ltr'><em>ταύτην</em></span> <span class='ocrx_word' id='word_1_43' title='bbox 473 579 585 635; x_wconf 77' lang='grc' dir='ltr'><em>ἔχων</em></span> <span class='ocrx_word' id='word_1_44' title='bbox 623 577 687 630; x_wconf 84' lang='grc' dir='ltr'><strong>εἰς</strong></span> <span class='ocrx_word' id='word_1_45' title='bbox 715 581 862 636; x_wconf 86' lang='grc' dir='ltr'><em>χεῖρας</em></span> <span class='ocrx_word' id='word_1_46' title='bbox 892 574 1007 633; x_wconf 76' lang='grc' dir='ltr'><em>πρὸς</em></span> <span class='ocrx_word' id='word_1_47' title='bbox 1036 574 1115 636; x_wconf 81' lang='grc' dir='ltr'><strong>τὴν</strong></span> <span class='ocrx_word' id='word_1_48' title='bbox 1145 577 1407 632; x_wconf 82' lang='grc' dir='ltr'><em>πολιορκίαν</em></span> <span class='ocrx_word' id='word_1_49' title='bbox 1435 571 1696 623; x_wconf 79' lang='grc' dir='ltr'><em>ἅνέπεσεν.5</em></span> 
     </span>
     <span class='ocr_line' id='line_1_7' title="bbox 131 640 1662 706; baseline -0.002 -15"><span class='ocrx_word' id='word_1_50' title='bbox 131 647 284 706; x_wconf 75' lang='grc' dir='ltr'><em>Οὸπερ</em></span> <span class='ocrx_word' id='word_1_51' title='bbox 315 653 411 702; x_wconf 87' lang='grc' dir='ltr'><em>τοῖς</em></span> <span class='ocrx_word' id='word_1_52' title='bbox 439 650 709 705; x_wconf 77' lang='grc' dir='ltr'><em>Σαρακηνοῖς</em></span> <span class='ocrx_word' id='word_1_53' title='bbox 741 645 962 703; x_wconf 77' lang='grc' dir='ltr'><em>σωτηρίαν</em></span> <span class='ocrx_word' id='word_1_54' title='bbox 992 640 1282 703; x_wconf 73' lang='grc' dir='ltr'><em>προῦξένησε·</em></span> <span class='ocrx_word' id='word_1_55' title='bbox 1320 646 1393 688; x_wconf 84' lang='grc' dir='ltr'><em>καὶ</em></span> <span class='ocrx_word' id='word_1_56' title='bbox 1424 642 1448 690; x_wconf 75' lang='grc' dir='ltr'><em>ὃ</em></span> <span class='ocrx_word' id='word_1_57' title='bbox 1477 646 1558 702; x_wconf 81' lang='grc' dir='ltr'><strong>μὲν</strong></span> <span class='ocrx_word' id='word_1_58' title='bbox 1585 648 1662 704; x_wconf 78' lang='grc' dir='ltr'><strong>τῆς</strong></span> 
     </span>
     <span class='ocr_line' id='line_1_8' title="bbox 171 710 1662 775; baseline -0.003 -14"><span class='ocrx_word' id='word_1_59' title='bbox 171 718 291 775; x_wconf 90' lang='grc' dir='ltr'><em>νίκης</em></span> <span class='ocrx_word' id='word_1_60' title='bbox 319 714 541 774; x_wconf 78' lang='grc' dir='ltr'><em>τυγχάνων</em></span> <span class='ocrx_word' id='word_1_61' title='bbox 571 711 754 772; x_wconf 75' lang='grc' dir='ltr'><em>ἐγγύθεν</em></span> <span class='ocrx_word' id='word_1_62' title='bbox 795 710 1068 772; x_wconf 75' lang='grc' dir='ltr'><em>ἐξεκρούσθη</em></span> <span class='ocrx_word' id='word_1_63' title='bbox 1109 711 1232 770; x_wconf 82' lang='grc' dir='ltr'><em>παρὰ</em></span> <span class='ocrx_word' id='word_1_64' title='bbox 1274 710 1404 767; x_wconf 79' lang='grc' dir='ltr'><em>πολύ,</em></span> <span class='ocrx_word' id='word_1_65' title='bbox 1450 713 1576 758; x_wconf 75' lang='grc' dir='ltr'><em>αι’-τοὶ</em></span> <span class='ocrx_word' id='word_1_66' title='bbox 1614 714 1662 757; x_wconf 76' lang='grc' dir='ltr'><strong>δὲ</strong></span> 
     </span>
     <span class='ocr_line' id='line_1_9' title="bbox 18 778 1661 842; baseline -0.002 -12"><span class='ocrx_word' id='word_1_67' title='bbox 18 794 62 830; x_wconf 89' lang='lat' dir='ltr'><strong>V.</strong></span> <span class='ocrx_word' id='word_1_68' title='bbox 88 794 159 829; x_wconf 87' lang='grc'><strong>338</strong></span> <span class='ocrx_word' id='word_1_69' title='bbox 173 784 294 839; x_wconf 73' lang='grc' dir='ltr'><em>ἐντὸς</em></span> <span class='ocrx_word' id='word_1_70' title='bbox 324 782 498 842; x_wconf 73' lang='grc' dir='ltr'><em>ἀρκύων</em></span> <span class='ocrx_word' id='word_1_71' title='bbox 526 785 807 842; x_wconf 77' lang='grc' dir='ltr'><em>τυγχάνοντες</em></span> <span class='ocrx_word' id='word_1_72' title='bbox 845 786 934 826; x_wconf 84' lang='grc' dir='ltr'><strong>τῶν</strong></span> <span class='ocrx_word' id='word_1_73' title='bbox 974 780 1150 838; x_wconf 80' lang='grc' dir='ltr'><em>βρόχων</em></span> <span class='ocrx_word' id='word_1_74' title='bbox 1192 778 1457 842; x_wconf 77' lang='grc' dir='ltr'><em>ἄφήλλοντο.</em></span> <span class='ocrx_word' id='word_1_75' title='bbox 1527 781 1550 827; x_wconf 80' lang='grc' dir='ltr'><em>ὃ</em></span> <span class='ocrx_word' id='word_1_76' title='bbox 1582 780 1661 840; x_wconf 80' lang='grc' dir='ltr'><strong>γάρ</strong></span> 
     </span>
     <span class='ocr_line' id='line_1_10' title="bbox 171 847 1664 914; baseline -0.003 -16"><span class='ocrx_word' id='word_1_77' title='bbox 171 852 332 911; x_wconf 74' lang='grc' dir='ltr'><em>μεταξὺ</em></span> <span class='ocrx_word' id='word_1_78' title='bbox 361 857 438 914; x_wconf 83' lang='grc' dir='ltr'><strong>τῆς</strong></span> <span class='ocrx_word' id='word_1_79' title='bbox 467 849 672 910; x_wconf 75' lang='grc' dir='ltr'><em>οῗμελείας</em></span> <span class='ocrx_word' id='word_1_80' title='bbox 702 854 781 896; x_wconf 77' lang='grc' dir='ltr'><strong>τοῦ</strong></span> <span class='ocrx_word' id='word_1_81' title='bbox 800 851 1073 895; x_wconf 80' lang='grc' dir='ltr'><em>Βαλόουίνου</em></span> <span class='ocrx_word' id='word_1_82' title='bbox 1105 848 1262 907; x_wconf 86' lang='grc' dir='ltr'><em>χρόνος</em></span> <span class='ocrx_word' id='word_1_83' title='bbox 1290 847 1442 904; x_wconf 73' lang='grc' dir='ltr'><em>αὐτοῖς</em></span> <span class='ocrx_word' id='word_1_84' title='bbox 1470 850 1535 905; x_wconf 86' lang='grc' dir='ltr'><strong>εἰς</strong></span> <span class='ocrx_word' id='word_1_85' title='bbox 1564 851 1664 895; x_wconf 72' lang='grc' dir='ltr'><em>ἐπι-</em></span> 
     </span>
     <span class='ocr_line' id='line_1_11' title="bbox 171 916 1723 979; baseline -0.004 -12"><span class='ocrx_word' id='word_1_86' title='bbox 171 924 348 979; x_wconf 78' lang='grc' dir='ltr'><em>μέλειαν</em></span> <span class='ocrx_word' id='word_1_87' title='bbox 391 923 563 979; x_wconf 80' lang='grc' dir='ltr'><em>γέγονεν</em></span> <span class='ocrx_word' id='word_1_88' title='bbox 606 917 917 964; x_wconf 75' lang='grc' dir='ltr'><em>ἄναπνεύσασι.</em></span> <span class='ocrx_word' id='word_1_89' title='bbox 994 916 1368 977; x_wconf 77' lang='grc' dir='ltr'><em>πανουργεύονται</em></span> <span class='ocrx_word' id='word_1_90' title='bbox 1411 921 1460 964; x_wconf 78' lang='grc' dir='ltr'><strong>δὲ</strong></span> <span class='ocrx_word' id='word_1_91' title='bbox 1505 920 1579 964; x_wconf 86' lang='grc' dir='ltr'><em>καί</em></span> <span class='ocrx_word' id='word_1_92' title='bbox 1620 937 1661 964; x_wconf 90' lang='grc' dir='ltr'><strong>τι</strong></span> <span class='ocrx_word' id='word_1_93' title='bbox 1678 927 1723 961; x_wconf 92' lang='grc'><strong>10</strong></span> 
     </span>
     <span class='ocr_line' id='line_1_12' title="bbox 171 983 1663 1049; baseline -0.002 -14"><span class='ocrx_word' id='word_1_94' title='bbox 171 993 390 1035; x_wconf 87' lang='grc' dir='ltr'><em>τοιοῦτον.</em></span> <span class='ocrx_word' id='word_1_95' title='bbox 447 993 510 1049; x_wconf 75' lang='grc' dir='ltr'><strong>τῷ</strong></span> <span class='ocrx_word' id='word_1_96' title='bbox 540 990 619 1046; x_wconf 78' lang='grc' dir='ltr'><strong>μὲν</strong></span> <span class='ocrx_word' id='word_1_97' title='bbox 650 991 798 1033; x_wconf 78' lang='grc' dir='ltr'><em>δοκεῖν</em></span> <span class='ocrx_word' id='word_1_98' title='bbox 837 987 953 1044; x_wconf 75' lang='grc' dir='ltr'><em>πρὸς</em></span> <span class='ocrx_word' id='word_1_99' title='bbox 981 985 1197 1047; x_wconf 78' lang='grc' dir='ltr'><em>εἰρηνικὰς</em></span> <span class='ocrx_word' id='word_1_100' title='bbox 1235 988 1431 1041; x_wconf 79' lang='grc' dir='ltr'><em>σπονδάς</em></span> <span class='ocrx_word' id='word_1_101' title='bbox 1456 983 1663 1048; x_wconf 66' lang='grc' dir='ltr'><em>ἀφορῶσι</em></span> 
     </span>
     <span class='ocr_line' id='line_1_13' title="bbox 174 1052 1660 1117; baseline -0.001 -14"><span class='ocrx_word' id='word_1_102' title='bbox 174 1060 246 1103; x_wconf 79' lang='grc' dir='ltr'><em>καὶ</em></span> <span class='ocrx_word' id='word_1_103' title='bbox 276 1059 603 1115; x_wconf 75' lang='grc' dir='ltr'><em>διαπέμπονται</em></span> <span class='ocrx_word' id='word_1_104' title='bbox 622 1055 741 1114; x_wconf 80' lang='grc' dir='ltr'><em>πρὸς</em></span> <span class='ocrx_word' id='word_1_105' title='bbox 759 1053 893 1102; x_wconf 73' lang='grc' dir='ltr'><em>αὐτὸν</em></span> <span class='ocrx_word' id='word_1_106' title='bbox 917 1055 995 1117; x_wconf 84' lang='grc' dir='ltr'><strong>τὴν</strong></span> <span class='ocrx_word' id='word_1_107' title='bbox 1014 1054 1198 1116; x_wconf 80' lang='grc' dir='ltr'><em>εἰρήνην,</em></span> <span class='ocrx_word' id='word_1_108' title='bbox 1222 1060 1320 1110; x_wconf 87' lang='grc' dir='ltr'><em>ταῖς</em></span> <span class='ocrx_word' id='word_1_109' title='bbox 1349 1057 1397 1102; x_wconf 79' lang='grc' dir='ltr'><strong>δὲ</strong></span> <span class='ocrx_word' id='word_1_110' title='bbox 1416 1052 1660 1115; x_wconf 79' lang='grc' dir='ltr'><em>ἄληθειάις,</em></span> 
     </span>
     <span class='ocr_line' id='line_1_14' title="bbox 174 1118 1664 1186; baseline -0.002 -15"><span class='ocrx_word' id='word_1_111' title='bbox 174 1127 219 1172; x_wconf 79' lang='grc' dir='ltr'><strong>ἐν</strong></span> <span class='ocrx_word' id='word_1_112' title='bbox 250 1118 285 1186; x_wconf 75' lang='grc' dir='ltr'><em>ᾧ</em></span> <span class='ocrx_word' id='word_1_113' title='bbox 312 1126 367 1171; x_wconf 81' lang='grc' dir='ltr'><strong>τὰ</strong></span> <span class='ocrx_word' id='word_1_114' title='bbox 396 1129 478 1185; x_wconf 82' lang='grc' dir='ltr'><strong>τῆς</strong></span> <span class='ocrx_word' id='word_1_115' title='bbox 508 1124 680 1185; x_wconf 80' lang='grc' dir='ltr'><em>εἰρήνης</em></span> <span class='ocrx_word' id='word_1_116' title='bbox 719 1124 1117 1184; x_wconf 77' lang='grc' dir='ltr'><em>ἕπραγματεύοντο,</em></span> <span class='ocrx_word' id='word_1_117' title='bbox 1159 1124 1223 1178; x_wconf 83' lang='grc' dir='ltr'><strong>εἰς</strong></span> <span class='ocrx_word' id='word_1_118' title='bbox 1259 1126 1426 1182; x_wconf 80' lang='grc' dir='ltr'><em>ἄμυναν</em></span> <span class='ocrx_word' id='word_1_119' title='bbox 1456 1121 1664 1183; x_wconf 72' lang='grc' dir='ltr'><em>ηὐτρεπί-</em></span> 
     </span>
     <span class='ocr_line' id='line_1_15' title="bbox 175 1188 1664 1252; baseline -0.003 -11"><span class='ocrx_word' id='word_1_120' title='bbox 175 1198 299 1252; x_wconf 85' lang='grc' dir='ltr'><em>ζοντο</em></span> <span class='ocrx_word' id='word_1_121' title='bbox 330 1197 497 1241; x_wconf 75' lang='grc' dir='ltr'><em>ἐκεῖνον</em></span> <span class='ocrx_word' id='word_1_122' title='bbox 526 1195 606 1252; x_wconf 81' lang='grc' dir='ltr'><strong>μὲν</strong></span> <span class='ocrx_word' id='word_1_123' title='bbox 634 1195 861 1252; x_wconf 78' lang='grc' dir='ltr'><em>μετέωρον</em></span> <span class='ocrx_word' id='word_1_124' title='bbox 890 1198 988 1247; x_wconf 85' lang='grc' dir='ltr'><em>ταῖς</em></span> <span class='ocrx_word' id='word_1_125' title='bbox 1018 1194 1163 1239; x_wconf 75' lang='grc' dir='ltr'><em>ἐλπίσι</em></span> <span class='ocrx_word' id='word_1_126' title='bbox 1189 1197 1436 1247; x_wconf 84' lang='grc' dir='ltr'><em>ποιοῦντες,</em></span> <span class='ocrx_word' id='word_1_127' title='bbox 1459 1188 1586 1238; x_wconf 71' lang='grc' dir='ltr'><em>αὐτοὶ</em></span> <span class='ocrx_word' id='word_1_128' title='bbox 1616 1194 1664 1237; x_wconf 79' lang='grc' dir='ltr'><strong>δὲ</strong></span> 
     </span>
     <span class='ocr_line' id='line_1_16' title="bbox 128 1258 1721 1323; baseline -0.001 -15"><span class='ocrx_word' id='word_1_129' title='bbox 128 1262 383 1323; x_wconf 81' lang='grc' dir='ltr'><em>Βμηχανάς-</em></span> <span class='ocrx_word' id='word_1_130' title='bbox 406 1282 526 1318; x_wconf 88' lang='grc' dir='ltr'><em>τινας</em></span> <span class='ocrx_word' id='word_1_131' title='bbox 567 1261 897 1321; x_wconf 79' lang='grc' dir='ltr'><em>συρράπτοντες</em></span> <span class='ocrx_word' id='word_1_132' title='bbox 940 1265 1033 1308; x_wconf 85' lang='grc' dir='ltr'><em>κατ’</em></span> <span class='ocrx_word' id='word_1_133' title='bbox 1079 1258 1227 1308; x_wconf 74' lang='grc' dir='ltr'><em>α’ὗτοῦ.</em></span> <span class='ocrx_word' id='word_1_134' title='bbox 1297 1259 1544 1319; x_wconf 74' lang='grc' dir='ltr'><em>ἑωρακότες</em></span> <span class='ocrx_word' id='word_1_135' title='bbox 1582 1259 1662 1318; x_wconf 77' lang='grc' dir='ltr'><strong>γάρ</strong></span> <span class='ocrx_word' id='word_1_136' title='bbox 1677 1273 1721 1308; x_wconf 84' lang='lat'><strong>15</strong></span> 
     </span>
     <span class='ocr_line' id='line_1_17' title="bbox 172 1328 1664 1392; baseline -0.001 -16"><span class='ocrx_word' id='word_1_137' title='bbox 172 1328 380 1388; x_wconf 87' lang='grc' dir='ltr'><em>ασχολίαν</em></span> <span class='ocrx_word' id='word_1_138' title='bbox 409 1331 578 1392; x_wconf 81' lang='grc' dir='ltr'><em>πολλὴν</em></span> <span class='ocrx_word' id='word_1_139' title='bbox 608 1341 687 1378; x_wconf 84' lang='grc' dir='ltr'><strong>τοῦ</strong></span> <span class='ocrx_word' id='word_1_140' title='bbox 715 1334 914 1389; x_wconf 81' lang='grc' dir='ltr'><em>πολέμου</em></span> <span class='ocrx_word' id='word_1_141' title='bbox 936 1333 1011 1377; x_wconf 83' lang='grc' dir='ltr'><em>καὶ</em></span> <span class='ocrx_word' id='word_1_142' title='bbox 1033 1328 1415 1385; x_wconf 82' lang='grc' dir='ltr'><em>ἇναπεπτωκότας</em></span> <span class='ocrx_word' id='word_1_143' title='bbox 1433 1348 1538 1384; x_wconf 84' lang='grc' dir='ltr'><em>τους</em></span> <span class='ocrx_word' id='word_1_144' title='bbox 1556 1329 1664 1386; x_wconf 74' lang='grc' dir='ltr'><em>ἐξω-</em></span> 
     </span>
     <span class='ocr_line' id='line_1_18' title="bbox 173 1395 1664 1461; baseline -0.002 -16"><span class='ocrx_word' id='word_1_145' title='bbox 173 1405 256 1445; x_wconf 92' lang='grc' dir='ltr'><em>θεν</em></span> <span class='ocrx_word' id='word_1_146' title='bbox 285 1399 556 1458; x_wconf 83' lang='grc' dir='ltr'><em>στρατιώτας</em></span> <span class='ocrx_word' id='word_1_147' title='bbox 583 1402 628 1446; x_wconf 74' lang='grc' dir='ltr'><strong>ἐν</strong></span> <span class='ocrx_word' id='word_1_148' title='bbox 659 1402 780 1445; x_wconf 84' lang='grc' dir='ltr'><em>νυκτὶ</em></span> <span class='ocrx_word' id='word_1_149' title='bbox 810 1404 894 1461; x_wconf 83' lang='grc' dir='ltr'><em>μιᾷ</em></span> <span class='ocrx_word' id='word_1_150' title='bbox 911 1398 1108 1453; x_wconf 70' lang='grc' dir='ltr'><em>πολλοὺς</em></span> <span class='ocrx_word' id='word_1_151' title='bbox 1135 1396 1358 1459; x_wconf 85' lang='grc' dir='ltr'><em>αμφορεῖς</em></span> <span class='ocrx_word' id='word_1_152' title='bbox 1378 1395 1664 1457; x_wconf 85' lang='grc' dir='ltr'><em>οστρακίνους</em></span> 
     </span>
     <span class='ocr_line' id='line_1_19' title="bbox 173 1467 1723 1549; baseline -0.001 -37"><span class='ocrx_word' id='word_1_153' title='bbox 173 1467 472 1530; x_wconf 78' lang='grc' dir='ltr'><em>ἐμπλήσαντες</em></span> <span class='ocrx_word' id='word_1_154' title='bbox 501 1467 632 1527; x_wconf 77' lang='grc' dir='ltr'><em>ὑγρᾶς</em></span> <span class='ocrx_word' id='word_1_155' title='bbox 662 1471 820 1528; x_wconf 90' lang='grc' dir='ltr'><em>πίττης</em></span> <span class='ocrx_word' id='word_1_156' title='bbox 837 1470 1056 1549; x_wconf 81' lang='grc' dir='ltr'><em>ῥίπτουσι</em></span> <span class='ocrx_word' id='word_1_157' title='bbox 1088 1485 1199 1513; x_wconf 84' lang='grc' dir='ltr'><em>κατα</em></span> <span class='ocrx_word' id='word_1_158' title='bbox 1239 1470 1330 1513; x_wconf 83' lang='grc' dir='ltr'><strong>τῶν</strong></span> <span class='ocrx_word' id='word_1_159' title='bbox 1362 1467 1665 1528; x_wconf 78' lang='grc' dir='ltr'><em>ἐφισταμένων</em></span> <span class='ocrx_word' id='word_1_160' title='bbox 1720 1497 1723 1501; x_wconf 93' lang='grc'>-</span> 
     </span>
     <span class='ocr_line' id='line_1_20' title="bbox 172 1528 1663 1596; baseline -0.002 -15"><span class='ocrx_word' id='word_1_161' title='bbox 172 1540 225 1596; x_wconf 84' lang='grc' dir='ltr'><strong>τῇ</strong></span> <span class='ocrx_word' id='word_1_162' title='bbox 256 1535 387 1581; x_wconf 86' lang='grc' dir='ltr'><em>πόλει</em></span> <span class='ocrx_word' id='word_1_163' title='bbox 416 1535 747 1596; x_wconf 87' lang='grc' dir='ltr'><em>μηχανημάτων.</em></span> <span class='ocrx_word' id='word_1_164' title='bbox 817 1528 878 1581; x_wconf 76' lang='grc' dir='ltr'><strong>ὧν</strong></span> <span class='ocrx_word' id='word_1_165' title='bbox 917 1538 966 1594; x_wconf 79' lang='grc' dir='ltr'><em>εξ</em></span> <span class='ocrx_word' id='word_1_166' title='bbox 1005 1533 1189 1596; x_wconf 80' lang='grc' dir='ltr'><em>ανάγκης</em></span> <span class='ocrx_word' id='word_1_167' title='bbox 1226 1536 1663 1593; x_wconf 80' lang='grc' dir='ltr'><em>καταθραυσθέντων</em></span> 
     </span>
     <span class='ocr_line' id='line_1_21' title="bbox 172 1599 1722 1664; baseline -0.003 -14"><span class='ocrx_word' id='word_1_168' title='bbox 172 1606 456 1663; x_wconf 78' lang='grc' dir='ltr'><em>περιεκέχυτο</em></span> <span class='ocrx_word' id='word_1_169' title='bbox 488 1604 539 1650; x_wconf 82' lang='grc' dir='ltr'><strong>τὸ</strong></span> <span class='ocrx_word' id='word_1_170' title='bbox 560 1609 764 1651; x_wconf 80' lang='grc' dir='ltr'><em>τοιοῦτον</em></span> <span class='ocrx_word' id='word_1_171' title='bbox 794 1604 925 1664; x_wconf 78' lang='grc' dir='ltr'><em>ὑγρὸν</em></span> <span class='ocrx_word' id='word_1_172' title='bbox 943 1610 1040 1659; x_wconf 89' lang='grc' dir='ltr'><em>τοῖς</em></span> <span class='ocrx_word' id='word_1_173' title='bbox 1061 1603 1220 1662; x_wconf 82' lang='grc' dir='ltr'><em>ξύλοις.</em></span> <span class='ocrx_word' id='word_1_174' title='bbox 1271 1599 1342 1659; x_wconf 83' lang='grc' dir='ltr'><em>οἷς</em></span> <span class='ocrx_word' id='word_1_175' title='bbox 1362 1621 1663 1662; x_wconf 77' lang='grc' dir='ltr'><em>επερριπτοιν</em></span> <span class='ocrx_word' id='word_1_176' title='bbox 1676 1612 1722 1646; x_wconf 88' lang='grc'><strong>20</strong></span> 
     </span>
    </p>
   </div>
   <div class='ocr_carea' id='block_1_5' title="bbox 305 1755 1662 1951">
    <p class='ocr_par' dir='ltr' id='par_1_5' title="bbox 305 1755 1662 1951">
     <span class='ocr_line' id='line_1_22' title="bbox 305 1755 1658 1806; baseline -0.002 -10"><span class='ocrx_word' id='word_1_177' title='bbox 305 1762 338 1796; x_wconf 86' lang='grc'><strong>2.</strong></span> <span class='ocrx_word' id='word_1_178' title='bbox 366 1758 537 1796; x_wconf 76' lang='grc' dir='ltr'><em>καθελὼν</em></span> <span class='ocrx_word' id='word_1_179' title='bbox 561 1760 603 1805; x_wconf 90' lang='lat' dir='ltr'><strong>F,</strong></span> <span class='ocrx_word' id='word_1_180' title='bbox 628 1762 802 1796; x_wconf 79' lang='grc' dir='ltr'><em>καθελεῖν</em></span> <span class='ocrx_word' id='word_1_181' title='bbox 826 1760 866 1796; x_wconf 92' lang='grc' dir='ltr'><strong>Ρ.</strong></span> <span class='ocrx_word' id='word_1_182' title='bbox 966 1761 1003 1800; x_wconf 69' lang='grc' dir='ltr'><strong>ἐς</strong></span> <span class='ocrx_word' id='word_1_183' title='bbox 1030 1760 1073 1806; x_wconf 89' lang='lat' dir='ltr'><strong>F,</strong></span> <span class='ocrx_word' id='word_1_184' title='bbox 1099 1763 1150 1799; x_wconf 81' lang='grc' dir='ltr'><em>εἰς</em></span> <span class='ocrx_word' id='word_1_185' title='bbox 1174 1759 1214 1796; x_wconf 90' lang='grc' dir='ltr'><strong>Ρ.</strong></span> <span class='ocrx_word' id='word_1_186' title='bbox 1361 1760 1394 1795; x_wconf 85' lang='grc'><strong>5.</strong></span> <span class='ocrx_word' id='word_1_187' title='bbox 1418 1755 1604 1794; x_wconf 72' lang='grc' dir='ltr'><em>ἀνέπεσεν</em></span> <span class='ocrx_word' id='word_1_188' title='bbox 1616 1757 1658 1803; x_wconf 87' lang='lat' dir='ltr'><strong>F,</strong></span> 
     </span>
     <span class='ocr_line' id='line_1_23' title="bbox 306 1804 1662 1866; baseline -0.001 -23"><span class='ocrx_word' id='word_1_189' title='bbox 306 1809 484 1844; x_wconf 69' lang='grc' dir='ltr'><em>ἐνέπεσεν</em></span> <span class='ocrx_word' id='word_1_190' title='bbox 507 1809 547 1845; x_wconf 92' lang='grc' dir='ltr'><strong>Ρ.</strong></span> <span class='ocrx_word' id='word_1_191' title='bbox 719 1811 752 1845; x_wconf 89' lang='grc'><em>6.</em></span> <span class='ocrx_word' id='word_1_192' title='bbox 779 1810 1027 1866; x_wconf 78' lang='grc' dir='ltr'><em>προσεξένησε</em></span> <span class='ocrx_word' id='word_1_193' title='bbox 1052 1809 1088 1844; x_wconf 87' lang='lat' dir='ltr'><strong>O.</strong></span> <span class='ocrx_word' id='word_1_194' title='bbox 1258 1810 1291 1844; x_wconf 90' lang='grc'><strong>8.</strong></span> <span class='ocrx_word' id='word_1_195' title='bbox 1318 1805 1422 1847; x_wconf 72' lang='grc' dir='ltr'><em>ἐντὸς</em></span> <span class='ocrx_word' id='word_1_196' title='bbox 1446 1804 1591 1853; x_wconf 78' lang='grc' dir='ltr'><em>ἀρκύων</em></span> <span class='ocrx_word' id='word_1_197' title='bbox 1618 1806 1662 1852; x_wconf 87' lang='lat' dir='ltr'><strong>F,</strong></span> 
     </span>
     <span class='ocr_line' id='line_1_24' title="bbox 305 1853 1660 1905; baseline -0.001 -15"><span class='ocrx_word' id='word_1_198' title='bbox 305 1854 450 1903; x_wconf 77' lang='grc' dir='ltr'><em>ἀρκύων</em></span> <span class='ocrx_word' id='word_1_199' title='bbox 474 1855 576 1896; x_wconf 70' lang='grc' dir='ltr'><em>ἐντὸς</em></span> <span class='ocrx_word' id='word_1_200' title='bbox 602 1857 642 1894; x_wconf 93' lang='grc' dir='ltr'><strong>Ρ.</strong></span> <span class='ocrx_word' id='word_1_201' title='bbox 751 1854 962 1904; x_wconf 79' lang='grc' dir='ltr'><em>ἆφήλλονῑο</em></span> <span class='ocrx_word' id='word_1_202' title='bbox 988 1858 1030 1903; x_wconf 86' lang='lat' dir='ltr'><strong>F,</strong></span> <span class='ocrx_word' id='word_1_203' title='bbox 1056 1853 1244 1905; x_wconf 82' lang='grc' dir='ltr'><em>αφήλοντο</em></span> <span class='ocrx_word' id='word_1_204' title='bbox 1273 1856 1312 1892; x_wconf 89' lang='grc' dir='ltr'><strong>Ρ.</strong></span> <span class='ocrx_word' id='word_1_205' title='bbox 1478 1857 1532 1891; x_wconf 90' lang='grc'><strong>10.</strong></span> <span class='ocrx_word' id='word_1_206' title='bbox 1560 1855 1607 1890; x_wconf 74' lang='grc' dir='ltr'><strong>δέ</strong></span> <span class='ocrx_word' id='word_1_207' title='bbox 1628 1869 1660 1889; x_wconf 88' lang='grc' dir='ltr'><strong>τι</strong></span> 
     </span>
     <span class='ocr_line' id='line_1_25' title="bbox 306 1902 1662 1951; baseline -0.001 -11"><span class='ocrx_word' id='word_1_208' title='bbox 306 1908 366 1940; x_wconf 83' lang='grc' dir='ltr'><em>καὶ</em></span> <span class='ocrx_word' id='word_1_209' title='bbox 393 1905 433 1951; x_wconf 89' lang='lat' dir='ltr'><strong>P,</strong></span> <span class='ocrx_word' id='word_1_210' title='bbox 461 1906 618 1942; x_wconf 86' lang='lat' dir='ltr'><strong>correxi.</strong></span> <span class='ocrx_word' id='word_1_211' title='bbox 758 1908 813 1942; x_wconf 84' lang='lat'><strong>18.</strong></span> <span class='ocrx_word' id='word_1_212' title='bbox 839 1911 966 1951; x_wconf 85' lang='grc' dir='ltr'><em>πίττης</em></span> <span class='ocrx_word' id='word_1_213' title='bbox 991 1906 1033 1951; x_wconf 90' lang='lat' dir='ltr'><strong>F,</strong></span> <span class='ocrx_word' id='word_1_214' title='bbox 1059 1910 1195 1951; x_wconf 83' lang='grc' dir='ltr'><em>πίσσης</em></span> <span class='ocrx_word' id='word_1_215' title='bbox 1219 1905 1258 1941; x_wconf 92' lang='grc' dir='ltr'><em>Ρ</em></span> <span class='ocrx_word' id='word_1_216' title='bbox 1397 1905 1455 1941; x_wconf 85' lang='grc'><strong>20.</strong></span> <span class='ocrx_word' id='word_1_217' title='bbox 1480 1902 1521 1939; x_wconf 82' lang='grc' dir='ltr'><em>τὸ</em></span> <span class='ocrx_word' id='word_1_218' title='bbox 1547 1904 1662 1939; x_wconf 83' lang='grc' dir='ltr'><em>τοιοῦ-</em></span> 
     </span>
    </p>
   </div>
   <div class='ocr_carea' id='block_1_6' title="bbox 305 1953 669 2000">
    <p class='ocr_par' dir='ltr' id='par_1_6' title="bbox 305 1953 669 2000">
     <span class='ocr_line' id='line_1_26' title="bbox 305 1953 669 2000; baseline 0 -11"><span class='ocrx_word' id='word_1_219' title='bbox 305 1966 370 1990; x_wconf 86' lang='grc' dir='ltr'><em>τον</em></span> <span class='ocrx_word' id='word_1_220' title='bbox 394 1954 438 2000; x_wconf 89' lang='lat' dir='ltr'><strong>F,</strong></span> <span class='ocrx_word' id='word_1_221' title='bbox 464 1953 504 1989; x_wconf 84' lang='grc' dir='ltr'><em>τὸ</em></span> <span class='ocrx_word' id='word_1_222' title='bbox 531 1966 603 1990; x_wconf 90' lang='lat' dir='ltr'><strong>om.</strong></span> <span class='ocrx_word' id='word_1_223' title='bbox 630 1954 669 1989; x_wconf 89' lang='lat' dir='ltr'><strong>P.</strong></span> 
     </span>
    </p>
   </div>
   <div class='ocr_carea' id='block_1_7' title="bbox 169 2113 1664 2888">
    <p class='ocr_par' dir='ltr' id='par_1_7' title="bbox 169 2113 1664 2887">
     <span class='ocr_line' id='line_1_27' title="bbox 171 2113 1659 2161; baseline 0.001 -13"><span class='ocrx_word' id='word_1_224' title='bbox 171 2125 258 2149; x_wconf 90' lang='lat' dir='ltr'><strong>usus</strong></span> <span class='ocrx_word' id='word_1_225' title='bbox 283 2115 447 2160; x_wconf 88' lang='lat' dir='ltr'><strong>primum</strong></span> <span class='ocrx_word' id='word_1_226' title='bbox 477 2115 711 2161; x_wconf 86' lang='lat' dir='ltr'><strong>alterumque</strong></span> <span class='ocrx_word' id='word_1_227' title='bbox 727 2115 929 2151; x_wconf 89' lang='lat' dir='ltr'><strong>circuitum</strong></span> <span class='ocrx_word' id='word_1_228' title='bbox 955 2115 1066 2161; x_wconf 85' lang='lat' dir='ltr'><strong>plane</strong></span> <span class='ocrx_word' id='word_1_229' title='bbox 1090 2115 1260 2152; x_wconf 76' lang='lat' dir='ltr'>diruerat</span> <span class='ocrx_word' id='word_1_230' title='bbox 1286 2116 1324 2150; x_wconf 90' lang='lat' dir='ltr'><strong>et</strong></span> <span class='ocrx_word' id='word_1_231' title='bbox 1348 2114 1466 2158; x_wconf 87' lang='lat' dir='ltr'><strong>tertii,</strong></span> <span class='ocrx_word' id='word_1_232' title='bbox 1483 2113 1532 2150; x_wconf 83' lang='lat' dir='ltr'><strong>ad</strong></span> <span class='ocrx_word' id='word_1_233' title='bbox 1549 2126 1659 2160; x_wconf 90' lang='lat' dir='ltr'><strong>quem</strong></span> 
     </span>
     <span class='ocr_line' id='line_1_28' title="bbox 171 2162 1661 2211; baseline 0.001 -14"><span class='ocrx_word' id='word_1_234' title='bbox 171 2166 398 2208; x_wconf 74' lang='lat' dir='ltr'><strong>perrexerat,</strong></span> <span class='ocrx_word' id='word_1_235' title='bbox 424 2163 707 2210; x_wconf 82' lang='lat' dir='ltr'><strong>propugnacula</strong></span> <span class='ocrx_word' id='word_1_236' title='bbox 732 2167 965 2210; x_wconf 76' lang='lat' dir='ltr'><strong>corruperat,</strong></span> <span class='ocrx_word' id='word_1_237' title='bbox 987 2164 1051 2199; x_wconf 88' lang='lat' dir='ltr'><strong>sed</strong></span> <span class='ocrx_word' id='word_1_238' title='bbox 1077 2167 1158 2199; x_wconf 89' lang='lat' dir='ltr'><strong>tum</strong></span> <span class='ocrx_word' id='word_1_239' title='bbox 1184 2163 1306 2211; x_wconf 83' lang='lat' dir='ltr'><strong>segnis</strong></span> <span class='ocrx_word' id='word_1_240' title='bbox 1326 2162 1447 2200; x_wconf 83' lang='lat' dir='ltr'><strong>factus</strong></span> <span class='ocrx_word' id='word_1_241' title='bbox 1469 2166 1536 2198; x_wconf 88' lang='lat' dir='ltr'><strong>est.</strong></span> <span class='ocrx_word' id='word_1_242' title='bbox 1574 2175 1661 2198; x_wconf 87' lang='lat' dir='ltr'><strong>nam</strong></span> 
     </span>
     <span class='ocr_line' id='line_1_29' title="bbox 173 2211 1663 2258; baseline 0.001 -13"><span class='ocrx_word' id='word_1_243' title='bbox 173 2214 209 2245; x_wconf 86' lang='lat' dir='ltr'><strong>et</strong></span> <span class='ocrx_word' id='word_1_244' title='bbox 233 2211 355 2256; x_wconf 90' lang='lat' dir='ltr'><strong>ipsum</strong></span> <span class='ocrx_word' id='word_1_245' title='bbox 381 2212 549 2257; x_wconf 90' lang='lat' dir='ltr'><strong>cepisset,</strong></span> <span class='ocrx_word' id='word_1_246' title='bbox 586 2213 616 2247; x_wconf 89' lang='lat' dir='ltr'><strong>si</strong></span> <span class='ocrx_word' id='word_1_247' title='bbox 652 2224 732 2248; x_wconf 88' lang='lat' dir='ltr'><strong>rem</strong></span> <span class='ocrx_word' id='word_1_248' title='bbox 773 2213 909 2258; x_wconf 84' lang='lat' dir='ltr'><strong>egisset</strong></span> <span class='ocrx_word' id='word_1_249' title='bbox 948 2213 1170 2258; x_wconf 82' lang='lat' dir='ltr'><strong>studiosius3</strong></span> <span class='ocrx_word' id='word_1_250' title='bbox 1214 2223 1342 2248; x_wconf 89' lang='lat' dir='ltr'><strong>verum</strong></span> <span class='ocrx_word' id='word_1_251' title='bbox 1384 2211 1492 2247; x_wconf 85' lang='lat' dir='ltr'><strong>scalis</strong></span> <span class='ocrx_word' id='word_1_252' title='bbox 1533 2214 1663 2256; x_wconf 83' lang='lat' dir='ltr'><strong>postea</strong></span> 
     </span>
     <span class='ocr_line' id='line_1_30' title="bbox 172 2259 1658 2307; baseline 0 -13"><span class='ocrx_word' id='word_1_253' title='bbox 172 2259 387 2295; x_wconf 84' lang='lat' dir='ltr'><strong>existimans</strong></span> <span class='ocrx_word' id='word_1_254' title='bbox 412 2272 538 2296; x_wconf 85' lang='lat' dir='ltr'><strong>muros</strong></span> <span class='ocrx_word' id='word_1_255' title='bbox 575 2261 723 2297; x_wconf 80' lang='lat' dir='ltr'><strong>ascendi</strong></span> <span class='ocrx_word' id='word_1_256' title='bbox 751 2273 868 2307; x_wconf 86' lang='lat' dir='ltr'><strong>posse,</strong></span> <span class='ocrx_word' id='word_1_257' title='bbox 906 2262 1013 2307; x_wconf 84' lang='lat' dir='ltr'>quasi</span> <span class='ocrx_word' id='word_1_258' title='bbox 1038 2262 1114 2296; x_wconf 82' lang='lat' dir='ltr'><strong>iam</strong></span> <span class='ocrx_word' id='word_1_259' title='bbox 1141 2261 1181 2296; x_wconf 90' lang='lat' dir='ltr'><strong>in</strong></span> <span class='ocrx_word' id='word_1_260' title='bbox 1205 2260 1377 2296; x_wconf 82' lang='lat' dir='ltr'><strong>manibus</strong></span> <span class='ocrx_word' id='word_1_261' title='bbox 1404 2260 1534 2295; x_wconf 87' lang='lat' dir='ltr'><strong>urbem</strong></span> <span class='ocrx_word' id='word_1_262' title='bbox 1548 2259 1658 2295; x_wconf 84' lang='lat' dir='ltr'><strong>habe-</strong></span> 
     </span>
     <span class='ocr_line' id='line_1_31' title="bbox 172 2308 1663 2355; baseline 0.001 -13"><span class='ocrx_word' id='word_1_263' title='bbox 172 2310 239 2351; x_wconf 71' lang='lat' dir='ltr'><strong>ret,</strong></span> <span class='ocrx_word' id='word_1_264' title='bbox 275 2308 517 2354; x_wconf 85' lang='lat' dir='ltr'><strong>oppugnandi</strong></span> <span class='ocrx_word' id='word_1_265' title='bbox 556 2311 833 2345; x_wconf 78' lang='lat' dir='ltr'><strong>contentionem</strong></span> <span class='ocrx_word' id='word_1_266' title='bbox 867 2310 1022 2355; x_wconf 83' lang='lat' dir='ltr'><strong>remisit,</strong></span> <span class='ocrx_word' id='word_1_267' title='bbox 1061 2309 1161 2355; x_wconf 89' lang='lat' dir='ltr'><strong>quod</strong></span> <span class='ocrx_word' id='word_1_268' title='bbox 1203 2309 1352 2355; x_wconf 87' lang='lat' dir='ltr'><strong>quidem</strong></span> <span class='ocrx_word' id='word_1_269' title='bbox 1392 2309 1447 2344; x_wconf 81' lang='lat' dir='ltr'><strong>ita</strong></span> <span class='ocrx_word' id='word_1_270' title='bbox 1471 2308 1663 2344; x_wconf 78' lang='lat' dir='ltr'><strong>Sarazenis</strong></span> 
     </span>
     <span class='ocr_line' id='line_1_32' title="bbox 172 2356 1662 2404; baseline 0.001 -14"><span class='ocrx_word' id='word_1_271' title='bbox 172 2356 326 2391; x_wconf 82' lang='lat' dir='ltr'><strong>salutem</strong></span> <span class='ocrx_word' id='word_1_272' title='bbox 354 2357 539 2403; x_wconf 83' lang='lat' dir='ltr'><strong>praebuit,</strong></span> <span class='ocrx_word' id='word_1_273' title='bbox 565 2361 618 2402; x_wconf 88' lang='lat' dir='ltr'><strong>ut,</strong></span> <span class='ocrx_word' id='word_1_274' title='bbox 645 2358 709 2404; x_wconf 91' lang='lat' dir='ltr'><strong>qui</strong></span> <span class='ocrx_word' id='word_1_275' title='bbox 734 2358 916 2394; x_wconf 84' lang='lat' dir='ltr'><strong>victoriae</strong></span> <span class='ocrx_word' id='word_1_276' title='bbox 941 2359 1137 2404; x_wconf 84' lang='lat' dir='ltr'><strong>proximus</strong></span> <span class='ocrx_word' id='word_1_277' title='bbox 1160 2361 1253 2404; x_wconf 86' lang='lat' dir='ltr'><strong>erat,</strong></span> <span class='ocrx_word' id='word_1_278' title='bbox 1285 2358 1396 2404; x_wconf 85' lang='lat' dir='ltr'><strong>longe</strong></span> <span class='ocrx_word' id='word_1_279' title='bbox 1421 2357 1468 2392; x_wconf 82' lang='lat' dir='ltr'><strong>ab</strong></span> <span class='ocrx_word' id='word_1_280' title='bbox 1498 2368 1541 2392; x_wconf 82' lang='lat' dir='ltr'><strong>ea</strong></span> <span class='ocrx_word' id='word_1_281' title='bbox 1566 2369 1662 2392; x_wconf 88' lang='lat' dir='ltr'><strong>sum·</strong></span> 
     </span>
     <span class='ocr_line' id='line_1_33' title="bbox 172 2405 1662 2452; baseline 0.001 -13"><span class='ocrx_word' id='word_1_282' title='bbox 172 2408 395 2450; x_wconf 86' lang='lat' dir='ltr'><strong>moveretur,</strong></span> <span class='ocrx_word' id='word_1_283' title='bbox 426 2406 490 2451; x_wconf 89' lang='lat' dir='ltr'><strong>qui</strong></span> <span class='ocrx_word' id='word_1_284' title='bbox 516 2417 604 2441; x_wconf 87' lang='lat' dir='ltr'><strong>vero</strong></span> <span class='ocrx_word' id='word_1_285' title='bbox 641 2407 746 2452; x_wconf 83' lang='lat' dir='ltr'><strong>quasi</strong></span> <span class='ocrx_word' id='word_1_286' title='bbox 782 2407 925 2442; x_wconf 83' lang='lat' dir='ltr'><strong>retibus</strong></span> <span class='ocrx_word' id='word_1_287' title='bbox 954 2408 1191 2451; x_wconf 87' lang='lat' dir='ltr'><strong>tenebantur,</strong></span> <span class='ocrx_word' id='word_1_288' title='bbox 1229 2418 1249 2442; x_wconf 88' lang='lat' dir='ltr'><strong>e</strong></span> <span class='ocrx_word' id='word_1_289' title='bbox 1285 2405 1427 2452; x_wconf 83' lang='lat' dir='ltr'><strong>laqueis</strong></span> <span class='ocrx_word' id='word_1_290' title='bbox 1460 2405 1662 2441; x_wconf 80' lang='lat' dir='ltr'><strong>evolarent.</strong></span> 
     </span>
     <span class='ocr_line' id='line_1_34' title="bbox 174 2453 1662 2500; baseline 0.002 -14"><span class='ocrx_word' id='word_1_291' title='bbox 174 2454 309 2487; x_wconf 84' lang='lat' dir='ltr'><strong>etenim</strong></span> <span class='ocrx_word' id='word_1_292' title='bbox 337 2453 436 2499; x_wconf 90' lang='lat' dir='ltr'><strong>quod</strong></span> <span class='ocrx_word' id='word_1_293' title='bbox 460 2457 609 2500; x_wconf 59' lang='lat' dir='ltr'><strong>tempus</strong></span> <span class='ocrx_word' id='word_1_294' title='bbox 633 2455 825 2491; x_wconf 85' lang='lat' dir='ltr'><strong>socordiae</strong></span> <span class='ocrx_word' id='word_1_295' title='bbox 848 2454 1052 2491; x_wconf 83' lang='lat' dir='ltr'><strong>Balduinus</strong></span> <span class='ocrx_word' id='word_1_296' title='bbox 1078 2455 1230 2498; x_wconf 76' lang='lat' dir='ltr'><strong>tribuit,</strong></span> <span class='ocrx_word' id='word_1_297' title='bbox 1248 2455 1287 2490; x_wconf 88' lang='lat' dir='ltr'><strong>id</strong></span> <span class='ocrx_word' id='word_1_298' title='bbox 1304 2454 1360 2490; x_wconf 89' lang='lat' dir='ltr'><strong>illi</strong></span> <span class='ocrx_word' id='word_1_299' title='bbox 1376 2453 1662 2500; x_wconf 85' lang='lat' dir='ltr'><strong>diligentissime</strong></span> 
     </span>
     <span class='ocr_line' id='line_1_35' title="bbox 174 2500 1660 2539; baseline 0.001 -4"><span class='ocrx_word' id='word_1_300' title='bbox 174 2500 220 2535; x_wconf 86' lang='lat' dir='ltr'><strong>ad</strong></span> <span class='ocrx_word' id='word_1_301' title='bbox 245 2502 342 2537; x_wconf 81' lang='lat' dir='ltr'><strong>vires</strong></span> <span class='ocrx_word' id='word_1_302' title='bbox 367 2501 583 2538; x_wconf 82' lang='lat' dir='ltr'><strong>reficiendas</strong></span> <span class='ocrx_word' id='word_1_303' title='bbox 606 2503 798 2539; x_wconf 86' lang='lat' dir='ltr'><strong>adhibent.</strong></span> <span class='ocrx_word' id='word_1_304' title='bbox 849 2504 960 2539; x_wconf 80' lang='lat' dir='ltr'><strong>etiam</strong></span> <span class='ocrx_word' id='word_1_305' title='bbox 986 2504 1114 2539; x_wconf 90' lang='lat' dir='ltr'><strong>dolum</strong></span> <span class='ocrx_word' id='word_1_306' title='bbox 1140 2503 1419 2539; x_wconf 78' lang='lat' dir='ltr'><strong>machinantur:</strong></span> <span class='ocrx_word' id='word_1_307' title='bbox 1446 2503 1536 2537; x_wconf 90' lang='lat' dir='ltr'><strong>dum</strong></span> <span class='ocrx_word' id='word_1_308' title='bbox 1563 2503 1660 2538; x_wconf 88' lang='lat' dir='ltr'><strong>enim</strong></span> 
     </span>
     <span class='ocr_line' id='line_1_36' title="bbox 173 2549 1662 2599; baseline 0.002 -16"><span class='ocrx_word' id='word_1_309' title='bbox 173 2560 211 2583; x_wconf 86' lang='lat' dir='ltr'><strong>se</strong></span> <span class='ocrx_word' id='word_1_310' title='bbox 236 2549 386 2585; x_wconf 84' lang='lat' dir='ltr'><strong>foedera</strong></span> <span class='ocrx_word' id='word_1_311' title='bbox 412 2551 507 2586; x_wconf 89' lang='lat' dir='ltr'><strong>inire</strong></span> <span class='ocrx_word' id='word_1_312' title='bbox 531 2551 624 2587; x_wconf 86' lang='lat' dir='ltr'><strong>velle</strong></span> <span class='ocrx_word' id='word_1_313' title='bbox 648 2552 826 2587; x_wconf 85' lang='lat' dir='ltr'><strong>simulant</strong></span> <span class='ocrx_word' id='word_1_314' title='bbox 851 2564 893 2588; x_wconf 83' lang='lat' dir='ltr'><strong>ac</strong></span> <span class='ocrx_word' id='word_1_315' title='bbox 918 2552 964 2588; x_wconf 85' lang='lat' dir='ltr'><strong>de</strong></span> <span class='ocrx_word' id='word_1_316' title='bbox 989 2564 1080 2598; x_wconf 83' lang='lat' dir='ltr'><strong>paee</strong></span> <span class='ocrx_word' id='word_1_317' title='bbox 1104 2553 1247 2599; x_wconf 84' lang='lat' dir='ltr'><strong>legatos</strong></span> <span class='ocrx_word' id='word_1_318' title='bbox 1285 2551 1456 2592; x_wconf 81' lang='lat' dir='ltr'><strong>mittunt,</strong></span> <span class='ocrx_word' id='word_1_319' title='bbox 1495 2562 1536 2586; x_wconf 88' lang='lat' dir='ltr'><strong>re</strong></span> <span class='ocrx_word' id='word_1_320' title='bbox 1575 2562 1662 2586; x_wconf 82' lang='lat' dir='ltr'><strong>vera</strong></span> 
     </span>
     <span class='ocr_line' id='line_1_37' title="bbox 173 2598 1664 2647; baseline 0.002 -16"><span class='ocrx_word' id='word_1_321' title='bbox 173 2609 238 2642; x_wconf 90' lang='lat' dir='ltr'><strong>per</strong></span> <span class='ocrx_word' id='word_1_322' title='bbox 275 2598 441 2634; x_wconf 85' lang='lat' dir='ltr'><strong>inducias</strong></span> <span class='ocrx_word' id='word_1_323' title='bbox 470 2599 722 2635; x_wconf 85' lang='lat' dir='ltr'><strong>defensionem</strong></span> <span class='ocrx_word' id='word_1_324' title='bbox 747 2604 903 2646; x_wconf 80' lang='lat' dir='ltr'><strong>parant3</strong></span> <span class='ocrx_word' id='word_1_325' title='bbox 938 2601 1044 2636; x_wconf 86' lang='lat' dir='ltr'><strong>illum</strong></span> <span class='ocrx_word' id='word_1_326' title='bbox 1078 2601 1197 2647; x_wconf 88' lang='lat' dir='ltr'><strong>igitur</strong></span> <span class='ocrx_word' id='word_1_327' title='bbox 1233 2612 1298 2646; x_wconf 87' lang='lat' dir='ltr'><strong>spe</strong></span> <span class='ocrx_word' id='word_1_328' title='bbox 1324 2611 1542 2646; x_wconf 87' lang='lat' dir='ltr'><strong>suspensum</strong></span> <span class='ocrx_word' id='word_1_329' title='bbox 1567 2599 1664 2635; x_wconf 83' lang='lat' dir='ltr'><strong>dolis</strong></span> 
     </span>
     <span class='ocr_line' id='line_1_38' title="bbox 172 2628 1662 2695; baseline 0.003 -16"><span class='ocrx_word' id='word_1_330' title='bbox 172 2645 299 2681; x_wconf 83' lang='lat' dir='ltr'><strong>fallere</strong></span> <span class='ocrx_word' id='word_1_331' title='bbox 329 2651 523 2683; x_wconf 85' lang='lat' dir='ltr'><strong>conantur.</strong></span> <span class='ocrx_word' id='word_1_332' title='bbox 587 2660 722 2695; x_wconf 83' lang='lat' dir='ltr'><strong>magna</strong></span> <span class='ocrx_word' id='word_1_333' title='bbox 758 2650 857 2684; x_wconf 90' lang='lat' dir='ltr'><strong>enim</strong></span> <span class='ocrx_word' id='word_1_334' title='bbox 895 2628 984 2686; x_wconf 78' lang='lat' dir='ltr'><strong>&#39;belli</strong></span> <span class='ocrx_word' id='word_1_335' title='bbox 1021 2649 1165 2685; x_wconf 86' lang='lat' dir='ltr'><strong>desidia</strong></span> <span class='ocrx_word' id='word_1_336' title='bbox 1196 2648 1461 2694; x_wconf 83' lang='lat' dir='ltr'><strong>Gallorumque</strong></span> <span class='ocrx_word' id='word_1_337' title='bbox 1498 2647 1662 2683; x_wconf 91' lang='lat' dir='ltr'><strong>militum</strong></span> 
     </span>
     <span class='ocr_line' id='line_1_39' title="bbox 173 2694 1661 2753; baseline 0.002 -25"><span class='ocrx_word' id='word_1_338' title='bbox 173 2694 407 2740; x_wconf 82' lang='lat' dir='ltr'><strong>neglegentia</strong></span> <span class='ocrx_word' id='word_1_339' title='bbox 445 2696 701 2732; x_wconf 81' lang='lat' dir='ltr'><strong>animadversa</strong></span> <span class='ocrx_word' id='word_1_340' title='bbox 737 2710 811 2733; x_wconf 81' lang='lat' dir='ltr'><strong>una</strong></span> <span class='ocrx_word' id='word_1_341' title='bbox 849 2701 1003 2743; x_wconf 84' lang='lat' dir='ltr'><strong>repente</strong></span> <span class='ocrx_word' id='word_1_342' title='bbox 1039 2701 1148 2734; x_wconf 85' lang='lat' dir='ltr'><strong>nocte</strong></span> <span class='ocrx_word' id='word_1_343' title='bbox 1185 2697 1358 2733; x_wconf 84' lang='lat' dir='ltr'><strong>fictilium</strong></span> <span class='ocrx_word' id='word_1_344' title='bbox 1396 2696 1661 2753; x_wconf 80' lang='lat' dir='ltr'><strong>amphorarum</strong></span> 
     </span>
     <span class='ocr_line' id='line_1_40' title="bbox 172 2743 1661 2792; baseline 0.003 -16"><span class='ocrx_word' id='word_1_345' title='bbox 172 2743 329 2788; x_wconf 84' lang='lat' dir='ltr'><strong>copiam,</strong></span> <span class='ocrx_word' id='word_1_346' title='bbox 368 2755 458 2788; x_wconf 82' lang='lat' dir='ltr'><strong>quas</strong></span> <span class='ocrx_word' id='word_1_347' title='bbox 482 2745 626 2790; x_wconf 89' lang='lat' dir='ltr'><strong>liquida</strong></span> <span class='ocrx_word' id='word_1_348' title='bbox 650 2746 732 2791; x_wconf 91' lang='lat' dir='ltr'><strong>pice</strong></span> <span class='ocrx_word' id='word_1_349' title='bbox 756 2746 1014 2792; x_wconf 83' lang='lat' dir='ltr'><strong>impleverant,</strong></span> <span class='ocrx_word' id='word_1_350' title='bbox 1052 2747 1092 2781; x_wconf 93' lang='lat' dir='ltr'><strong>in</strong></span> <span class='ocrx_word' id='word_1_351' title='bbox 1118 2746 1307 2782; x_wconf 82' lang='lat' dir='ltr'><strong>machinas</strong></span> <span class='ocrx_word' id='word_1_352' title='bbox 1342 2745 1430 2780; x_wconf 90' lang='lat' dir='ltr'><strong>urbi</strong></span> <span class='ocrx_word' id='word_1_353' title='bbox 1468 2745 1661 2780; x_wconf 91' lang='lat' dir='ltr'><strong>imminen-</strong></span> 
     </span>
     <span class='ocr_line' id='line_1_41' title="bbox 171 2791 1661 2840; baseline 0.003 -16"><span class='ocrx_word' id='word_1_354' title='bbox 171 2793 227 2825; x_wconf 88' lang='lat' dir='ltr'><strong>tes</strong></span> <span class='ocrx_word' id='word_1_355' title='bbox 274 2791 482 2836; x_wconf 76' lang='lat' dir='ltr'><strong>coniciunt3</strong></span> <span class='ocrx_word' id='word_1_356' title='bbox 532 2794 667 2839; x_wconf 88' lang='lat' dir='ltr'><strong>quibus</strong></span> <span class='ocrx_word' id='word_1_357' title='bbox 708 2794 896 2840; x_wconf 83' lang='lat' dir='ltr'><strong>amphoris</strong></span> <span class='ocrx_word' id='word_1_358' title='bbox 935 2795 1078 2831; x_wconf 85' lang='lat' dir='ltr'><strong>scilicet</strong></span> <span class='ocrx_word' id='word_1_359' title='bbox 1114 2794 1244 2831; x_wconf 83' lang='lat' dir='ltr'><strong>fractis</strong></span> <span class='ocrx_word' id='word_1_360' title='bbox 1282 2805 1367 2830; x_wconf 87' lang='lat' dir='ltr'><strong>cum</strong></span> <span class='ocrx_word' id='word_1_361' title='bbox 1404 2794 1661 2829; x_wconf 80' lang='lat' dir='ltr'><strong>machinarum</strong></span> 
     </span>
     <span class='ocr_line' id='line_1_42' title="bbox 169 2837 1662 2888; baseline 0.003 -15"><span class='ocrx_word' id='word_1_362' title='bbox 169 2837 274 2885; x_wconf 84' lang='lat' dir='ltr'><strong>ligna</strong></span> <span class='ocrx_word' id='word_1_363' title='bbox 298 2838 462 2885; x_wconf 86' lang='lat' dir='ltr'><strong>undique</strong></span> <span class='ocrx_word' id='word_1_364' title='bbox 486 2840 632 2887; x_wconf 89' lang='lat' dir='ltr'><strong>liquore</strong></span> <span class='ocrx_word' id='word_1_365' title='bbox 655 2842 879 2878; x_wconf 86' lang='lat' dir='ltr'><strong>circumfusa</strong></span> <span class='ocrx_word' id='word_1_366' title='bbox 905 2846 1036 2888; x_wconf 86' lang='lat' dir='ltr'><strong>essent,</strong></span> <span class='ocrx_word' id='word_1_367' title='bbox 1062 2843 1235 2879; x_wconf 83' lang='lat' dir='ltr'><strong>ardentes</strong></span> <span class='ocrx_word' id='word_1_368' title='bbox 1259 2843 1298 2878; x_wconf 91' lang='lat' dir='ltr'><strong>in</strong></span> <span class='ocrx_word' id='word_1_369' title='bbox 1325 2853 1367 2878; x_wconf 82' lang='lat' dir='ltr'><strong>ea</strong></span> <span class='ocrx_word' id='word_1_370' title='bbox 1383 2841 1482 2878; x_wconf 77' lang='lat' dir='ltr'><strong>faces</strong></span> <span class='ocrx_word' id='word_1_371' title='bbox 1499 2842 1662 2878; x_wconf 83' lang='lat' dir='ltr'><strong>iaculan-</strong></span> 
     </span>
    </p>
   </div>
   <div class='ocr_carea' id='block_1_8' title="bbox 1699 2877 1729 2894">
    <p class='ocr_par' dir='ltr' id='par_1_8' title="bbox 1699 2877 1729 2894">
     <span class='ocr_line' id='line_1_43' title="bbox 1699 2877 1729 2894; baseline 0 0"><span class='ocrx_word' id='word_1_372' title='bbox 1699 2877 1729 2894; x_wconf 51' lang='grc' dir='ltr'><strong>κθ·</strong></span> 
     </span>
    </p>
   </div>
  </div>
 </body>
</html>
