1806 3132
285 226 369 271 664
800 235 978 272 cARom
1006 236 1247 272 DUCANGH

275 354 484 407 paternos
512 352 561 395 iu
589 352 738 395 vestitu
767 355 806 395 et
837 351 1088 406 capillorum
1116 355 1295 395 tonsura
1324 351 1644 408 dereliquerunt,
1666 368 1768 409 quos

275 408 413 464 paulo
434 411 535 463 post
567 408 791 464 burqeuses
820 412 858 451 et
885 409 1046 461 rustici,
1076 412 1115 452 et
1133 423 1246 463 peue
1275 413 1405 453 totum
1433 410 1584 466 vulqus
1610 411 1767 455 imitati

283 469 394 509 suut.
454 466 509 508 Et
536 465 610 508 lib.
633 466 698 509 11.
742 465 799 508 Iu
827 467 1081 509 nutrimento
1112 469 1249 509 autem
1292 480 1505 510 comarum
1545 467 1768 511 mulierum

283 536 476 577 sequaces
505 523 795 566 aestimantur.
848 522 993 566 Gallos
1027 523 1183 566 veteres
1212 523 1254 565 et
1284 523 1467 566 Francos
1497 536 1659 567 comam
1690 538 1769 567 nu-

284 579 451 622 trivisse
478 579 620 633 palam
649 580 710 623 est
738 593 785 622 ex
802 578 984 622 Cedreno
1013 592 1110 634 pag.
1127 579 1224 622 453.
1253 580 1294 622 et
1323 593 1370 623 ex
1397 580 1450 623 iis
1480 594 1586 635 quae
1615 582 1767 625 notant

286 635 517 679 Salmasius
561 636 615 679 ad
659 635 863 687 Solinum,
910 635 1151 679 Gosselinus
1194 636 1238 678 in
1276 636 1436 680 Histor.
1478 638 1606 681 veter.
1653 637 1764 681 Gall.

285 693 581 739 Hotomannus
629 693 670 735 et
717 693 995 736 Matharellus
1043 693 1087 735 in
1127 693 1395 749 Franeogall.
1444 694 1591 737 contra
1641 708 1767 750 quam

286 749 449 803 Graeci,
493 749 564 805 qui
612 750 737 804 caput
782 749 1027 801 tondebant,
1063 750 1112 792 ut
1143 750 1205 792 est
1234 750 1280 793 in
1309 750 1442 806 Epist.
1472 750 1651 794 Adriani
1680 752 1766 795 ΡΡ.

286 806 340 850 ad
369 805 504 849 Carol.
534 806 591 849 Μ.
622 819 669 849 ex
699 806 751 849 iis
783 819 887 861 quas
917 806 1049 849 edidit
1070 805 1304 850 Gretzerus.
1370 807 1503 863 Angli
1548 808 1675 851 etiam
1720 822 1768 852 ea

285 863 533 917 tempestate
566 876 729 906 comam
758 863 1011 916 nutriebant,
1045 876 1126 918 quo
1159 864 1327 907 nomine
1355 864 1409 908 ab
1438 863 1638 907 Anselmo
1661 865 1770 909 Oan-

285 920 488 962 tuariensi
519 918 840 974 Archiepiscopo
872 933 955 963 non
985 920 1111 963 semel
1140 920 1306 975 carptos
1343 921 1466 964 autor
1495 921 1558 964 est
1589 921 1770 965 Eadme-

286 988 356 1018 rus
386 976 458 1018 lib.
483 976 520 1019 1.
542 977 580 1019 3.
614 977 655 1019 et
683 977 722 1019 4.
761 977 873 1019 Hist.
904 977 1059 1020 Novor.
1090 977 1131 1020 et
1159 990 1205 1020 ex
1235 990 1281 1020 eo
1300 977 1541 1021 Willelmus
1569 977 1769 1022 Malmes-

286 1032 503 1076 buriensis.

49 1114 274 1162 Pag.406.A
420 1099 524 1159 Εἶχε
555 1103 603 1149 δὲ
634 1103 803 1158 οὕτως]
838 1107 900 1150 De
931 1119 1031 1162 pace
1060 1107 1228 1151 firmata
1248 1108 1359 1152 inter
1378 1107 1573 1152 Alexium
1603 1109 1644 1151 et
1664 1108 1771 1151 Boe-

287 1162 491 1205 mundum
532 1164 668 1218 agunt
707 1163 919 1219 praeterea
949 1164 1193 1207 Fulcherius
1230 1164 1398 1208 Carnot.
1433 1165 1505 1208 lib.
1529 1166 1568 1208 2.
1594 1178 1682 1219 cap.
1704 1165 1771 1207 37.

286 1219 487 1264 Albertus
515 1219 597 1275 Aq.
627 1220 700 1263 lib.
725 1221 788 1263 10.
820 1233 910 1275 cap.
930 1220 998 1263 44.
1032 1221 1251 1265 Ordericus
1282 1222 1323 1265 et
1369 1222 1590 1265 Mathaeus
1634 1222 1767 1265 Paris.

289 1275 341 1320 A.
371 1285 505 1319 MCIX.
537 1277 668 1320 Vetus
698 1276 886 1332 Scriptor
916 1277 1032 1320 Tom.
1052 1278 1092 1320 4.
1126 1278 1239 1321 Hist.
1270 1279 1339 1322 Fr.
1370 1292 1466 1334 pag.
1488 1279 1555 1322 95.
1610 1311 1612 1313 -

252 1352 279 1388 C
426 1348 611 1403 Λίζιον]
652 1350 870 1395 Vassallus
899 1351 1062 1407 Liyius,
1093 1352 1246 1396 nostris
1272 1365 1351 1396 vox
1381 1353 1495 1395 nota.
1538 1353 1654 1395 Ioan.
1673 1351 1771 1395 Cin-

289 1419 437 1450 namus
465 1407 539 1450 lib.
562 1408 600 1450 2.
631 1406 702 1450 καὶ
731 1407 867 1462 λίζιον
896 1404 1029 1450 αὐτὸν
1060 1405 1315 1468 ἐποιήσατο.
1374 1409 1491 1452 Idem
1522 1409 1595 1452 lib.
1617 1409 1655 1451 5.
1700 1406 1773 1450 καὶ

289 1462 458 1514 δοῦλος,
489 1457 541 1506 οὗ
572 1462 649 1521 βίᾳ
676 1460 754 1507 τὸν
787 1461 911 1520 ζυγὸν
943 1461 1126 1517 ὑποδὺς,
1166 1490 1223 1495 -
1266 1459 1373 1508 ἀλλὰ
1413 1465 1570 1516 δοῦλος
1613 1461 1769 1507 ἐθελό-

288 1519 463 1571 ὂουλος·
493 1516 720 1590 ἓρμτὶνευει
750 1521 798 1564 δέ
829 1537 901 1564 σοι
931 1524 1063 1566 τοῦτο
1094 1521 1144 1565 τό
1175 1521 1323 1576 λίζιον.
1372 1522 1590 1566 Eiusmodi
1633 1535 1771 1565 servos

289 1571 473 1627 δούλους
503 1575 548 1620 ἑν
588 1574 736 1632 ὅρκοις
774 1579 962 1633 apposite
997 1580 1120 1623 vocat
1149 1580 1426 1635 Pachymeres
1457 1580 1529 1623 lib.
1551 1581 1591 1622 6.
1622 1592 1710 1634 cap.
1730 1580 1768 1621 6.

289 1645 392 1688 quos
421 1633 495 1676 lib.
517 1634 557 1677 5.
588 1647 677 1690 cap.
703 1636 768 1678 10.
800 1635 963 1689 λιζίους
982 1637 1187 1691 appellat:
1216 1629 1358 1687 ἄλλως
1385 1633 1525 1678 δὲκαὶ
1545 1634 1768 1691 παρέσπα,

289 1689 361 1732 καὶ
390 1687 529 1742 ἰδίους
559 1689 716 1743 ἐποίει,
748 1691 925 1743 λυσίους
956 1692 1098 1748 (scrib.
1121 1691 1301 1749 λιζίους)
1333 1687 1459 1735 εἶπεν
1486 1685 1538 1734 ἅν
1557 1708 1635 1744 τις,
1661 1691 1772 1734 ἑκεί-

289 1762 375 1788 νων
403 1748 503 1797 ταῖς
533 1741 796 1801 ε’ὖμενείαιω
839 1750 912 1793 ubi
941 1745 1055 1800 ἴδιος
1083 1749 1194 1793 idem
1224 1751 1346 1793 sonat
1375 1762 1425 1793 ac
1453 1750 1614 1793 solidus
1638 1750 1770 1801 homo,

287 1803 332 1846 in
357 1816 403 1847 eo
434 1804 619 1848 hominio
650 1806 761 1860 quod
796 1806 999 1849 recitatur
1028 1807 1072 1849 in
1108 1806 1198 1850 vita
1227 1807 1351 1850 Beati
1387 1806 1602 1861 Oldegarii
1634 1806 1770 1860 Episc.

289 1860 632 1905 Barcinonensis:
662 1861 765 1905 Iuro
797 1877 871 1917 eqo
891 1863 1100 1906 Robertus
1122 1863 1452 1907 Tarraconen-sis
1470 1863 1676 1917 Princeps
1693 1863 1770 1905 tibi

289 1916 473 1960 Domino
502 1931 590 1961 meo
623 1917 849 1974 Oldeyario
884 1920 1068 1963 eiusdem
1096 1920 1280 1964 civitatis
1299 1919 1638 1973 Archiepioeopo,
1663 1919 1773 1974 quod

290 1973 341 2016 ab
372 1973 450 2016 hac
479 1974 547 2017 die
574 1979 612 2018 et
642 1976 838 2030 deinceps
864 1977 1004 2031 fidelis
1034 1977 1153 2020 homo
1183 1981 1222 2020 et
1249 1977 1412 2020 solidus
1440 1990 1510 2019 ero
1536 1977 1613 2019 tibi
1633 1980 1671 2019 et
1690 1975 1771 2019 Ec-

288 2030 439 2073 clesiae
479 2035 586 2075 tuae.
634 2033 810 2076 Iacobus
840 2034 874 2076 I.
905 2033 992 2076 Rex
1022 2034 1269 2087 Aragonum
1311 2033 1355 2075 in
1388 2032 1769 2076 Constitutionibus

291 2086 535 2131 Catalaniae
561 2088 681 2132 MSS.
717 2102 823 2144 quae
857 2090 1000 2133 extant
1037 2090 1083 2132 in
1113 2090 1376 2133 Bibliotheca
1407 2089 1584 2133 Thuana
1613 2090 1685 2132 fol.
1706 2090 1772 2132 61.

289 2142 463 2196 Duplex
490 2148 550 2187 est
578 2144 829 2200 homayium,
862 2147 1052 2190 videlicet
1089 2147 1330 2202 homaqium
1373 2145 1566 2198 solidum,
1610 2149 1648 2189 et
1687 2159 1773 2188 nou

287 2199 482 2243 solidum.
541 2201 800 2257 Homayium
827 2203 1009 2260 solidum
1036 2207 1095 2246 est
1126 2204 1248 2257 quasi
1275 2216 1425 2258 yercus
1456 2202 1712 2258 leyalitatem
1734 2206 1772 2245 et

285 2255 556 2309 fidelitatem:
585 2272 687 2301 uam
715 2259 834 2302 homo
863 2259 1027 2303 solidus
1058 2260 1259 2303 adversus
1283 2266 1423 2302 omnes
1449 2260 1559 2313 yera
1584 2258 1773 2313 fidelita-

289 2316 369 2355 tem
398 2312 581 2357 Domino
608 2328 697 2368 suo,
725 2319 764 2358 et
792 2317 856 2359 ita
884 2317 933 2360 iu
962 2316 1155 2371 homayio
1197 2316 1332 2359 solido
1373 2316 1518 2359 nullus
1562 2316 1771 2369 excipitur

290 2369 365 2411 etc.
395 2369 654 2426 Homayium
681 2376 819 2415 autem
846 2387 932 2416 nou
958 2372 1140 2416 solidum
1168 2377 1239 2425 est,
1269 2373 1438 2426 quaudo
1469 2372 1633 2426 aliquid
1661 2372 1772 2414 exci-

282 2426 406 2479 pitur
429 2426 627 2479 faciendo
655 2429 908 2484 homayium,
940 2443 1033 2473 cum
1063 2430 1239 2482 dicitur‚·
1268 2429 1403 2472 Facio
1422 2429 1499 2472 tibi
1517 2429 1771 2483 homagium,

289 2486 460 2536 excepta
485 2483 704 2541 fidelitate,
733 2500 859 2540 quam
888 2486 1010 2529 debeo
1042 2485 1226 2530 Domino
1256 2499 1344 2529 meo
1375 2485 1510 2529 solido
1531 2486 1608 2528 ete.
1656 2485 1772 2539 Ligi-

290 2551 362 2580 um
389 2552 413 2581 a
442 2539 614 2591 ligando
645 2542 804 2585 dictum
832 2543 931 2585 sunt
961 2543 1033 2597 qui
1064 2543 1236 2597 putant;
1269 2555 1350 2597 quo
1380 2555 1479 2585 sane
1508 2542 1674 2585 videtur
1704 2541 1767 2584 al-

290 2594 435 2638 lusisse
452 2595 692 2641 Willelmus
722 2599 843 2642 Brito
874 2599 946 2642 lib.
969 2601 1006 2642 2.
1036 2599 1216 2654 Philipp.

489 2663 596 2708 Esse
625 2667 842 2710 tenebatur
870 2667 989 2711 homo
1021 2668 1151 2723 liyius
1179 2671 1302 2722 atque
1325 2666 1478 2721 fidelis,

490 2720 551 2763 Et
579 2725 793 2778 tamquam
821 2723 1007 2767 Domino
1035 2725 1219 2767 iurando
1245 2725 1339 2767 iure
1367 2723 1510 2778 liyari.

291 2786 345 2827 Et
374 2786 496 2829 Dudo
527 2788 598 2832 lib.
621 2791 659 2831 2.
693 2791 742 2834 de
771 2791 921 2835 Morib.
952 2792 993 2834 et
1022 2790 1135 2834 Gest.
1163 2791 1310 2834 Norm.
1348 2790 1480 2834 Dedit
1509 2803 1670 2833 omnem
1688 2793 1772 2833 ter-

290 2855 384 2886 ram
411 2855 512 2887 suae
540 2845 717 2890 ditionis
738 2847 830 2902 silio
858 2861 934 2892 suo
962 2847 1184 2904 VVillelmo,
1209 2851 1332 2903 atque
1349 2847 1461 2891 inter
1489 2861 1642 2891 manus
1664 2846 1771 2891 Wil-
