1734 3120
502 228 557 261 m
584 226 872 261 ALExiADEM
902 229 1064 262 NOTAE
1445 223 1524 266 421

45 341 293 397 Comnenus,
322 339 474 384 Isaaoii
506 339 860 384 Sebastocratoris
891 341 1015 384 filius.
1082 342 1162 386 Sed
1202 344 1244 386 et
1277 344 1371 387 inde
1402 345 1530 389 Ducis

42 397 309 442 honorariam
340 396 663 452 appellationem
695 397 918 453 Dyrrachii
947 399 1141 442 Dominis
1169 413 1215 443 ex
1244 402 1368 454 gente
1398 402 1530 445 Fran—

40 455 129 498 cica
160 454 413 498 attributam
442 453 530 496 iam
557 453 659 496 olim
690 467 715 496 a
745 454 863 497 nobis
894 455 1161 499 observatum
1192 457 1235 498 in
1253 457 1365 500 Hist.
1381 460 1529 503 nostra

44 510 430 566 Gallo-Byzantina
459 510 533 554 lib.
553 510 592 553 8.
624 509 677 553 N.
698 511 738 554 2.

175 560 426 635 ’Λναδςομὴ
457 562 685 636 ρώματοξι
718 567 836 635 Infra
862 567 913 610 de
932 568 1139 623 Bryennio
1170 582 1266 625 pag.
1291 571 1355 612 11.
1387 566 1569 612 καθά-Ο

43 639 130 693 ζτερ
174 639 244 692 τις
285 638 407 679 γιγας
448 638 707 678 υπερωμιας
759 638 823 675 εις
877 625 1021 683 πῆχυν
1071 622 1146 667 ἕνα
1190 627 1278 667 τῶν
1321 622 1529 668 ἁπάντων

43 680 453 792 ιπερῗίῗιμεστὶκῖὖ
478 679 1018 802 Νιὲίὲὓξῗῖἰερῆἐὸῐῗιὲἦοῐυω
1064 738 1368 793 Imperatorum
1409 740 1574 783 rebusD

41 807 92 837 ac
122 793 391 838 Constantini
466 829 475 837 .
506 794 745 848 partitione,
776 807 1072 849 variarumque
1108 795 1300 850 gentium
1331 796 1527 851 irruptio-

45 851 164 894 nibus
195 850 393 894 mutilato
421 850 615 905 Imperio,
649 850 760 905 quod
791 850 996 906 reliquum
1035 851 1116 893 fuit
1147 851 1528 907 Constantinopoli-

40 908 131 951 tani
158 907 428 963 Principatus
455 907 500 949 in
545 906 650 950 duas
679 908 819 961 partes
860 907 1132 950 distributum
1175 908 1269 960 fuit,
1316 908 1528 952 Orientem

43 964 237 1007 videlicet
266 965 308 1008 et
336 963 619 1016 Occidentem,
663 963 725 1007 ita
770 963 906 1007 dictas
946 965 1133 1019 respectu
1173 965 1379 1020 Byzantii.
1437 966 1529 1008 Hae

41 1034 206 1064 rursum
235 1020 395 1064 divisae
426 1020 470 1062 in
499 1020 759 1071 Provincias,
791 1034 862 1063 seu
886 1020 1076 1074 Θέματα,
1098 1034 1205 1076 quae
1227 1021 1528 1064 Constantinus

41 1078 438 1134 Porphyrogenneta
467 1076 629 1120 duobus
656 1076 776 1120 libris
806 1077 1021 1133 eleganter
1043 1078 1278 1132 complexus
1301 1079 1375 1121 est.
1420 1079 1528 1121 The-

40 1134 156 1178 mata
186 1147 282 1178 vero
311 1133 468 1190 partim
497 1147 522 1176 a
544 1133 744 1186 Ducibus,
760 1133 916 1189 partim
937 1148 962 1177 a
984 1134 1295 1186 ConsularibuS‚
1327 1135 1527 1190 quemad-

38 1190 211 1234 modum
242 1191 382 1234 stante
410 1190 603 1233 Romana
632 1190 734 1245 Rep.
766 1191 1085 1234 Provinciarum
1124 1190 1232 1234 aliae
1261 1204 1287 1234 a
1316 1191 1524 1234 Praetori-

38 1249 127 1299 bus,
169 1247 256 1291 alia
299 1260 325 1291 a
354 1246 654 1291 Consularibus
700 1247 963 1301 regebantur.
1035 1247 1221 1290 Ducibus
1256 1247 1433 1303 denique
1476 1261 1526 1290 ac

39 1304 338 1348 Consularibus
367 1303 589 1359 praeerant
616 1303 847 1347 Domestici
878 1304 982 1347 duo:
1012 1305 1126 1359 prior
1154 1304 1226 1359 qui
1242 1303 1526 1347 Orientalibus

39 1361 272 1404 Provinciis
312 1360 549 1416 imperabat
574 1357 851 1414 Δομεστικὸς
872 1361 962 1403 τῶν
980 1355 1276 1402 Ἀνατολικῶν
1299 1356 1523 1414 Θεμάτων,

38 1417 240 1472 posterior
282 1418 355 1474 qui
385 1417 723 1461 Occidentalibus
767 1417 858 1459 τῶν
889 1418 1090 1461 Δι’τικῶν
1130 1417 1358 1461 dicebatur.
1434 1418 1527 1461 Hac

38 1475 248 1530 postrema
277 1474 472 1517 functum
500 1473 712 1529 dignitate
742 1474 938 1517 Alexiuni
983 1475 1116 1518 tradit
1151 1476 1317 1529 praeter
1347 1473 1525 1517 Graecos

38 1531 269 1586 Scriptores
291 1530 532 1574 Willelmus
561 1530 752 1574 Antistes
783 1531 935 1587 Tyrius
966 1531 1036 1574 lib.
1058 1533 1095 1575 2.
1129 1544 1217 1586 cap.
1240 1532 1279 1574 5.

170 1581 433 1644 Ἀθάνατοι]
465 1587 827 1642 Quemadmodum
856 1589 956 1631 olim
987 1588 1097 1643 apud
1119 1587 1266 1630 Persas
1294 1588 1384 1630 erat
1412 1588 1522 1644 legio
1534 1597 1734 1645 Pag.1o.A

36 1644 247 1697 militaris,
276 1658 405 1700 quam
434 1645 524 1686 τῶν
546 1640 813 1686 Ἀθανάτων
845 1645 1126 1700 appellabant,
1165 1646 1214 1686 ut
1253 1644 1449 1687 docemur
1476 1657 1523 1687 ex

37 1701 241 1757 Procopio
270 1701 343 1745 lib.
363 1711 394 1745 Ι.
424 1701 475 1744 de
503 1701 623 1744 Bello
652 1701 834 1753 Persico,
867 1702 1116 1756 Theophane
1145 1701 1188 1743 in
1211 1700 1411 1743 Theodos.
1432 1701 1523 1745 Iun.

39 1759 120 1802 An.
151 1768 288 1802 XVIII.
319 1757 552 1812 Freculpho
582 1757 657 1801 To.
678 1759 717 1801 2.
748 1758 820 1802 lib.
843 1760 882 1802 5.
913 1771 1001 1813 cap.
1028 1759 1092 1801 10.
1123 1759 1164 1801 et
1183 1757 1278 1800 aliis
1299 1757 1524 1811 Scriptori-

37 1815 127 1867 bus‚
157 1827 261 1870 quos
294 1814 447 1858 laudat
473 1814 715 1857 Brissonius
757 1815 830 1858 lib.
873 1815 924 1858 de
954 1815 1098 1870 Regno
1128 1815 1305 1866 Persar.,
1343 1813 1405 1856 ita
1448 1814 1524 1856 ha-

37 1871 192 1915 bebant
220 1870 448 1927 Byzantini
477 1871 769 1925 Imperatores,
800 1871 1062 1914 Persicorum
1092 1869 1334 1924 Principum
1364 1869 1522 1922 simiae,

37 1940 134 1971 suos
162 1927 435 1979 immortales,
476 1940 579 1983 quos
609 1941 634 1970 a
670 1927 904 1983 Nicephoro
934 1928 1180 1982 Logotheta,
1218 1926 1290 1980 qui
1334 1926 1411 1968 sub
1440 1925 1523 1968 Mi-

38 1985 179 2028 chaele
205 1985 324 2028 Duca
353 1997 492 2027 rerum
515 1983 676 2039 potitus
706 1986 780 2039 est,
818 1987 910 2027 tum
941 1985 1108 2027 demum
1149 1982 1366 2025 institutos
1396 1981 1523 2024 refert

36 2041 272 2097 Bryennius
305 2041 376 2084 lib.
398 2042 437 2084 4.
469 2041 522 2084 N.
541 2042 581 2083 4.
613 2041 764 2096 quibus
805 2041 847 2083 id
892 2041 1071 2084 nominis
1118 2039 1279 2082 videtur
1326 2038 1521 2094 inditum,

36 2098 148 2153 quod
177 2098 291 2152 pacis
319 2110 449 2153 aeque
478 2110 528 2141 ac
557 2098 658 2140 belli
688 2098 874 2153 tempore
903 2098 1148 2148 militarent,
1171 2096 1357 2150 essetque
1378 2107 1520 2138 eorum

37 2154 183 2198 cohors
215 2154 360 2198 schola
393 2155 627 2198 vacationis
667 2169 830 2209 semper
860 2156 1029 2210 iynara,
1072 2152 1182 2208 quod
1226 2150 1276 2194 de
1318 2150 1518 2207 peculiari

37 2211 220 2267 quadam
253 2210 395 2255 Caroli
421 2211 479 2255 M.
509 2212 616 2267 Imp.
645 2213 814 2255 caterva
834 2212 1011 2254 militari
1040 2210 1146 2252 dixit
1166 2208 1397 2251 Monachus
1412 2208 1519 2251 San-

36 2267 237 2323 gallensis
265 2267 340 2312 lib.
361 2269 399 2312 2.
437 2281 527 2324 cap.
556 2270 624 2313 26.
695 2268 815 2312 Unde
852 2268 976 2311 Anna
1023 2267 1074 2309 de
1117 2265 1346 2308 Athanatis
1391 2277 1519 2320 agens

34 2325 108 2368 lib.
129 2326 166 2369 2.
206 2338 303 2380 pag.
324 2325 392 2369 62.
432 2325 551 2379 din't,
599 2323 849 2381 στράτευμα
894 2324 941 2367 δὲ
987 2326 1119 2366 τοῦτο
1165 2323 1242 2381 τῆς
1280 2321 1519 2420 Ῥωμαϊκᾷὲ

36 2377 263 2436 δυνάμεως
286 2378 541 2435 ἷδιαίτατον,
583 2383 683 2438 qnia
726 2382 920 2425 videlicet
960 2383 1073 2437 pacis
1116 2378 1283 2435 perinde
1326 2392 1377 2421 ac
1420 2379 1470 2421 be
1507 2378 1516 2386 '

34 2439 220 2494 tempore
240 2439 568 2494 Imperatoribus
601 2440 828 2483 merebant.
876 2438 1081 2482 Athenaei
1110 2436 1302 2490 corrupte
1322 2435 1520 2477 dicuntur

36 2495 259 2595 guldebgdo
302 2495 375 2539 lib.
411 2497 451 2539 2.
521 2496 699 2540 Consule
742 2497 953 2550 praeterea
1000 2493 1213 2538 Glossaria
1257 2490 1435 2546 Rigaltii
1479 2491 1520 2533 et

71 2565 97 2595 a
126 2565 173 2595 ro
212 2587 221 2596 .

167 2601 238 2651 ’Ex
266 2611 346 2652 τοῦ
374 2607 622 2665 Χώματος]
652 2610 758 2653 Vide
788 2609 948 2652 Notata
977 2607 1029 2650 ad
1060 2619 1154 2662 pag.
1175 2607 1241 2648 92.
1531 2616 1562 2651 Β

170 2663 426 2725 Κηδόκτου]
474 2664 561 2710 Τὸν
593 2663 823 2724 Κηδόκτου
857 2666 1001 2719 χῶρον
1049 2663 1203 2706 habent
1246 2661 1448 2716 Scylitzes
1476 2661 1560 2712 etc

32 2722 217 2781 >Zonaras
244 2723 289 2767 in
312 2724 516 2768 Michaele
546 2724 777 2779 Rhangabe
808 2723 850 2764 et
878 2721 1003 2764 Mieh.
1036 2720 1179 2762 Balbo.

172 2777 465 2824 Κληπιτεῦειν
493 2777 571 2839 τὴν
600 2779 742 2836 νίκην]
774 2778 889 2822 Boni
919 2778 1031 2820 enim
1046 2776 1198 2831 Duces,
1228 2775 1290 2818 ait
1313 2774 1514 2830 Vegetius
1532 2781 1560 2816 C

32 2835 106 2879 lib.
127 2837 167 2881 3.
197 2850 285 2893 cap.
310 2839 374 2882 10.
410 2852 498 2882 non
526 2841 672 2894 aperio
700 2836 845 2880 Marte
865 2834 1093 2891 praelium,
1130 2833 1176 2875 in
1205 2845 1284 2888 quo
1313 2835 1373 2875 est
1403 2844 1514 2875 com-
