1734 3120
192 214 274 258 292
706 223 872 258 ANNAE
906 222 1174 259 ooMNEnAE

191 333 298 392 ἐμὸν
327 335 498 392 πατέρα
540 334 690 391 τρίτου
730 333 784 379 τὰ
821 337 899 394 τῆς
941 336 1166 392 βασιλείας
1195 337 1399 396 σκῆπτρα
1427 336 1673 390 διέποντος,

192 401 266 448 ὅτε
296 403 370 447 καὶ
398 404 522 448 πᾶσα
550 403 757 447 κολακεία
785 403 858 447 καὶ
888 405 1058 461 ψεῦδος
1076 406 1140 462 τῷ
1164 401 1343 463 πάππῳ
1370 399 1489 463 αὐτῷ
1511 419 1678 448 συναπ-

150 472 370 529 Βέρρευσε
418 469 599 515 πάντων
644 469 722 515 τὸν
765 469 1060 530 ἐφιστάμενον
1102 471 1182 529 μὲν
1215 468 1386 529 θρόνον
1418 468 1679 516 κολακευόν-

190 557 292 594 των,
325 538 441 597 πρὸς
463 539 512 584 δὲ
530 537 610 583 τὸν
629 534 943 597 οἷπερρυηκότα
969 539 1105 598 μηδέν
1125 557 1168 584 τι
1186 539 1266 597 μὲν
1286 540 1496 594 θωπείας
1517 540 1679 585 ἐνδεικ-

192 608 405 665 νυμένων,
448 606 587 665 γυμνά
642 607 691 652 δὲ
734 605 788 651 τά
832 604 1068 665 πράγματα
1111 609 1408 666 διηγουμένων
1451 608 1524 652 καὶ
1569 603 1714 656 αὕτὰῡ

190 675 406 734 λεγόντων
427 673 581 734 ὥσπερ
603 674 848 734 ἐσχήκασιν.
894 673 976 733 ἐγώ
998 677 1079 732 μὲν
1098 673 1179 734 γὰρ
1199 674 1278 730 τὰς
1300 677 1491 735 ἐμαυτῆς
1505 693 1680 736 συμφο-

191 743 274 802 ροὶς
302 740 613 803 ἀποδυρομένη
644 742 753 788 κατὰ
783 741 887 789 τόδε
918 746 1071 802 καιροῦ
1093 748 1214 802 τρεῖς
1237 746 1435 801 βασιλεῖς
1450 747 1681 804 θρηνοῦσα

189 811 268 857 τὸν
298 814 469 870 πατέρα
511 813 584 857 καὶ
627 807 931 871 αὖτοκράτορα
975 813 1048 857 καὶ
1092 811 1171 873 την
1209 811 1317 872 ἐμὴν
1352 810 1565 859 δεσπότιν
1608 814 1681 857 καὶ

189 882 356 940 μητέρα
385 881 458 925 καὶ
483 881 689 937 βασιλίδα
718 882 791 925 καὶ
819 879 898 925 τὸν
927 876 1045 937 έμόν,
1082 879 1216 938 οἶμοι,
1255 879 1445 940 σύζυγον
1475 882 1681 938 Καίσαρα

191 947 435 1008 έγγωνιάζω
478 947 533 994 τὰ
577 950 724 994 πολλοὶ
752 950 827 993 καὶ
859 950 1050 1006 βιβλίοις
1079 951 1153 994 καὶ
1184 953 1285 1009 Θεῷ
1314 947 1734 1008 προσανάκειμαι.ΙΕ

190 1014 395 1063 καὶοῦδὲ
433 1023 531 1071 τοῖς
568 1013 885 1077 ἀφανεστέροις
929 1018 1097 1073 ἐξέσται
1139 1021 1229 1062 τῶν
1271 1013 1532 1076 ἅνθρώπων
1575 1019 1678 1077 παρ’

152 1085 304 1148 οὴμᾶς
335 1089 510 1146 φοιτᾶν,
538 1085 599 1145 μὴ
622 1085 693 1132 ὅτι
711 1103 758 1145 γε
780 1087 834 1131 δι’
857 1077 918 1130 (ὗν
933 1084 1178 1143 μανθάνειν
1209 1084 1397 1144 εἴχομεν,
1426 1084 1543 1144 ἅπερ
1574 1089 1678 1143 παρ’

38 1152 81 1190 V·
109 1150 336 1200 354ἷ>ἔλλων
366 1154 650 1214 διακηκοότες
685 1152 928 1213 ἐτύγχανον,
972 1156 1045 1199 καὶ
1082 1159 1180 1208 τοῖς
1209 1159 1289 1199 τοῦ
1320 1153 1492 1214 πατρὸς
1522 1155 1683 1201 οἰκειο-

189 1221 350 1277 τάτοις.
409 1223 473 1277 εἰς
497 1220 761 1282 τριακοστὸν
790 1220 869 1281 γὰρ
899 1225 1032 1268 τοῦτο
1066 1221 1181 1282 ἔτος,
1224 1221 1287 1281 μὰ
1316 1222 1395 1278 τὰς
1426 1226 1515 1268 τῶν
1542 1240 1682 1281 μακα-

191 1290 425 1350 ριωτάτων
455 1289 793 1350 αὗτοκρατόρων
823 1289 987 1354 ψυχάς,
1018 1287 1394 1351 οὖκέθεασάμην,
1441 1287 1520 1337 οὐκ
1547 1288 1681 1346 εἶδον,
1698 1308 1734 1341 Ῑε

192 1356 272 1416 οὔχ
301 1358 537 1418 ὦμιλίκειν
564 1356 797 1419 ἀνθρώπῳ
830 1359 1050 1419 πατρῴῳ,
1094 1364 1228 1406 τοῦτο
1269 1362 1349 1419 μὲν
1379 1364 1469 1406 τῶν
1502 1362 1683 1406 πολλῶν

190 1427 547 1488 ἅπερρυηκότων,
578 1433 712 1474 τοῦτο
733 1429 781 1474 δὲ
803 1435 892 1473 τῶν
913 1430 1095 1473 πολλῶν
1113 1425 1446 1488 οἷπειργομένων
1468 1432 1533 1488 τῷ
1551 1427 1682 1489 φόβῳ

191 1496 265 1542 δια
296 1496 375 1558 τὴν
405 1500 496 1542 τῶν
525 1495 796 1556 πραγμάτων
814 1497 1092 1555 παλίρροιαν.
1151 1499 1224 1542 καὶ
1249 1496 1428 1552 τούτοις
1455 1496 1535 1556 γὰρ
1567 1495 1684 1558 ἡμᾶς

193 1567 480 1611 κατεδίκασαν
520 1564 562 1612 οἱ
605 1569 868 1624 κρατοῦντες
911 1570 1008 1620 τοῖς
1051 1563 1311 1626 οἷτοπήμασι
1349 1567 1460 1626 μηδὲ
1490 1563 1684 1618 θεατους

195 1630 306 1679 εἶναι
335 1630 424 1679 ἄλλ’
450 1634 768 1694 έστυγημένους
797 1639 894 1689 τοῖς
916 1636 1132 1681 πλείοσιν.
1184 1631 1212 1680 ἃ
1242 1637 1290 1681 δὲ
1320 1633 1586 1691 συνειλόχειν
1607 1637 1684 1693 τῆς
1696 1651 1734 1684 2(

150 1700 403 1760 Βῖστορίας,
435 1702 546 1749 ἰ’στω
581 1702 713 1762 Θεός,
743 1701 854 1749 ἴστω
887 1702 911 1762 ἡ
944 1702 1245 1764 ὑπερκόσμιος
1273 1702 1415 1766 μήτηρ
1446 1700 1582 1750 αὐτοῦ
1611 1704 1685 1748 καὶ

195 1769 276 1832 έμὴ
297 1770 519 1827 δεσπότις,
552 1768 645 1817 ἆπό
666 1790 798 1817 τινων
819 1770 1113 1832 συνελεξάμην
1135 1771 1477 1832 ξυγγραμμάτων
1497 1769 1685 1831 ἀχρείων

39 1848 79 1884 Ρ.
111 1850 182 1884 448
193 1842 265 1885 καὶ
295 1835 539 1886 α’σπούδων
567 1839 825 1886 παντάπασι
843 1843 916 1886 καὶ
935 1841 1154 1900 γερόντων
1183 1837 1448 1900 οἷνθριόπων
1477 1859 1686 1899 στρατευ-

329 1971 361 2004 2.
389 1972 657 2017 συνεπέρρευσε
686 1969 723 2005 C.
846 1971 901 2005 18.
930 1968 991 2004 διὰ
1017 1968 1082 2012 τὴν
1107 1971 1182 2007 τῶν
1207 1966 1441 2017 πραγμάτων
1465 1971 1686 2018 παλίρροιαν

329 2018 367 2063 C,
393 2030 464 2053 om.
490 2019 528 2053 P.
667 2020 724 2053 22.
754 2016 773 2062 ἦ
803 2017 874 2065 ἐμὴ
901 2018 940 2064 P,
970 2017 991 2063 ή
1018 2031 1089 2054 om.
1116 2020 1156 2054 F.

194 2127 374 2174 pleraque
403 2139 447 2164 ac
472 2128 678 2175 praecipua
708 2129 917 2175 imperante
948 2128 1064 2166 tertio
1096 2131 1182 2176 post
1212 2132 1362 2176 patrem
1391 2140 1515 2165 meum
1541 2128 1686 2175 collegi,

199 2188 272 2222 quo
297 2179 468 2223 tempore
494 2178 615 2213 omnis
641 2180 680 2213 et
704 2177 873 2214 adulatio
900 2181 937 2213 et
962 2177 1151 2214 simulatio
1177 2190 1251 2214 una
1284 2189 1370 2215 cum
1393 2180 1503 2224 patre
1528 2188 1687 2214 evanue-

195 2227 283 2259 rant
308 2226 506 2271 cunctique
531 2225 768 2271 imperatori,
794 2226 859 2271 qui
885 2229 976 2262 tunc
1002 2228 1097 2272 erat,
1131 2227 1368 2262 blandientes
1395 2227 1442 2262 de
1466 2237 1511 2262 eo
1537 2227 1602 2272 qui
1627 2237 1687 2262 ex-

195 2276 361 2308 cesserat
384 2273 479 2308 nihil
503 2274 649 2310 adulati
682 2274 784 2311 nuda
812 2275 914 2311 facta
938 2277 976 2311 et
1004 2277 1047 2310 ut
1072 2278 1180 2311 erant
1214 2287 1275 2311 res
1300 2275 1538 2311 enarrabant.
1587 2286 1687 2310 nunc

195 2332 285 2357 vero
311 2325 351 2357 et
376 2322 630 2358 calamitatem
656 2334 777 2359 meam
805 2326 843 2358 et
865 2323 984 2358 trium
1002 2323 1275 2369 imperatorum
1300 2324 1420 2369 patris
1446 2323 1686 2369 imperatoris

195 2370 464 2416 Augustaeque
482 2370 656 2407 dominae
682 2374 721 2407 et
738 2371 870 2407 matris
887 2374 1000 2418 atque
1025 2372 1099 2407 mei
1114 2371 1187 2407 heu
1201 2372 1375 2419 coniugis
1390 2371 1554 2408 Caesaris
1571 2371 1687 2407 iactu-

195 2428 276 2452 ram
290 2417 421 2464 lugens
439 2430 498 2455 me
511 2419 607 2455 abdo
623 2419 844 2466 plerumque
860 2420 908 2456 ad
921 2420 1039 2455 libros
1055 2422 1093 2456 et
1111 2420 1222 2456 deum
1238 2431 1429 2457 conversa.
1456 2432 1499 2456 ac
1515 2431 1562 2455 ne
1579 2419 1685 2466 igno-

196 2465 336 2501 bilibus
355 2467 503 2512 quidem
523 2468 654 2503 licebit
673 2468 778 2503 adire
797 2479 869 2510 me,
897 2468 1035 2504 nedum
1050 2468 1109 2514 iis,
1135 2481 1157 2504 a
1173 2469 1310 2515 quibus
1328 2469 1529 2505 resciscere
1546 2467 1687 2514 aliquid

196 2525 341 2559 queam,
363 2515 463 2561 quod
478 2516 524 2551 ab
542 2516 624 2551 aliis
643 2517 868 2563 acceperint,
892 2520 958 2552 aut
975 2517 1094 2563 patris
1115 2516 1372 2554 familiaribus.
1407 2517 1492 2552 iuro
1509 2516 1606 2552 enim
1619 2528 1687 2562 per

195 2561 499 2599 beatissimorum
524 2565 796 2610 imperatorum
818 2566 971 2608 animas,
999 2565 1186 2601 neminem
1213 2578 1234 2601 a
1259 2577 1319 2601 me
1345 2578 1365 2601 e
1390 2565 1510 2612 patris
1529 2565 1689 2600 familia-

195 2610 310 2645 ritate
335 2611 496 2657 trigintn.
521 2613 576 2648 his
602 2612 709 2648 annis
735 2617 978 2659 conspectum
1003 2614 1173 2650 visumve
1198 2617 1263 2651 aut
1288 2614 1337 2650 ad
1363 2613 1593 2660 colloquium
1621 2613 1684 2648 ad-

195 2657 356 2694 hibitum
387 2671 479 2705 esse,
516 2661 617 2706 quod
653 2673 716 2697 seu
742 2662 911 2708 plerique
943 2674 1073 2698 eorum
1101 2662 1340 2698 decesserunt
1370 2674 1435 2698 seu
1468 2665 1590 2698 metus
1621 2672 1685 2697 eos

194 2709 350 2752 propter
374 2719 498 2743 rerum
518 2710 809 2745 inconstantiam
822 2710 1028 2756 deter1·uit;
1053 2711 1142 2757 quia
1159 2711 1223 2757 qui
1244 2711 1448 2757 plurimum
1465 2713 1685 2757 potuerunt,

194 2756 289 2809 tam·
309 2754 450 2791 nefarie
481 2769 548 2792 nos
583 2760 810 2803 tractarunt,
843 2760 886 2793 ut
915 2770 985 2794 nos
1020 2762 1059 2794 et
1084 2759 1230 2795 visitari
1265 2759 1457 2795 noluerint
1497 2761 1536 2794 et
1567 2758 1686 2794 velint

194 2802 384 2849 plensque
427 2803 516 2840 odio
559 2817 650 2842 esse.
712 2809 752 2841 at
795 2818 889 2852 quae
931 2807 978 2843 de
1021 2807 1179 2844 historia
1219 2807 1366 2855 collegi,
1407 2809 1529 2843 testor
1573 2807 1684 2843 deum

194 2850 468 2898 caelestemque
492 2853 571 2889 eius
597 2857 756 2890 matrem
781 2866 825 2891 ac
852 2855 1042 2892 dominam
1067 2868 1200 2903 meam,
1227 2868 1272 2893 ex
1300 2855 1580 2893 commentariis
1605 2855 1686 2903 qui·
