1734 3120
205 258 287 300 290
715 265 880 299 ANNAE
907 264 1172 299 COMNENAE

201 389 313 447 ὑπὲρ
344 394 421 449 τῆς
450 392 538 434 τῶν
575 386 802 445 Ῥωμαίων
843 383 1122 445 εὐδαιμονίας
1159 386 1395 443 κινδύνους,
1446 385 1498 435 ου’
1536 388 1598 446 μὰ
1635 389 1690 434 τὰ

200 463 280 504 τοῦ
328 457 496 516 πατρὸς
543 453 782 516 ἀθλήματα
823 457 896 501 καὶ
940 455 1018 510 τὰς
1064 455 1308 518 συμφοράς,
1353 453 1405 511 ἃς
1449 455 1562 516 ὑπὲρ
1603 462 1690 503 τῶν

200 530 479 585 Χριστιανῶν
510 524 775 581 ἐπεπόνθει,
814 521 893 570 οὐκ
927 524 1062 583 ἔγωγε
1093 526 1352 585 χαριζομένη
1390 522 1525 586 τῴμῷ
1555 528 1690 583 πατρὶ

201 595 257 641 τοὶ
288 598 470 640 τοιαῦτα
497 595 569 638 καὶ
595 595 705 652 λέγω
737 594 808 638 καὶ
839 590 1008 652 γράφω.
1060 591 1086 652 ἥ
1114 611 1160 652 γε
1184 596 1256 639 καὶ
1290 593 1380 652 ὅπη
1414 593 1492 639 τόν
1522 595 1692 652 πατέρα

202 662 508 723 σφαλλόμενον
536 660 690 719 ἴδοιμι,
723 656 926 719 ἄντικρυς
954 662 1026 706 καί
1057 663 1316 719 παραβαίνω
1346 661 1424 708 τὸν
1453 661 1589 720 νόμον
1615 661 1727 707 τὸνὸ

157 731 391 792 Βφισικὸν
419 733 491 776 καὶ
519 749 596 790 της
632 727 847 789 ἀληθείας
877 730 898 774 ε’
901 730 1079 786 ξέχομαι
1123 732 1255 790 φίλον
1299 732 1379 788 μὲν
1419 733 1491 776 καὶ
1535 734 1693 776 τοῦτον

203 799 429 859 ἡγουμένη,
467 800 675 859 φιλτέραν
707 799 755 843 δὲ
798 796 876 859 τὴν
906 794 1124 856 ἀλήθειαν
1171 798 1357 854 ἔχουσα·
1399 795 1571 860 αμφοῖν
1613 797 1692 857 γὰρ

202 864 347 913 ὄντοιν
377 869 537 928 φίλοιν,
572 865 633 919 ὥς
670 864 760 912 πού
793 884 859 920 τις
890 865 977 926 ἔφη
1008 864 1272 927 φιλόσοφος,
1319 865 1551 926 κράτιστον
1582 886 1694 925 προ-

200 940 331 996 τιμᾶν
360 936 442 996 τήν
471 932 698 996 &afflatam
773 931 886 980 οἷλλὰ
930 939 1027 989 τοῖς
1057 933 1308 994 πράγμασιν
1346 931 1500 990 αὖτοῖς
1532 937 1693 981 ἐπακο-

201 1008 431 1051 λουθοῢσα
459 1006 531 1049 καὶ
560 1002 670 1064 μήτε
701 1005 1037 1062 προστιθεμένη
1068 1007 1172 1062 παρ’
1215 1005 1379 1066 ἐμαυτῇ
1408 1002 1523 1063 μήτε
1563 1001 1693 1063 ὗφαι-
1708 1015 1734 1048 1«

202 1077 339 1132 ροῦσα
368 1072 422 1118 τὰ
452 1070 733 1130 ξυμπεσόντα
763 1073 835 1116 καὶ
866 1073 975 1130 λέγω
1009 1073 1082 1117 καὶ
1116 1069 1287 1131 γράφω.
1347 1073 1419 1116 καὶ
1451 1069 1636 1130 ἐγγύθεν
1668 1069 1692 1115 ὁ

53 1152 93 1187 P.
119 1151 190 1186 446
203 1141 399 1200 ελεγχος
444 1137 497 1187 οὔ
526 1159 605 1200 γιρ
649 1140 712 1194 εἷς
740 1158 981 1198 μυριοστον
1027 1139 1127 1193 ε’τος
1163 1136 1307 1198 ανάγω
1338 1157 1389 1183 το
1420 1137 1688 1198 σύγγραμμα,

200 1207 292 1256 αλλ’
326 1210 436 1256 εἰσὶν
467 1211 626 1263 οἵτινες
656 1208 720 1263 εἷς
742 1208 820 1268 την
840 1226 1031 1269 τημερον
1061 1206 1293 1266 περιόντες
1319 1209 1391 1253 καὶ
1421 1205 1499 1253 τὸν
1523 1208 1693 1264 πατέρα

199 1278 276 1325 τὸν
310 1278 416 1337 ἐμὸν
446 1276 683 1337 ἐγνωκότες
711 1279 783 1322 καὶ
811 1276 865 1321 τὰ
895 1280 986 1321 κατ’
1016 1273 1149 1322 αὐτὸν
1177 1275 1487 1338 αφηγοὺμειοι,
1520 1272 1597 1356 ἀφ’
1632 1294 1693 1319 ων

200 1349 272 1393 καὶ
314 1366 393 1393 ουκ
438 1348 560 1406 ὀλίγα
604 1348 687 1406 τῆς
732 1344 930 1402 ιστορίας
973 1346 1187 1391 ἐνταυθοῖ
1230 1343 1518 1404 συνηράνιστο
1549 1340 1734 1388 L'x'vaF

200 1411 305 1461 ἄλλο
337 1434 379 1462 τι
410 1416 705 1475 διηγουμένων
738 1416 810 1459 καὶ
842 1415 1129 1498 μεμνημένων
1161 1406 1222 1458 ὠν
1249 1414 1434 1468 ε’καστος
1465 1413 1590 1470 ε’τυχε
1622 1414 1694 1458 καὶ

204 1484 383 1529 πάντων
415 1483 783 1543 ὁμοφωνούντων.
835 1501 891 1528 τα
921 1484 1002 1541 μὲν
1030 1501 1109 1541 γαρ
1143 1484 1284 1528 πλείω
1315 1484 1387 1527 καὶ
1418 1481 1546 1541 ἡμεῖς
1566 1485 1694 1542 συνῆ-

202 1571 283 1611 μεν
309 1554 372 1613 τῶ
415 1553 555 1610 πατρὶ
598 1553 669 1596 καὶ
698 1555 752 1613 τῇ
791 1553 925 1610 μητρὶ
968 1549 1293 1634 σινειπόμεεθα.
1369 1547 1421 1596 οὔ
1448 1549 1527 1610 γὰρ
1560 1543 1612 1610 ἦν
1640 1568 1692 1594 το

203 1619 416 1680 ἡμέτερον
446 1624 649 1666 τοιοῦτον
680 1616 779 1665 οἷον
800 1619 1051 1678 οἰκουρικὸν
1071 1621 1143 1665 καὶ
1172 1617 1262 1664 υπὸ
1284 1637 1413 1664 σκιαν
1432 1620 1505 1664 καὶ
1524 1617 1695 1679 τρυφὴν

161 1687 518 1772 Βστρεφόμενον.
587 1685 678 1733 αλλ’
721 1689 797 1745 ἐμὲ
835 1705 919 1747 γαρ
963 1689 1011 1744 εξ
1047 1684 1192 1732 αιτιῦν
1222 1686 1499 1746 σπαργάνων,
1535 1682 1734 1745 όμνυμι2<

49 1753 92 1789 V·
121 1754 189 1789 353
202 1756 278 1802 τὸν
305 1757 497 1816 εμαυτῆς
520 1755 634 1802 Θεὸν
653 1758 725 1801 καὶ
754 1755 832 1817 την
853 1757 1020 1801 εκείνου
1040 1758 1219 1815 μητέρα,
1253 1754 1386 1800 πόνοι
1417 1757 1488 1800 καί
1509 1757 1697 1813 θλίψεις

202 1826 452 1882 παρέλαβον
495 1826 568 1869 καὶ
613 1826 838 1884 συμφοραὶ
887 1829 1095 1881 συνεχεῖς,
1144 1822 1188 1869 αἱ
1230 1826 1309 1881 μὲν
1352 1824 1538 1880 ἔξωθεν,
1575 1822 1617 1868 αἱ
1648 1825 1697 1868 δὲ

337 1943 370 1977 3.
398 1941 448 1987 τῷ
472 1942 534 1988 μῴ
559 1941 599 1986 Ρ,
624 1943 782 1978 correxi.
915 1943 948 1976 4.
975 1938 996 1985 ἦ
1020 1941 1077 1988 γε]
1106 1943 1138 1976 εἴ
1164 1940 1207 1975 δὲ
1233 1940 1270 1976 C.
1407 1941 1439 1974 8.
1466 1941 1593 1987 φίλοιν
1609 1938 1695 1974 add.

336 2002 384 2026 m.
400 1989 477 2025 2F.
556 1992 610 2026 10.
640 1990 836 2038 ἐμαυτῆῈ,
863 1990 1076 2037 ἐμαυτῆς-Ρ.
1177 1991 1232 2025 13.
1259 1984 1461 2036 περιϊόντες
1474 1988 1513 2033 P,
1539 1987 1694 2024 correxi.

337 2039 394 2074 20.
419 2034 684 2086 τρεφόμενονῬ

202 2144 390 2180 enimvero
415 2155 483 2190 per
515 2145 581 2180 illa
620 2145 702 2191 ipsa
740 2145 916 2191 pericula,
957 2156 1051 2190 quae
1087 2144 1294 2190 imperator
1331 2153 1400 2189 pro
1437 2142 1692 2178 Romanorum

203 2192 320 2228 salute
345 2193 472 2237 subiit,
498 2205 565 2239 per
601 2194 767 2229 eiusdem
804 2197 863 2230 tot
900 2193 1106 2229 certamina
1143 2192 1458 2237 calamitatesque,
1499 2202 1588 2236 quas
1624 2202 1693 2236 pro

203 2241 424 2277 Christianis
449 2253 644 2287 perpessus
670 2245 737 2288 est,
778 2243 933 2278 minime
969 2254 1037 2288 ego
1072 2242 1164 2277 haec
1189 2241 1289 2287 patri
1315 2239 1531 2286 gratificans
1559 2239 1692 2285 loquor

203 2291 387 2336 scribov03
406 2290 519 2326 immo
535 2291 653 2326 sicubi
679 2303 819 2326 errasse
845 2303 930 2326 eum
944 2291 1065 2335 video,
1082 2291 1161 2325 sine
1177 2290 1415 2325 dubitatione
1438 2291 1594 2323 naturae
1612 2288 1693 2334 lege

202 2318 418 2383 posthabita
449 2339 646 2375 veritatem
687 2340 904 2385 amplector,
932 2339 1038 2374 illum
1063 2339 1214 2385 quidem
1240 2349 1367 2374 carum
1393 2337 1543 2382 ducens,
1577 2338 1693 2372 cario-

203 2398 279 2422 rem
306 2391 430 2422 tamen
456 2387 561 2423 hano.
604 2388 753 2432 etenim,
779 2389 809 2424 si
835 2392 1038 2434 utrumque
1063 2399 1192 2423 carum
1210 2389 1277 2431 est,
1300 2389 1343 2422 ut
1367 2384 1569 2432 aliquando
1596 2385 1693 2420 dixit

204 2435 354 2480 quidam
380 2435 634 2482 philosophus,
659 2438 844 2482 optimum
878 2440 934 2473 est
968 2435 1149 2482 praefemi
1186 2436 1395 2471 veritatem.
1459 2433 1524 2469 sed
1566 2445 1691 2468 rerum

203 2485 361 2530 vestigia
384 2495 540 2531 sequens
565 2497 634 2520 nec
659 2485 862 2531 quidquam
883 2498 928 2521 ex
947 2496 1028 2520 meo
1046 2485 1199 2531 ingenio
1219 2483 1358 2519 addens
1386 2483 1582 2518 demensve
1599 2493 1693 2527 quae

205 2543 290 2567 vere
311 2533 528 2568 acciderunt
546 2536 583 2568 et
600 2534 683 2570 dico
702 2537 740 2569 et
757 2534 891 2570 scribo.
927 2546 1013 2569 nam
1031 2533 1136 2569 adest
1153 2544 1282 2579 prope,
1301 2531 1399 2567 unde
1416 2532 1554 2577 possim
1572 2533 1691 2576 argui

206 2591 323 2625 neque
341 2582 439 2616 enim
462 2582 501 2616 in
527 2582 648 2618 decies
672 2582 911 2618 millesimum
939 2582 1076 2618 abhinc
1102 2593 1241 2617 annum
1257 2580 1473 2626 scriptionis
1497 2591 1691 2625 argumen·
1722 2623 1724 2626 y

205 2631 285 2663 tum
311 2629 443 2673 refero,
470 2630 533 2665 sed
559 2634 646 2666 sunt
671 2631 823 2677 quidam
850 2633 963 2667 etiam
987 2630 1100 2666 hodic
1125 2631 1163 2665 in
1188 2630 1295 2671 vivis,
1323 2629 1388 2675 qui
1405 2631 1553 2674 patrem
1571 2639 1691 2663 meum
1724 2647 1729 2675 3

206 2679 346 2711 norunt
375 2678 529 2724 eiusque
553 2690 611 2714 res
637 2682 835 2725 enarrant3
867 2692 889 2715 a
914 2680 1050 2726 quibus
1076 2691 1150 2715 non
1177 2690 1295 2725 pauca
1320 2678 1359 2712 in
1386 2677 1452 2713 hos
1476 2675 1593 2711 libros
1619 2675 1692 2712 col·
1723 2697 1727 2719 5

205 2725 322 2760 latum
349 2730 404 2760 est
427 2727 509 2762 aliis
536 2727 648 2770 aliud,
689 2728 790 2774 quod
814 2729 971 2784 quisque
998 2728 1157 2769 viderat,
1182 2726 1425 2762 narrantibus
1450 2723 1730 2772 omnibusque

205 2774 533 2811 consentientibus.
575 2776 792 2822 plerumque
810 2777 910 2812 enim
935 2777 1018 2822 ipsa
1034 2779 1074 2812 et
1100 2787 1186 2812 cum
1210 2778 1318 2821 patio
1344 2785 1445 2810 eram
1472 2776 1510 2808 et
1536 2776 1691 2808 matrem

205 2822 377 2857 comitari
403 2823 575 2879 solebam,
603 2824 690 2870 quia
715 2836 790 2860 non
815 2825 917 2860 domi
948 2825 1039 2860 mihi
1072 2826 1111 2859 in
1144 2825 1278 2859 umbra
1311 2834 1354 2859 ac
1378 2822 1521 2858 deliciis
1552 2821 1692 2856 nutriri
1714 2822 1733 2865 tjj

204 2870 374 2916 contigit,
401 2871 463 2906 sed
492 2872 536 2906 ab
562 2872 653 2917 ipsis
677 2873 872 2909 cunabulis
905 2874 1053 2920 (testem
1081 2873 1228 2919 appello
1251 2872 1360 2907 deum
1387 2882 1510 2906 meum
1538 2870 1734 2935 eiusqueffi
1714 2867 1734 2910 4²2}

206 2919 377 2964 matrem)
397 2919 542 2954 labores
569 2925 606 2954 et
630 2921 862 2956 incommoda
887 2933 929 2957 ac
955 2922 1154 2957 continuae
1180 2921 1282 2956 domi
1308 2920 1473 2965 forisque
1489 2911 1734 2960 aerumnae-Le-
