1768 3152
590 1151 1083 1204 PRAEFATIO.

229 1403 293 1454 I'n
345 1404 675 1455 recensendis
732 1422 821 1455 sex
873 1404 1070 1456 ultimis
1117 1405 1389 1458 Alexiadis
1442 1407 1592 1458 libris

92 1484 389 1552 praecipue,
421 1493 479 1534 ut
513 1502 610 1552 par
634 1485 748 1550 fuit,
788 1484 1026 1536 codicem
1054 1486 1414 1537 Florentinum
1442 1485 1592 1551 (saec.

92 1569 192 1621 XII)
224 1582 344 1614 rara
378 1563 484 1614 fide
511 1564 769 1629 insignem
799 1562 878 1631 (F)
919 1574 1125 1615 secutus
1162 1584 1292 1630 sum,
1333 1567 1422 1632 qui
1454 1567 1591 1617 inter

92 1643 357 1694 Mediceos
394 1643 771 1694 Laurentianos
820 1645 949 1712 plut.
987 1651 1105 1690 LXX
1155 1647 1184 1693 2
1234 1643 1323 1710 (cf.
1365 1646 1591 1696 Bandini

91 1723 242 1774 catal.
271 1722 388 1773 cod.
425 1724 611 1776 Graec.
636 1723 761 1773 bibl.
786 1724 1028 1775 Laurent.
1059 1732 1099 1770 II
1124 1727 1241 1785 656)
1265 1726 1587 1777 adservatur.

96 1819 194 1868 ego
227 1821 346 1853 eum
378 1803 501 1853 inde
537 1821 568 1853 a
590 1803 729 1853 libro
766 1804 969 1854 decimo
1009 1823 1174 1871 usque
1210 1805 1277 1855 ad
1313 1805 1439 1855 libri
1474 1813 1587 1855 XIV.

93 1891 251 1948 caput
297 1885 342 1946 8,
392 1883 484 1933 ubi
530 1883 585 1932 in
624 1883 787 1933 verbo
838 1881 1046 1939 οἱποίσας
1092 1888 1227 1950 (295,
1270 1883 1351 1949 13)
1401 1885 1588 1950 deficit,

91 1980 137 2011 a.
193 1964 322 2012 1863
377 1963 429 2012 in
487 1962 546 2013 L.
605 1962 869 2028 Schopeni
924 1965 1280 2030 praeceptoris
1338 1966 1592 2015 carissimi

92 2059 239 2091 usum
271 2041 482 2092 contuli.
520 2042 623 2092 iam
646 2042 844 2092 dudum
871 2045 1009 2093 enim
1032 2045 1086 2094 in
1106 2045 1239 2094 votis
1261 2045 1359 2094 viri
1390 2044 1591 2110 egregii

93 2121 267 2170 fuerat
278 2121 472 2171 codicis
484 2121 771 2171 Florentini
783 2133 1081 2173 accuratam
1092 2124 1322 2174 nancisci
1333 2125 1586 2187 notitiam,

92 2216 197 2266 quo
222 2218 437 2266 operam
467 2201 765 2251 incohatam
791 2202 1080 2267 perficeret.
1127 2221 1318 2270 nempe
1340 2204 1474 2253 bene
1510 2204 1587 2252 in-

91 2278 377 2344 tellexerat,
408 2281 462 2330 id
492 2299 652 2331 unum
685 2282 850 2348 priori
880 2282 1154 2347 volumini,
1184 2283 1327 2349 quod
1363 2283 1589 2332 admira-

91 2359 186 2408 bili
220 2360 419 2425 ingenii
453 2362 693 2412 acumine
726 2362 1045 2429 perpolitum
1084 2372 1203 2412 ante
1238 2363 1333 2412 hos
1367 2362 1589 2428 quadra-

95 2438 239 2502 ginta
252 2457 420 2489 annos
436 2440 689 2506 ediderat,
708 2459 814 2491 non
837 2443 948 2492 sine
967 2459 1161 2507 magno
1182 2442 1258 2493 rei
1273 2441 1584 2492 detrimento

91 2517 339 2568 defuisse.
393 2529 607 2586 accepta
648 2520 860 2571 tandem
906 2539 1024 2572 mea
1071 2522 1378 2585 conlatione,
1429 2538 1584 2587 quam

90 2596 227 2646 ultro
263 2597 365 2664 ipsi
392 2598 698 2663 obtuleram,
735 2599 803 2649 ad
830 2618 961 2666 opus
998 2601 1086 2651 diu
1119 2601 1471 2651 intermissum
1506 2618 1586 2650 re—

89 2693 272 2727 versus
315 2677 464 2727 brevi
510 2688 630 2729 ante
676 2688 898 2731 mortem
946 2683 1234 2747 scripturae
1284 2680 1584 2744 discrepan-

90 2756 215 2805 tiam
252 2773 284 2806 a
318 2775 403 2807 me
438 2758 737 2809 adnotatam
780 2760 835 2809 in
880 2760 1180 2827 exemplum
1228 2778 1375 2810 suum
1422 2768 1586 2808 trans—

90 2834 233 2884 tulit:
268 2835 354 2885 hic
391 2837 672 2890 subsistere
709 2839 817 2889 fato
841 2841 1029 2890 acerbo
1065 2849 1273 2890 coactus
1311 2849 1403 2890 est.
1456 2838 1587 2888 mihi
