1812 3184
523 256 789 290 ALEXIADIS
819 258 914 291 LIB.
946 258 1013 291 XI.
1045 254 1082 291 3.
1496 253 1552 292 85

52 375 102 420 δὲ
130 372 288 431 τάχος·
317 370 564 420 κάντεῦθεν
594 374 850 420 συνίσταται
878 371 1080 431 πόλεμος
1108 375 1248 432 βαρύς
1280 377 1353 421 καὶ
1391 375 1547 431 δεινός.

51 444 126 488 καὶ
153 441 239 503 τήν
266 446 458 489 νικῶσαν
479 439 571 499 εἶχε
592 441 645 487 τὸ
673 441 919 500 Ῥωμαϊκὸν
947 445 1019 488 καὶ
1038 442 1255 489 Κελτικὸν
1286 442 1604 502 στράτευμα.Ρ-
1631 451 1704 486 318

51 513 368 570 πορευομένων
388 513 428 558 δ’
447 513 627 557 ἐκεῖθεν
644 509 800 557 ιλαδὸν
820 515 912 556 τῶν
930 510 1176 570 ταγμάτων,
1201 515 1438 569 συνέλαχον
1453 514 1553 559 τού-

49 599 146 635 τοις
169 582 280 626 κατὰ
301 579 381 641 τὴν
399 578 632 642 Ἑβραϊκὴν
656 579 686 626 ο’
705 598 754 625 τε
769 580 988 626 Τανισκὰν
1008 580 1033 625 ὃ
1047 580 1238 627 σοιλτάν
1256 584 1328 626 καὶ
1355 580 1379 626 ὁ
1400 578 1549 638 Ἀσάν,

15 646 102 704 5ος
131 649 271 708 μόνος
297 642 404 731 ἦρχε
434 647 656 706 χιλιάδων·
663 645 834 707 ἀνδρῶν
865 647 1063 694 ὁπλιτῶν
1084 645 1367 709 ογδοῃκοντα.
1411 650 1554 711 μάχης

52 712 131 764 οὖν
158 722 375 777 καρτερᾶς
402 719 636 777 γενομένης
668 719 717 763 ἐκ
736 719 918 763 πολλῶν
946 722 1107 776 χειρῶν
1135 720 1209 764 καὶ
1230 718 1463 776 δινάμεων
1479 721 1553 765 καὶ

50 789 163 846 μηδὲ
182 789 379 845 θατέρου
409 789 574 846 μέρους
602 786 659 832 τὰ
679 791 797 832 νῶτα
815 787 997 847 θατέρῳ
1018 785 1233 842 διδόντος,
1258 789 1359 833 ἐπεὶ
1380 794 1553 847 θαρρα-

50 855 271 915 λεώτερον
299 855 342 902 οἳ
377 860 569 914 Τοῧρκοι
603 861 702 911 τοῖς
735 857 948 911 ἐναντίοις
983 855 1211 915 ἐμάχοντο,
1253 861 1393 902 τοῦτο
1435 862 1549 903 θεα-

50 924 242 982 σάμενος
270 923 295 971 ὁ
327 929 607 983 Βαῖμοῦντος
635 929 721 971 τοῦ
749 928 902 982 δεξιοῦ
933 927 1075 983 κέρως
1105 924 1315 983 ἐξάρχων,
1348 933 1430 971 τοῦ
1458 928 1551 972 λοι-

0 1005 38 1043 ΙΟ
49 998 146 1041 ποῦ
175 993 506 1052 στρατεύματος
524 991 781 1052 ’διαιρεθεὶς
808 991 904 1039 κατ’
934 991 1071 1040 αἰτοῦ
1102 998 1183 1039 τοῦ
1218 993 1551 1052 Κλιτζιασθλὰν
1565 997 1608 1034 V·
1630 999 1703 1034 252

49 1062 244 1110 σουλτᾶν
262 1063 432 1122 ἰταμῶς
451 1065 678 1123 ἐξώρμησε
698 1065 812 1108 λέων
842 1059 904 1118 ὣς
932 1058 1035 1109 οἷλκὶ
1062 1064 1310 1117 πεποιθώς
1336 1062 1447 1108 κατὰ
1471 1062 1550 1109 τὸν

49 1132 253 1194 ποιητήν.
307 1141 442 1179 τοῦτο
469 1132 580 1188 τούς
603 1131 831 1190 Τούρκους
860 1134 1192 1190 ἕκδειματῶσαν
1219 1132 1274 1177 τὰ
1305 1137 1424 1178 νῶτα
1452 1138 1593 1188 τοῖςΒ

51 1205 244 1256 Κελτοῖς
272 1204 426 1248 δοῦναι
444 1204 667 1261 ἐποίησεν.
716 1200 757 1247 οἱ
790 1204 839 1247 δὲ
869 1198 950 1247 οὔκ
971 1203 1048 1247 ἐπὶ
1067 1201 1186 1247 πολὺ
1212 1201 1400 1256 τούτους
1421 1203 1549 1248 ἐδίω-

48 1290 129 1317 κον
154 1275 244 1317 τῶν
273 1275 355 1318 τοῦ
375 1268 705 1330 αὐτοκράτορος
729 1273 998 1331 μεμνημένοι
1017 1269 1408 1330 παραγγελμάτων,
1441 1269 1551 1316 ἀλλὰ

0 1349 37 1384 15
49 1339 130 1402 τὴν
173 1342 390 1401 ταφρείαν
427 1344 518 1386 τῶν
562 1339 774 1399 Τούρκων
811 1339 1136 1398 καταλαβόντες
1174 1336 1353 1386 κᾶκεῒσε
1393 1338 1552 1398 μικρὸν

51 1408 237 1464 ἑαυτούς
255 1407 639 1464 διαναπαύσαντες,
659 1408 765 1464 τοί-ς
790 1407 1016 1467 Τούρκους
1045 1408 1156 1454 κατὰ
1184 1408 1264 1470 τὴν
1284 1408 1554 1468 Ἀγρουστό·

52 1481 187 1524 πολιν
228 1470 361 1532 αὖθις
406 1476 791 1535 καταλαμβάνουσι
834 1479 907 1523 καὶ
956 1476 1290 1536 προσβαλόντες
1336 1479 1554 1535 τρέπουσι

51 1545 161 1592 κατὰ
189 1545 365 1605 κράτος.
413 1542 659 1592 κάντεῦθεν
687 1548 848 1592 πίπτει
880 1546 931 1592 τὸ
960 1546 1199 1605 βάρβαρον,
1234 1544 1275 1593 οἳ
1308 1548 1359 1593 δέ
1388 1564 1435 1605 γε
1464 1565 1554 1593 σω-

51 1617 210 1671 θέντες
237 1610 371 1670 ὅλλος
401 1611 596 1677 [ἶίλλοσε]
626 1613 790 1676 ἅλλαχῆ
818 1615 1123 1676 διεσπάρησαν
1153 1614 1236 1670 τάς
1266 1634 1315 1661 τε
1348 1620 1555 1674 γυναῖκας

0 1685 126 1730 nonai
154 1683 261 1738 τούς
290 1686 459 1737 παῖδας
488 1682 822 1739 καταλιπόντες,
869 1683 930 1737 ὥς
956 1688 1037 1729 τοῖ
1071 1687 1235 1730 λοιποι
1272 1686 1373 1743 μηδ’
1412 1701 1551 1729 αντω-

50 1757 193 1812 πῆσαι
221 1757 320 1807 τοῖς
338 1754 557 1806 Λατίνοις
577 1752 814 1809 ἰσχύοντες,
846 1749 962 1799 ἀλλὰ
981 1757 1099 1814 φιγῆ
1128 1751 1208 1814 τὴν
1228 1752 1396 1798 οἰκείαν
1412 1771 1554 1811 πραγ-

50 1839 190 1880 ματευ
193 1820 347 1879 όμενοι
376 1823 612 1881 σωτηρίαν.

185 1895 218 1928 2.
245 1893 324 1939 εἶχε
346 1893 390 1928 τὸ
404 1894 448 1937 Α,
472 1897 593 1941 εἴχετο
607 1893 648 1928 Ρ.
711 1895 747 1930 4.
769 1892 966 1940 Ἑβραῒκὴν
978 1893 1016 1939 C,
1039 1890 1247 1939 Ἑβραϊκοὺς
1260 1892 1300 1928 Ρ.
1354 1892 1554 1940 Τανισμὰν

184 1942 392 1984 Wilkenus.
565 1944 599 1978 6.
624 1943 801 1988 καρτερᾶς
824 1956 860 1998 γ.
875 1943 920 1983 F,
948 1943 1124 1988 κρατερᾶς
1148 1942 1240 1988 γ.Α,
1265 1955 1300 1987 γ.
1322 1942 1499 1988 καρτερᾶς
1510 1942 1550 1978 P.

182 1991 323 2039 χειρῶν
338 1991 382 2036 F,
403 1991 530 2050 γερῶν
546 1991 586 2027 Ρ.
721 1993 743 2026 7
771 1988 945 2030 ἐνδόντος
969 1991 1006 2027 C.
1133 1992 1189 2026 10.
1216 1989 1491 2032 Κλιτζιασθλὰν
1507 1991 1551 2033 F,

185 2041 439 2082 κλυτζιισθλαν
463 2041 510 2081 Α,
538 2038 804 2098 Κλιτζιιιστρὰν
827 2039 869 2075 Ρ.
1049 2039 1106 2075 12.
1133 2039 1418 2087 ἐκδειματῶσαν
1440 2039 1551 2085 FAC,

131 2122 134 2124 .
185 2084 517 2136 ἔκδειαατωσενΡ.
584 2085 1218 2146 16.A1'1701010÷1011vDucang1us
1282 2090 1551 2136 17.καταλαμ-

184 2123 433 2194 βάνουσιΡΑ,
459 2133 859 2179 καταλιιιιβιινουσινΡ.
983 2138 1038 2172 19.
1065 2133 1174 2176 ἄλλος
1198 2135 1419 2184 ἀλλαχοῦΑ,
1443 2133 1553 2176 αλλος

185 2182 320 2222 αλλοσε
347 2184 490 2233 ἀλλαχῆ
515 2186 555 2230 P,
581 2184 716 2222 αλλοσε
740 2184 883 2233 ἀλλαχῆ
911 2186 964 2222 F:
990 2182 1124 2221 ιιλλοσε
1154 2185 1297 2222 seclusi.

0 2271 6 2293 ·.
49 2246 191 2288 volant,
239 2247 422 2293 gravique
455 2247 652 2283 commisso
683 2246 829 2293 proelio
862 2246 1122 2283 Romanorum
1150 2245 1419 2291 Gallorumque
1448 2256 1551 2281 exer·

0 2293 6 2325 ἵ
49 2295 147 2331 citus
181 2295 380 2331 victoriam
419 2296 641 2341 reportavit.
708 2296 772 2331 sed
805 2296 1004 2332 turmatim
1056 2295 1302 2341 procedentes
1337 2294 1463 2330 Gallos
1502 2294 1551 2330 ad

0 2358 4 2371 ,-
48 2343 273 2380 Hebraioam
300 2343 497 2380 offendunt
522 2344 707 2380 Taniscan
733 2345 903 2380 sultanus
928 2347 966 2380 et
994 2344 1108 2388 Asan,
1140 2345 1206 2390 qui
1232 2343 1331 2379 solus
1355 2343 1551 2389 octoginta

0 2401 5 2415 '2
49 2393 169 2428 millia
185 2397 418 2429 armatorum
443 2393 645 2438 ductabat;
670 2394 890 2439 proelioque
918 2394 996 2429 acri
1020 2394 1187 2428 intanto
1201 2392 1367 2427 militum
1393 2403 1550 2427 numero

50 2441 151 2477 facto
175 2453 219 2478 ae
243 2445 379 2478 neutro
405 2443 571 2478 exercitu
590 2446 698 2488 terga
716 2445 887 2478 vertente
912 2441 1161 2485 Boemundus,
1189 2441 1255 2487 qui
1272 2440 1408 2476 dextro
1432 2452 1550 2475 cornu

50 2493 237 2536 praeerat,
271 2503 356 2527 cum
394 2490 532 2526 fortius
557 2491 698 2527 Turcas
725 2499 870 2527 certare
895 2491 1053 2535 videret,
1086 2503 1107 2526 a
1131 2489 1276 2536 reliquo
1302 2489 1471 2525 exercitu
1497 2501 1551 2525 se-

50 2538 201 2575 iunctus
226 2540 267 2575 in
294 2540 418 2586 ipsum
447 2540 636 2575 sultanum
653 2539 915 2576 Clitziasthlan
941 2544 1134 2585 tamquam
1159 2538 1217 2574 leo
1251 2538 1389 2574 robore
1417 2537 1549 2579 fretus,

50 2590 95 2623 ut
118 2592 175 2623 est
198 2588 300 2634 apud
324 2592 486 2634 poetam,
524 2588 702 2624 ferociter
739 2589 941 2624 invehitur.
992 2588 1063 2624 hac
1099 2599 1141 2623 re
1172 2587 1317 2623 Turoee
1353 2587 1551 2632 perterriti

0 2670 10 2685 ᾗ,
51 2635 168 2672 Gallis
194 2636 287 2672 dant
310 2641 437 2683 terga;
464 2638 529 2684 qui
546 2641 670 2673 tamen
688 2649 870 2673 memores
899 2637 1164 2672 mandatorum
1183 2635 1423 2682 imperatoris
1447 2635 1550 2671 haud

4 2694 16 2715 ἐ
50 2685 162 2732 longe
200 2697 264 2721 eos
297 2686 561 2732 sequebantur,
586 2698 716 2722 verum
750 2687 884 2722 castris
923 2686 1158 2732 expugnatis,
1197 2685 1264 2720 ubi
1295 2683 1550 2730 paulisperse

0 2735 21 2772 ⁸.
50 2733 275 2779 refecemmz,
305 2734 446 2770 Turoas
480 2747 612 2770 rursus
652 2735 699 2770 ad
738 2734 1011 2790 Agrustopolin
1050 2733 1247 2769 offendunt
1284 2733 1549 2779 congressique

10 2796 17 2816 τ
51 2793 194 2818 summa
219 2783 258 2818 vi
291 2782 436 2830 fugant.
497 2784 550 2819 ibi
581 2783 790 2820 Turoarum
814 2784 913 2819 vires
941 2783 1157 2819 ceciderunt
1186 2785 1299 2828 atque
1328 2781 1549 2827 superstites

15 2853 17 2855 ·
51 2830 148 2867 alius
172 2831 246 2867 alio
285 2835 517 2878 sparguntur
553 2832 697 2868 relictis
735 2833 916 2868 uxoribus
952 2832 1169 2877 liberisque,
1205 2831 1261 2866 ita
1298 2833 1342 2865 ut
1381 2830 1421 2864 in
1458 2829 1549 2875 fuga

15 2900 19 2918 ς
51 2879 206 2915 salutem
243 2891 350 2916 suam
385 2881 498 2916 sitam
523 2892 602 2917 ωδε
624 2882 905 2919 arbitrarentur
933 2892 1002 2918 nec
1039 2880 1088 2916 ab
1125 2891 1169 2916 eo
1207 2879 1269 2915 die
1294 2878 1442 2914 Latinis
1482 2878 1547 2914 ob-

51 2929 181 2965 sistere
206 2929 399 2966 auderent.
