1794 3132
262 198 347 241 452
781 207 959 241 CAROLI
989 207 1233 242 DUOANGII

262 324 313 368 de
344 337 392 368 ea
419 323 572 367 sileant
604 322 832 378 Byzantini
862 322 1107 376 Scriptores.
1181 322 1269 365 Nee
1315 322 1427 365 enim
1466 321 1603 365 ausim
1642 321 1758 365 affir-

262 394 378 424 mare
407 380 450 423 id
482 380 662 422 nominis
692 379 783 422 loco
814 379 1010 430 inditum,
1034 380 1107 422 aut
1138 379 1249 434 quod
1278 379 1386 421 forte
1407 379 1452 421 in
1473 391 1519 422 eo
1543 379 1759 422 extiterint

263 437 454 481 officinae
499 436 708 487 ferrariae,
752 436 1105 491 quemadmodum
1151 436 1337 479 aerariae
1367 435 1757 490 Chalcopratiorum

262 495 354 538 vico
385 506 535 537 nomen
566 493 781 545 dederunt,
831 494 905 535 aut
937 505 1035 535 sane
1067 493 1166 547 quia
1201 492 1260 535 ibi
1302 492 1403 535 011111
1442 493 1484 535 61
1521 493 1619 536 ante
1649 491 1757 536 Con-

262 552 494 595 stantinum
528 550 655 593 fuerit
671 550 855 602 Moneta,
878 562 948 591 seu
979 549 1127 592 domus
1147 549 1192 591 in
1214 563 1296 604 qua
1318 549 1578 592 cudebantur
1597 549 1757 592 nummi

261 608 398 651 ferrei.
456 607 571 650 Nam
614 606 748 649 Petrii
794 606 990 648 vicinitas
1035 606 1218 649 ostendit
1262 606 1448 649 extitisse
1494 605 1614 648 illam
1644 606 1757 648 intra

263 666 394 708 Vetus
424 664 693 720 Byzantium.
744 663 953 705 Docemur
983 663 1135 717 quippe
1166 676 1212 706 ex
1234 663 1518 717 Aristophane
1552 662 1758 719 ἕνΝεφέ-

263 722 370 775 λαις,
395 733 588 764 nummos
619 720 772 763 ferreos
806 720 959 762 cusisse
990 720 1263 786 Byzantinos.

466 777 634 828 Ποίο1ς
663 774 801 827 θεοὺς
835 770 954 845 ομεῖ)
968 771 1044 827 σύ,·
1076 778 1257 832 πρῶτον
1281 773 1359 844 γὰρ
1382 776 1489 819 θεοὶ

463 831 599 889 Ημῖν
626 829 807 902 νόμισμῷ
829 828 913 875 οὐκ
937 830 1044 876 ἐστι.
1068 849 1161 889 στρ.
1184 835 1248 890 τῶ
1268 830 1347 890 γὰρ
1373 826 1535 889 ὄμνυτ’,
1561 829 1587 890 ἢ

463 890 738 946 Σιδαρέοισιν
770 886 923 944 ὥσπερ
957 888 1001 932 ἐν
1033 875 1272 961 Βυζαντίῳ.

261 947 1152 1074 ᾃῖἒέἒὲαέοῗῖῗαῗὲῗὲῗ311311ῗῖἑῖΞῇ
1162 946 1755 1048 (1111111111111112111

260 1062 494 1106 Pisandlo:
532 1062 738 1116 χαλεπαῖς
771 1057 824 1103 οἷν
862 1059 1022 1104 οἰκίσαι
1052 1061 1132 1115 μὲν
1160 1061 1205 1104 ἐν
1236 1061 1505 1116 Βυζαντίοις,
1540 1058 1657 1104 όπου
1688 1077 1756 1105 σι-

261 1119 456 1176 δηρέοισι
485 1118 750 1188 νομίσμασι
754 1120 955 1173 χρῶνται.
1008 1119 1087 1161 His
1115 1119 1323 1163 consentit
1343 1119 1591 1189 Hesychius,
1622 1117 1666 1161 ἐν
1692 1120 1754 1176 τῷ

260 1177 411 1234 ite-mab
435 1175 681 1231 νομίσματι,
715 1191 750 1232 ῳ
792 1175 958 1232 σιδηρῳ
1000 1191 1072 1217 και
1114 1174 1326 1232 ἐλαχίστῳ
1373 1175 1562 1231 ἐχρῶντο
1596 1191 1635 1218 οι
1668 1178 1756 1218 Βυ-

262 1218 439 1289 ζὰντιοι.
486 1234 716 1289 Spartanos
748 1233 952 1287 abrogato
980 1245 1202 1276 aureorum
1233 1234 1274 1276 et
1306 1234 1602 1288 argenteorum
1633 1246 1756 1276 num-

258 1304 441 1413 19ξὲξὲ
456 1289 1756 1403 ωῗςιῶθῗῗίῐῗῗᾞίιιῖΞὲἶῑῗὲθθὲὲθῗρῂῖἷὲἶὶέὒτέρτῖῗρέ

258 1406 362 1456 1060,
385 1405 549 1456 Sidera,
582 1404 708 1456 dicto,
741 1404 818 1446 etsi
844 1404 960 1447 locus
991 1404 1167 1459 uterque
1188 1404 1296 1447 mari
1317 1405 1619 1448 obversaretur
1673 1404 1753 1447 Sed

258 1461 428 1512 Sidera,
458 1461 575 1504 cuius
607 1461 732 1503 Anna
762 1461 967 1512 meminit,
1000 1460 1053 1503 ad
1075 1461 1247 1504 Fretum
1268 1461 1323 1517 Sy
1327 1474 1473 1504 cenum
1506 1461 1600 1510 fuit,
1632 1462 1680 1503 111
1715 1462 1756 1504 et

259 1519 468 1562 Petrium:
510 1517 641 1561 Porta
681 1530 778 1561 vero
824 1517 956 1560 ferrea
986 1516 1236 1573 Propontidi
1283 1518 1483 1570 adiacuit,
1528 1495 1700 1573 eademq
1704 1530 1755 1561 ue

258 1576 435 1628 videtur,
471 1588 576 1630 quae
606 1575 749 1629 postea
779 1575 920 1616 τῶν..
886 1575 1080 1630 Σοφιῶν,
1101 1575 1179 1618 hoc
1199 1575 1273 1626 est,
1297 1574 1606 1629 Sophianarum
1623 1574 1753 1618 Porta

257 1632 413 1675 (11611111
442 1645 467 1675 a
499 1631 656 1675 Codino
687 1631 736 1674 dc
758 1631 920 1686 Origin.
952 1632 1025 1686 qui
1058 1632 1207 1685 prioris
1228 1631 1523 1686 appellationis
1546 1632 1752 1674 rationem

258 1690 299 1732 61
330 1689 535 1744 originem
566 1688 687 1730 affert
716 1701 812 1743 pag.
834 1688 902 1730 51.
934 1688 1045 1731 Edit.
1078 1688 1181 1744 Reg.
1211 1702 1293 1744 qua
1322 1688 1518 1731 videlicet
1547 1687 1601 1731 ad
1622 1688 1754 1731 Pala-

257 1746 364 1788 tium
383 1745 446 1788 ita
463 1745 751 1799 nuncupatum
766 1745 921 1797 ibatur,
938 1745 1112 1799 proinde
1122 1745 1270 1788 Portui
1282 1745 1590 1800 Sophianarum
1601 1745 1751 1787 vicina.

258 1802 451 1845 Meminit
478 1802 633 1845 Pmtae
662 1802 836 1844 Feireae
862 1801 943 1844 Leo
975 1801 1289 1845 Grammaticus
1325 1815 1421 1858 pag.
1447 1802 1543 1844 458.
1586 1803 1627 1844 61
1656 1802 1752 1844 489.

213 1871 245 1906 A
393 1855 523 1900 Μον
531 1874 552 1900 ν
581 1860 669 1900 τῶν
699 1855 926 1927 Πετρίων]
958 1859 1150 1901 Petrium
1181 1859 1486 1902 Monasterium
1518 1872 1543 1901 a
1573 1858 1664 1901 loco
1693 1858 1751 1900 sic

257 1916 319 1958 est
345 1915 508 1970 appella
531 1929 614 1968 um,
650 1916 717 1958 cui
748 1914 899 1969 Πέτρα
931 1915 1033 1958 011111
1055 1928 1203 1958 110111611
1233 1916 1327 1968 fuit,
1362 1916 1446 1959 iam
1470 1916 1568 1958 ante
1587 1915 1752 1958 instau-

256 1973 397 2015 ratum
426 1986 451 2015 a
482 1971 760 2015 Constantino
806 1972 1075 2027 Byzantium,
1121 1973 1170 2015 ut
1217 1986 1262 2015 ex
1295 1972 1496 2028 Dionysio
1543 1972 1751 2036 Byzantio

256 2028 377 2071 docet
406 2029 558 2072 Petrus
590 2028 655 2084 Gy
657 2029 755 2072 llius
787 2029 857 2072 lib.
879 2030 918 2072 2.
950 2029 1000 2072 de
1034 2030 1157 2084 Bosp.
1193 2029 1341 2073 Thrac.
1374 2042 1463 2084 cap.
1482 2030 1521 2072 2.
1561 2042 1585 2071 a
1615 2028 1752 2071 Petris

257 2085 417 2129 scilicet
463 2086 712 2139 extantibus,
756 2087 797 2128 et
838 2086 919 2129 1061
961 2043 1146 2129 difficilip
1172 2087 1279 2130 situ:
1326 2086 1434 2129 unde
1478 2087 1519 2129 61
1552 2086 1667 2129 106118
1711 2085 1753 2127 61

255 2142 557 2185 Monasterium
606 2141 757 2198 Πέτρα
809 2144 850 2186 61
895 2141 1088 2197 Πέτριον
1140 2143 1374 2198 plomiscue
1417 2143 1683 2198 appellantur
1729 2155 1753 2184 a

258 2198 553 2254 Scriptoribus.
622 2200 777 2243 Versus
836 2213 976 2243 muros
1023 2200 1149 2243 Urbis
1199 2200 1437 2243 maritimos
1481 2200 1535 2243 ad
1579 2199 1751 2242 Fretum

258 2255 306 2311 S)
304 2269 465 2299 cenum
496 2256 686 2299 Petrium
718 2257 904 2300 extitisse
930 2257 1054 2300 autor
1083 2258 1146 2300 est
1179 2257 1352 2300 Nicetas
1381 2258 1427 2300 in
1457 2256 1604 2299 Alexio
1637 2255 1751 2320 Com.

256 2312 329 2355 lib.
347 2314 384 2355 3.
408 2326 497 2368 cap.
516 2314 580 2356 10.
604 2308 742 2367 οἱμὲν
761 2330 815 2356 τα
830 2313 970 2356 πλοῖα
985 2313 1198 2371 φέροντες
1220 2311 1409 2370 ἔστησαν
1425 2312 1647 2356 κατέναντι
1663 2312 1752 2354 τῶν

258 2369 475 2424 Πετρίων.
527 2370 616 2423 Quo
639 2371 729 2414 loco
755 2371 880 2414 codex
907 2371 1273 2426 Barbarograecus
1305 2372 1444 2424 habet,
1463 2370 1542 2412 τοῦ
1559 2365 1750 2424 κάστρου

256 2427 345 2467 τῶν
374 2425 580 2481 Πετρίων
607 2426 864 2482 λεγομένων.
910 2428 1021 2483 quod
1065 2427 1233 2483 quidem
1266 2427 1474 2483 Castrum,
1505 2427 1541 2470 si
1577 2427 1693 2470 aliud
1725 2440 1748 2469 a

257 2482 511 2527 Monasterio
540 2483 685 2537 Petrii,
726 2486 864 2528 nescio
905 2498 959 2528 an
999 2485 1111 2528 idem
1148 2485 1230 2527 fuit
1278 2498 1373 2528 cum
1403 2462 1572 2528 Pa’latio
1602 2484 1749 2535 Petrii,

258 2539 367 2593 quod
412 2536 642 2583 Παλάτιον
686 2543 765 2583 τοῦ
796 2540 991 2595 Πετρίου
1037 2543 1162 2585 vocat
1194 2542 1395 2597 Scylitzes
1439 2542 1484 2585 in
1514 2541 1750 2596 Nicephoro

257 2595 397 2639 Phoca
427 2598 468 2639 et
496 2597 558 2640 ita
595 2599 853 2653 appellatum
899 2599 961 2641 ait
1003 2598 1185 2642 Codinus
1231 2598 1274 2640 in
1313 2598 1429 2652 Orig.
1460 2597 1750 2641 Lambecianis

257 2664 351 2706 pag.
371 2653 438 2695 57.
477 2653 587 2708 quod
629 2668 653 2697 a
683 2655 809 2698 Petro
838 2655 1118 2711 Barsymiano
1150 2654 1351 2707 Patricio,
1392 2655 1629 2698 Iustiniano
1668 2654 1749 2696 im-

256 2710 437 2762 perante,
458 2711 694 2754 extructum
716 2712 855 2755 fuerit.
902 2711 1023 2755 Certe
1051 2725 1134 2755 non
1164 2713 1238 2754 uni
1267 2712 1317 2755 D.
1338 2711 1509 2755 Ioannis
1531 2710 1749 2775 Baptistae

258 2764 509 2809 Monasterio
541 2779 780 2811 concessum
814 2768 896 2811 fuit
927 2781 1079 2812 nomen
1103 2769 1249 2821 Petrii,
1274 2781 1369 2811 cum
1390 2768 1435 2811 in
1454 2768 1599 2811 Petrio
1630 2767 1747 2811 varia

253 2820 408 2864 fuerint
429 2822 633 2867 Aedificia
661 2826 702 2867 et
732 2825 1001 2868 Monasteria.
1052 2825 1164 2869 Nam
1191 2826 1356 2881 praeter
1387 2824 1508 2879 illud,
1540 2824 1657 2868 cuius
1680 2823 1749 2867 hic
