1806 3132
284 237 367 281 534
804 245 983 280 CAROLI
1013 244 1253 280 DUGANGII

283 362 375 406 erat
404 361 538 405 Aedes
567 361 698 416 priori
735 354 970 416 capacitate
1013 360 1208 404 inferior:
1249 360 1359 404 unde
1396 356 1554 416 μικρὸν
1595 356 1773 417 ὃόμημα

283 419 442 462 dicitur
468 418 601 462 eidem
631 418 879 474 Niceph0r0‚
923 418 1188 474 Imaginibus
1224 431 1271 461 ex
1299 430 1420 472 opere
1448 418 1611 462 musivo
1644 432 1773 474 aeque

283 476 548 519 adornatum.
609 476 672 518 De
717 476 795 519 hoc
838 475 1065 530 posteriore
1110 474 1277 518 Secreto
1322 476 1457 529 agunt
1487 475 1770 530 Theophanes,

285 533 485 588 Scylitzes
526 533 568 575 et
597 532 842 586 Xiphilinus
871 532 1123 575 Patriarcha
1152 532 1198 574 in
1229 531 1399 575 Sancite
1437 532 1620 587 quodam
1662 533 1772 587 apud

283 589 598 633 Leunclavium.
648 589 699 631 In
727 590 906 643 utroque
929 588 1307 644 Secreto-Synodos
1329 588 1461 643 egisse
1478 589 1772 632 Patriarcham

284 660 331 690 ex
359 646 585 701 praedictis
602 645 885 701 Scriptoribus
905 646 1134 701 colligitur.
1175 645 1246 688 An
1265 658 1364 688 vero
1391 645 1436 688 in
1467 646 1599 689 altero
1623 646 1773 690 horum

284 703 451 747 Secreto
482 703 696 747 asservata
727 703 855 746 fuerit
886 703 993 746 Zoae
1025 703 1164 745 Theca
1207 701 1297 758 (seu
1326 699 1479 759 σορὸς)
1525 703 1593 746 vix
1637 704 1773 746 ausim

283 760 478 810 definire3
507 773 601 803 cum
633 773 782 815 parum
806 773 903 803 vero
935 760 1261 803 consentaneum
1292 759 1348 802 sit
1376 760 1421 802 in
1439 760 1530 803 loco
1545 759 1772 803 Iudiciario

284 817 535 860 collocatam
565 817 692 860 fuisse
723 830 748 860 a
778 817 1070 860 Monomacho.
1113 816 1267 859 Extitit
1286 817 1503 871 praeterea
1521 816 1657 860 Aedes
1689 817 1772 860 alia

285 873 651 929 Constantinopoli
667 873 825 917 Secreti
854 874 1023 917 nomine
1053 873 1233 924 donata;
1264 886 1391 928 quam
1421 874 1466 916 in
1495 874 1585 928 ipso
1606 873 1773 917 Palatio

284 931 470 974 statuere
510 931 707 974 videntur
748 930 982 974 Simocatta
1011 930 1084 973 lib.
1108 931 1133 973 8
1163 943 1251 984 cap.
1272 931 1311 973 8.
1341 930 1382 973 et
1413 931 1683 985 Theophanes
1720 931 1772 973 A.

283 998 398 1032 XXV.
429 987 668 1039 Iustiniani,
699 987 775 1031 illa
805 987 925 1043 forte,
953 1001 1081 1042 quam
1103 1001 1127 1030 a
1147 987 1326 1030 Prasina
1354 987 1538 1031 factione
1567 1001 1651 1031 una
1678 1001 1774 1030 cum

283 1044 515 1097 Praetorio,
561 1044 735 1088 Scriniis
779 1044 821 1087 et
867 1043 1113 1087 Carceribus
1161 1044 1353 1087 incendio
1397 1045 1690 1099 consumptam
1721 1044 1772 1087 A.

285 1102 450 1144 Phocae
477 1112 563 1146 VII.
596 1102 742 1145 narrat
771 1101 880 1144 idem
913 1101 1196 1155 Theophanes.

241 1160 272 1195 B
417 1151 775 1214 Ἀντιφωνητοῦ]
807 1152 1137 1215 Ἀντιφωνητής
1163 1158 1477 1213 Harmenopulo
1498 1158 1570 1202 lib.
1584 1160 1622 1201 3.
1648 1159 1717 1201 tit.
1734 1159 1772 1201 6.

286 1214 482 1258 Basilicis
527 1216 569 1258 et
598 1215 632 1258 Ι.
665 1214 709 1258 G.
742 1214 914 1258 Graecis
945 1215 1101 1258 dicitur
1131 1227 1225 1258 reus
1265 1215 1466 1270 pecuniae
1505 1215 1774 1267 constitutae,

285 1272 358 1326 qui
387 1284 460 1326 pro
491 1272 575 1315 alio
607 1272 842 1324 constituit,
875 1285 999 1327 quern
1035 1271 1150 1314 Galli
1178 1272 1333 1315 vocant
1363 1285 1410 1314 ex
1446 1273 1571 1315 verbo
1603 1272 1775 1326 Repon-

284 1329 401 1380 olcmt,
447 1328 511 1371 uti
552 1329 820 1372 observatum
863 1342 887 1372 a
920 1328 1092 1385 Cujacio
1141 1328 1195 1372 ad
1223 1329 1347 1372 Paul.
1389 1329 1461 1372 lib.
1502 1329 1538 1372 1.
1586 1329 1774 1373 Sentent.

283 1386 353 1428 tit.
373 1386 440 1428 20.
472 1386 512 1429 et
557 1398 605 1429 ex
634 1385 890 1429 Narratione
935 1386 985 1429 de
1015 1385 1250 1429 Salvatoris
1295 1385 1400 1428 dicti
1442 1379 1775 1440 Ἀντιςρωνητοῢ

284 1442 488 1497 Imagine‚
524 1455 631 1497 quae
660 1443 800 1485 extitit
831 1442 1196 1497 Constantinopoli
1235 1442 1280 1485 in
1309 1443 1562 1498 Tetrastylo‚
1607 1443 1720 1486 edita
1750 1457 1774 1486 a

287 1498 546 1551 Combefisio‚
576 1499 741 1542 abunde
768 1500 946 1543 constat.
1017 1499 1108 1554 Qua
1139 1499 1268 1542 etiam
1300 1499 1471 1543 notione
1499 1499 1777 1554 Responsalis

285 1569 362 1599 vox
387 1556 589 1611 usurpata
618 1556 775 1611 legitur
804 1557 849 1599 in
894 1556 1026 1599 veteri
1072 1557 1219 1599 charta
1264 1556 1459 1611 Hugonis
1500 1557 1776 1612 Lingonensis

284 1612 419 1667 Episc.
450 1612 502 1656 A.
534 1622 733 1656 MCOXXI.
794 1614 845 1656 In
877 1613 1026 1656 Tabul.
1071 1612 1325 1667 Campaniae
1366 1613 1533 1657 Thuani
1578 1613 1650 1656 fol.
1681 1614 1773 1656 171.

283 1670 376 1713 Nos
404 1669 585 1713 nobilem
616 1670 833 1713 mulierem
861 1670 1104 1713 Blancham
1131 1670 1339 1713 illustrem
1362 1669 1629 1713 Comitissam
1653 1668 1775 1714 Gam-

276 1726 442 1780 pam'ae
469 1727 761 1770 constituimus
782 1727 973 1783 pleyiam
1002 1731 1041 1770 et
1069 1726 1366 1780 responsalem.
1413 1727 1490 1770 Est
1517 1727 1652 1783 igitur
1684 1740 1777 1770 ver-

284 1784 431 1826 borum
476 1782 626 1826 Annae
672 1796 827 1836 sensus,
874 1784 1071 1827 Alexium
1116 1784 1275 1827 certam
1319 1784 1519 1838 pecuniae
1567 1797 1776 1827 summam

285 1840 511 1895 quotannis
543 1839 709 1883 Secreto
740 1854 788 1884 ex
818 1841 978 1885 aerario
1012 1840 1178 1895 publico
1210 1854 1234 1884 a
1265 1840 1539 1895 vectigalium
1571 1840 1777 1884 curatori-

283 1898 361 1940 bus
391 1897 621 1940 decrevisse
649 1897 909 1941 inferendam
946 1898 1036 1941 vice
1063 1897 1298 1952 sponsionis
1327 1897 1427 1953 eius,
1459 1895 1566 1952 q'uae
1595 1910 1642 1940 ex
1672 1910 1774 1940 auro

284 1954 325 1996 et
355 1953 531 2008 argento
564 1954 726 1997 Thecae
755 1955 863 1998 Zoae
893 1954 1189 2009 circumposito
1237 1954 1418 1997 conflata
1463 1955 1565 1997 erat.
1641 1954 1772 1997 Porro

283 2010 434 2053 emissa
474 2010 526 2054 ab
566 2010 714 2061 Alexio
751 2012 832 2055 hac
872 2011 965 2068 ipsa
1005 2011 1257 2066 tempestate
1300 2010 1492 2068 Novella,
1534 2023 1606 2054 seu
1648 2011 1776 2054 Bulla

284 2065 438 2119 Aurea,
470 2066 520 2110 de
551 2066 820 2111 Ornamentis
850 2067 1061 2111 Ecclesiae
1100 2081 1184 2111 non
1223 2067 1474 2120 auferendis,
1515 2081 1622 2123 quae
1663 2067 1777 2111 extat

283 2124 327 2166 in
355 2123 453 2166 Iure
484 2123 692 2167 Orientali
723 2125 824 2168 data
850 2138 989 2168 mense
1013 2124 1125 2180 Aug.
1147 2135 1192 2169 v.
1223 2124 1376 2167 Indict.
1398 2123 1480 2168 An.
1500 2135 1550 2168 M.
1568 2134 1772 2170 VIMDXC.

287 2179 442 2223 Christi
470 2191 697 2224 MLXXXH.

243 2243 272 2278 B
421 2234 569 2295 Βουλῆ
598 2231 819 2294 ἀνεφάνη]
854 2236 1005 2281 Confer
1026 2239 1232 2282 Zonaram
1261 2237 1307 2280 in
1328 2236 1489 2281 Alexio.

246 2308 272 2343 0
420 2290 778 2349 Δομεστικάτου]
823 2294 1023 2350 Dignitas
1054 2294 1307 2347 Domestici;
1350 2307 1456 2349 quae
1482 2304 1564 2338 'vox
1594 2295 1778 2338 occurrit

285 2362 452 2392 rursum
481 2351 593 2405 apud
624 2351 794 2406 Annam
824 2364 920 2407 pag.
945 2353 1040 2395 168.
1071 2352 1112 2395 et
1140 2351 1236 2394 304.
1281 2352 1333 2394 In
1362 2351 1542 2395 Novella
1572 2352 1774 2395 Theodos

287 2406 336 2449 de
367 2406 598 2451 Scholarib.
643 2408 755 2463 apud
800 2408 1043 2452 Balsamon.
1091 2409 1144 2452 ad
1191 2407 1290 2452 Can.
1332 2407 1481 2463 Apost.
1529 2409 1570 2452 et
1602 2408 1775 2464 Gregor.

288 2463 442 2506 Turon.
474 2464 547 2508 lib.
569 2465 608 2508 2.
639 2465 752 2508 Hist.
786 2478 874 2519 cap.
899 2466 938 2508 8.

45 2523 274 2570 Pag.158.A
426 2519 683 2573 Φιλίππου]
717 2518 860 2572 Πόλις
883 2520 1116 2564 Φιλίππου
1148 2533 1232 2564 non
1266 2521 1328 2564 est
1342 2521 1636 2577 Philipporum
1665 2521 1776 2574 urbs,

289 2576 360 2619 sed
389 2577 706 2647 Philippopolis,
737 2579 854 2621 cuius
877 2579 1058 2622 confinia
1077 2578 1317 2638 incolebant
1338 2590 1384 2621 eo
1405 2591 1506 2622 aevo
1523 2578 1775 2621 Pauliciani.

248 2646 277 2680 Β
425 2637 699 2689 Παριστριον
742 2634 994 2690 νεμομένων
1037 2635 1251 2686 Σκυθῶν]
1299 2634 1479 2691 Scythae
1518 2635 1620 2678 Istri
1658 2634 1778 2678 fluvii

289 2689 454 2733 accolae
485 2691 753 2747 Παρίστριοι
782 2688 955 2735 Σκύθαι
985 2692 1183 2735 dicuntur
1198 2691 1407 2747 Scylitzae
1426 2691 1471 2734 in
1486 2692 1776 2736 Monomacho.

288 2744 588 2811 Constantinus
616 2748 848 2792 Manasses:

408 2803 586 2859 Εβλεψε
616 2806 775 2848 τοῦτον
805 2801 1023 2860 Λάνουβις
1052 2804 1126 2848 καὶ
1154 2802 1332 2862 Σκύθης
1360 2798 1668 2860 Ἰστρογείτων.

289 2857 561 2915 Παρίστριος
618 2858 775 2913 πεδιὰς
821 2863 933 2918 apud
977 2862 1173 2906 Nicetam
1216 2863 1262 2905 in
1307 2863 1422 2906 Man.
1466 2862 1539 2906 lib.
1573 2863 1612 2906 6.
1653 2861 1707 2905 N.
1739 2862 1775 2905 1.
