1794 3132
569 231 624 265 m
651 231 940 266 ALEXIADEM
969 234 1132 268 NOTAE
1509 229 1594 273 477

113 344 734 467 ἔξῖῖξῖὲιῑὲῗὲιὲῖεᾟῗᾞξῑ
754 345 1472 461 *ffissfissfflssesssoffgfizessssfflaffe
1491 365 1597 453 ἶῗὲἓ

111 457 303 512 palustri,
337 458 405 501 vel
432 458 653 513 quadrato,
684 471 720 501 si
755 459 880 511 adsit,
911 460 1062 514 lapide,
1104 463 1178 504 aut
1206 463 1382 518 denique
1409 464 1594 508 lateritio

110 527 231 569 opere
272 514 477 558 contineri
521 515 638 558 solet.
702 515 845 559 Vallo-s
890 518 1096 560 vocabant
1126 518 1268 561 Latini
1311 533 1452 564 muros
1491 522 1593 565 istos

107 570 423 682 ffflffltisss'ffl
443 572 760 681 observatllqimka
782 572 990 616 Salmasio
1012 573 1065 616 ad
1087 574 1357 674 {partiapum
1386 590 1484 676 pggi
1501 579 1595 677 ligii

241 641 258 670 1
316 643 352 669 ω
405 643 520 681 ρους,
568 642 593 672 a
669 645 704 670 ω
735 644 795 680 ος,
838 643 988 684 cespes,
1034 644 1087 672 vn
1120 645 1141 674 e
1184 645 1258 674 nos
1281 645 1372 675 rum
1443 648 1531 676 oet>

105 685 325 727 accersunt
342 685 425 728 viri
446 685 574 728 docti.
611 685 681 729 Sic
701 699 822 741 porro
844 686 978 729 tradit
994 687 1132 729 Autor
1141 688 1265 731 Vitae
1281 684 1479 733 Ludovic‘i
1496 691 1591 734 VII.

106 741 175 783 Fr.
207 741 312 796 Reg.
343 754 434 796 cap.
456 743 524 784 20.
554 742 599 784 in
628 742 888 786 Damascena
918 745 1059 786 tractu
1087 746 1255 798 propter
1283 747 1498 800 penuriam
1529 747 1593 790 la-

105 797 251 851 pidum
286 798 457 853 praedia
486 798 641 854 passim
672 799 903 843 interclusa
929 800 1065 853 fuisse
1095 802 1230 844 muris
1259 804 1456 846 terraceis
1486 817 1591 846 com-

101 855 243 908 pactis
286 854 501 898 bitumine.
573 855 791 899 Eiusmodi
834 857 976 899 autem
1021 857 1103 900 suit
1133 858 1285 901 Portus
1315 859 1483 910 Iuliani,
1521 873 1592 903 seu

106 911 388 961 Bucoleontis,
420 925 543 967 quem
574 910 887 968 χειροποιητόν
915 913 1042 956 fuisse
1073 916 1239 957 constat
1269 928 1315 958 ex
1342 915 1522 971 Scylitze
1551 918 1593 959 et

107 966 313 1023 Glycain
343 968 519 1024 Niceph.
548 969 703 1021 Phoca,
734 971 911 1026 aggesta
955 970 1119 1013 telluris
1161 972 1270 1014 mole
1314 973 1593 1016 marmoribus

105 1024 281 1068 subinde
324 1025 479 1068 vestita
524 1026 749 1069 confectus.
823 1027 1090 1070 Manufactos
1131 1029 1276 1082 portus
1321 1029 1523 1072 Cothones
1567 1043 1591 1072 a

106 1080 268 1124 Latinis
297 1082 529 1137 appellatos
558 1083 684 1126 autor
717 1084 780 1126 est
809 1083 972 1126 Festus
1033 1084 1230 1127 Sidonius
1258 1085 1302 1127 in
1332 1086 1591 1142 Panegyrico
1672 1123 1675 1126 .

104 1138 332 1181 Anthemio
376 1139 489 1182 dicto
519 1138 693 1182 Portum
725 1140 882 1183 Iuliani
929 1140 1164 1183 describens
1200 1154 1375 1197 aggeres
1409 1142 1511 1185 istos
1546 1143 1591 1184 in

103 1207 219 1237 mare
249 1197 552 1250 procurrentes,
583 1198 761 1240 materia
791 1197 961 1239 aliunde
988 1198 1229 1252 importata,
1261 1199 1428 1253 pulvere
1448 1211 1592 1253 nempe

104 1250 351 1305 Puteolano,
383 1254 604 1308 congestos
634 1253 761 1296 fuisse
790 1254 865 1305 ait,
897 1266 1020 1308 quem
1046 1254 1099 1297 ad
1135 1256 1380 1307 structuras,
1412 1268 1519 1310 quae
1546 1256 1589 1297 in

105 1320 215 1362 aqua
233 1307 405 1361 fiebant,
426 1309 647 1352 transferri
667 1311 840 1353 solitum
862 1310 982 1353 docet
999 1311 1220 1354 Vitruvius
1250 1311 1323 1354 lib.
1345 1314 1383 1355 5.
1417 1325 1505 1366 cap.
1526 1313 1589 1354 12.

970 1366 1068 1409 Itur
1096 1369 1144 1410 in
1172 1382 1327 1422 aequor

293 1421 498 1474 Molibus,
521 1427 561 1466 et
578 1427 733 1466 veteres
750 1423 875 1466 tellus
895 1437 1004 1467 nova
1024 1425 1233 1468 contrahit
1249 1425 1400 1469 undas,

261 1519 266 1523 .
293 1479 489 1535 Namque
515 1480 807 1524 Dicam-haeae
834 1480 1071 1524 translatus
1092 1482 1238 1535 pulvis
1268 1496 1423 1525 arenae

293 1535 476 1579 Intratis
503 1537 717 1580 solidatur
746 1539 881 1592 aquis,
913 1538 1149 1593 durataque
1177 1552 1318 1581 massa

290 1591 480 1636 Sustinet
508 1594 701 1637 advectos
721 1596 957 1650 pereyre'no
985 1596 1034 1637 in
1062 1597 1230 1650 mergite
1258 1609 1439 1649 campos.

101 1649 218 1692 Haec
265 1649 434 1704 quidem
481 1650 644 1694 Sidonii
704 1651 1011 1705 quodammodo
1054 1652 1293 1707 interpretis
1336 1653 1586 1695 seutentiam

102 1704 300 1748 videntur
327 1705 507 1750 firmare.
567 1707 722 1750 Fateor
766 1709 909 1750 tamen
954 1721 1035 1750 non
1078 1708 1199 1763 plane
1242 1708 1345 1750 mihi
1388 1709 1587 1751 hactenus

102 1762 260 1805 factum
293 1763 397 1806 satis
432 1763 483 1806 de
526 1764 651 1807 huius
694 1764 888 1807 vocabuli
933 1765 1113 1815 notione,
1159 1765 1377 1819 adhucque
1418 1765 1585 1807 haerere

100 1819 357 1885 scrupulum,
383 1821 432 1862 ut
462 1821 504 1863 et
533 1821 578 1863 in
608 1822 673 1864 his
705 1820 854 1863 Codini
884 1821 986 1863 locis
1017 1821 1060 1863 in
1093 1821 1208 1876 Orig.
1242 1821 1322 1864 ΟΡ.
1362 1817 1506 1863 ἔκτισε
1538 1820 1585 1863 δὲ

101 1869 240 1926 αὐτος
270 1875 343 1918 καὶ
371 1876 586 1931 τέσσαρας
616 1874 832 1932 ἐμβάλοι-ς
860 1871 952 1919 a'mi
984 1879 1062 1919 τοῖ’
1085 1876 1311 1920 Παλατίου
1342 1876 1466 1931 μέχρι
1496 1878 1586 1919 τῶν

101 1931 317 1985 χερσαίων
347 1933 507 1986 τειχῶν
535 1930 796 1992 ἐγχορή-γοι·ς
839 1931 1019 1985 &blot-g.
1066 1937 1107 1977 et
1136 1947 1242 1985 mox,
1287 1932 1468 1990 ἐποίησε
1513 1933 1584 1975 καὶ

100 1985 262 2044 γάβους
292 1987 551 2047 ἑγχορήγους
579 1990 655 2033 ἐπὶ
686 1995 833 2033 πᾶσαν
860 1988 939 2047 τὴν
968 1987 1111 2033 πόλιν.
1145 1991 1215 2033 ubi
1245 1987 1474 2046 ἑγχόρηγος
1509 1990 1585 2033 ad-

100 2046 299 2089 iectivum
331 2047 511 2099 videtur,
544 2049 740 2103 vocisque
768 2048 1036 2103 significatio,
1077 2061 1203 2102 quam
1234 2047 1390 2101 profert
1419 2046 1583 2090 Salma-

102 2103 188 2146 sius
217 2103 272 2146 ad
299 2103 489 2147 Solinum
523 2118 618 2160 pag.
643 2107 764 2148 1232.
807 2105 977 2153 admitti
1018 2106 1175 2158 potest:
1219 2104 1281 2146 ait
1325 2104 1434 2146 enim
1473 2103 1582 2157 apud

103 2158 428 2204 Constantinum
470 2163 513 2203 et
556 2162 661 2205 alios
705 2161 789 2204 dici
831 2157 1089 2219 ἑγχορήγοις
1141 2160 1316 2215 parietes
1364 2160 1406 2201 in
1443 2161 1582 2202 orbem

101 2217 367 2271 compositos,
399 2230 473 2261 seu
505 2216 551 2260 ἐν
579 2219 715 2273 χοροῦ
744 2215 878 2270 τάξει.
938 2219 988 2269 In
1018 2218 1100 2260 alio
1129 2216 1238 2271 apud
1272 2216 1446 2258 Leonem
1480 2217 1582 2266 loco,

100 2273 146 2315 in
180 2273 364 2317 Tacticis
394 2287 485 2329 cap.
505 2276 569 2318 15.
602 2275 640 2329 §2
660 2276 725 2318 77.
755 2274 906 2329 μέχρις
937 2270 987 2316 οἱ·
1013 2270 1242 2328 ἕγχόρηγος
1269 2268 1312 2314 ai
1343 2272 1581 2326 κινστὲρναι

100 2329 320 2384 γένωνται,
350 2344 430 2374 vox
459 2328 693 2388 ἕγχόρηγος
721 2345 795 2387 pro
824 2345 961 2385 capax
1004 2331 1170 2373 videtur
1200 2330 1412 2383 usurpari:
1459 2329 1585 2393 idque

101 2385 275 2430 firmant
304 2388 415 2432 Acta
436 2388 509 2432 SS.
529 2389 681 2444 Thyrsi
713 2392 754 2432 et
788 2389 996 2431 sociorum
1026 2401 1071 2430 ex
1092 2386 1180 2429 MS.
1204 2386 1438 2449 Tholosano
1469 2385 1582 2428 edita

101 2456 127 2486 a
155 2443 347 2487 Bolaudo
377 2446 444 2488 28.
464 2446 584 2488 Ianu.
615 2459 703 2500 cap.
726 2447 765 2487 5.
795 2445 848 2487 N.
869 2445 935 2486 22.
981 2443 1191 2498 Sylvanus
1230 2442 1350 2492 diunt,
1389 2455 1584 2495 capacem

100 2513 296 2555 yrossum
324 2501 482 2557 afferte,
513 2506 552 2545 et
580 2517 693 2556 aqua
722 2516 814 2544 eum
844 2500 1051 2554 complete.
1123 2499 1205 2542 Ubi
1242 2498 1327 2540 alia
1356 2499 1478 2562 Acta
1508 2498 1584 2540 ha-

101 2557 201 2599 bent
228 2558 377 2611 tinam,
405 2573 492 2611 vas,
524 2559 599 2602 aut
629 2559 808 2601 lebetem.
867 2558 926 2599 At
963 2569 1055 2599 cum
1084 2556 1162 2598 hoc
1200 2555 1290 2597 loco
1330 2554 1582 2597 adiectlvum

100 2626 242 2667 capax
283 2627 358 2669 pro
387 2615 477 2670 ipso
507 2628 606 2658 vase
641 2614 847 2669 capaciori
890 2614 1092 2663 sumatur,
1140 2611 1240 2666 quid
1282 2612 1397 2653 vetat
1435 2610 1580 2653 itidem

102 2669 355 2713 adiectivum
372 2668 605 2728 ἐγχόρηγον
630 2684 702 2726 pro
720 2684 778 2722 eo,
796 2682 876 2724 quo
893 2669 1141 2711 muniuntur
1156 2666 1583 2731 propugnacula-fos-

101 2727 206 2778 sato,
222 2740 293 2770 seu
310 2728 421 2772 vallo
435 2742 460 2772 a
478 2728 708 2779 Graeculis,
726 2726 990 2782 postmodum
1008 2737 1103 2767 vero
1120 2737 1193 2778 pro
1215 2736 1275 2773 ea,
1294 2735 1467 2778 quae-ex
1481 2735 1582 2786 lpsis

100 2782 223 2826 fossis
242 2785 429 2840 egerItur
453 2786 567 2828 terra
586 2785 835 2838 usurpatum
862 2781 1131 2825 existimare?
1170 2779 1240 2823 Sic
1259 2792 1415 2844 ‘nempe
1433 2778 1582 2844 Graecl

99 2838 336 2897 δεξαμένην
369 2842 597 2885 cisternam
635 2840 801 2895 vocant,
840 2838 948 2894 quod
985 2850 1116 2892 aquas
1155 2836 1359 2891 pluvlalcs
1394 2836 1582 2891 exclplat.
