1734 3120
494 223 760 257 ALEXIADIS
789 224 883 258 LIB.
912 225 1012 260 XIV.
1040 220 1080 259 4.
1447 222 1530 263 275

44 330 279 393 ὀχλήσεως.
335 328 471 379 ι’ίλλου
497 332 578 392 γάρ
607 328 746 379 ἄλλον
785 334 1139 396 προφθάνοντος
1182 340 1239 383 οὐ
1283 343 1374 384 τῶν
1416 336 1532 386 ἄπο-

41 402 322 462 λειφθὲντων
349 399 488 459 μόνον
515 404 594 463 τῆς
624 400 831 464 ἡμερινῆς
860 401 1047 460 ὁμιλίας,
1079 405 1191 451 ἀλλὰ
1221 402 1437 452 κᾶκείνων
1455 402 1532 453 αι’·-

40 475 120 522 θις
148 468 420 514 ἐπανιόντων
446 471 518 514 καὶ
547 465 681 523 ἄλλας
716 472 789 515 καὶ
816 465 951 524 ι’ίλλας
981 471 1126 526 αἰτίας
1162 472 1305 532 λόγων
1334 478 1531 533 προβαλ-

40 538 238 594 λομένων
269 538 438 592 ἐκεῖνος
464 539 620 583 ἵστατο
650 533 828 598 ἄκλινής
865 542 944 600 τῆς
982 539 1199 601 τοσαύτης
1233 544 1531 602 γλωσσαλγίας

3 605 301 664 δάνεχόμενος
321 604 741 664 περιστοιχοὺμενος
771 606 864 651 ὑπὸ
893 612 984 653 τῶν
1007 611 1199 656 Κελτῶν.
1245 613 1317 656 καὶ
1345 605 1399 671 ἢν
1418 612 1530 658 ἰδεῖν

38 675 111 718 καὶ
148 672 266 731 πρὸς
300 672 379 728 τὰς
415 672 630 719 ἁπάντων
674 673 914 735 ὖποφορὰς
952 675 1143 734 ἑτοίμως
1179 677 1257 722 τὸν
1288 675 1427 723 αὕτόν
1456 680 1570 724 καὶΒ

38 743 115 788 ἕνα
140 742 220 797 τὰς
259 738 590 804 ἀνθυποφορᾶς
633 743 922 802 ποιούμενον.
985 747 1126 802 πέρας
1160 747 1208 791 δὲ
1240 750 1318 806 τῆς
1342 743 1525 804 ἀκαίρου

37 809 208 857 τούτων
234 813 533 871 γλωσσαλγίας
562 808 642 857 οὐκ
672 806 737 872 ἦν.
796 813 985 873 ὁπηνίκα
1011 815 1061 859 δέ
1091 831 1159 867 τις
1186 813 1409 871 ἀνακόψαι
1437 818 1527 859 τῶν

36 879 317 937 μεσαζόντων
362 880 548 935 τούτους
591 882 833 939 ἐπεχείρει,
880 881 1003 940 παρὰ
1047 886 1127 927 τοῦ
1171 885 1389 939 βασιλέως
1428 885 1527 928 ἀνε-

0 947 247 996 οκόπτετο.
305 948 359 995 τὸ
403 947 483 1008 γὰρ
527 953 618 995 τῶν
653 948 865 1009 Ψράγγων
907 950 1041 1011 φύσει
1086 947 1263 1009 ὀργίλον
1304 950 1530 1010 γινώσκων

37 1018 208 1071 ἐδεδίει,
239 1015 302 1079 μὴ
331 1018 378 1063 ἐκ
406 1020 573 1075 μικρᾶς
611 1017 888 1079 προφάσεως
925 1020 1058 1078 μέγας
1084 1018 1257 1077 πυρσὸς
1285 1018 1529 1065 σκανδάλου

36 1079 222 1146 ἅναφθῇ
265 1081 347 1130 κᾶκ
390 1084 551 1131 τούτου
599 1085 763 1146 μεγάλη
818 1088 984 1132 ἐσεῖται
1026 1085 1166 1146 βλάβη
1212 1089 1266 1149 τῇ
1305 1088 1530 1145 Ῥωμαίων

36 1153 158 1214 ἀρχῇ.
217 1154 290 1198 καὶ
321 1146 373 1214 ἦν
409 1152 473 1208 ὥς
513 1150 699 1213 άληθῶς
743 1153 1109 1213 παραδοξότατον
1150 1154 1203 1199 τὸ
1248 1153 1529 1215 φαινόμενον.

36 1219 192 1278 ὥσπερ
227 1220 309 1280 γὰρ
345 1222 627 1282 σφυρήλατος
659 1219 838 1281 ἀνδριὰς
875 1221 902 1285 ἢ
936 1220 1029 1268 ἆπό
1059 1241 1179 1277 τινος
1205 1225 1366 1279 χαλκοῦ
1397 1223 1530 1279 τυχὸν

0 1286 63 1347 ὃῆ
104 1289 387 1349 ψυχρηλάτου
430 1289 614 1350 σιδήρου
659 1293 1072 1350 κατεσκευασμένος,
1120 1290 1243 1336 οὕτω
1289 1289 1529 1347 παννύχιος

33 1360 187 1403 ἵστατο
213 1359 263 1415 ἐξ
285 1357 479 1416 ἑσπέρας
506 1359 721 1414 πολλάκις
747 1361 829 1418 μὲν
856 1362 984 1418 μέχρι
1003 1361 1140 1419 μέσης
1161 1359 1327 1414 νυκτός,
1362 1359 1527 1405 πολλά-

33 1444 102 1480 κις
129 1428 178 1472 δὲ
210 1429 283 1472 καὶ
325 1429 476 1488 τρίτης
517 1424 916 1489 ἀλεκτοροφωνίας,
965 1428 1060 1474 ἔστι
1095 1429 1135 1473 δ’
1164 1426 1241 1473 ὅτε
1269 1427 1427 1484 σχεδον
1454 1430 1565 1475 nuic

34 1497 139 1552 περὶ
168 1494 247 1549 τὰς
279 1494 561 1556 σαφεστάτας
597 1497 721 1555 ἡλίου
758 1494 906 1555 αὐγάς.
973 1495 1138 1550 πάντες
1175 1497 1224 1540 δὲ
1264 1494 1529 1555 κεκμιμὸτες

34 1562 249 1618 πολλάκις
276 1562 598 1622 μεθιστάμενοι
629 1562 852 1611 ἀνέπαυον
878 1564 1061 1621 ἑαυτοῦς
1101 1566 1173 1610 καὶ
1211 1558 1346 1618 αὖθις
1386 1562 1527 1626 εἰσῄε-

0 1643 115 1677 ῠσαν
135 1634 503 1689 δυσχεραίνοντες.
532 1636 562 1690 †
587 1630 838 1679 κάντεῦθεν
868 1631 1015 1688 οὐδεὶς
1046 1631 1232 1694 ἠδύνατο
1261 1637 1352 1677 τῶν
1370 1631 1523 1678 συνόν-

33 1718 122 1744 των
164 1697 285 1760 αὖτῴ
329 1700 447 1758 πρὸς
489 1700 569 1760 τὴν
617 1701 834 1762 τοσαύτην
884 1699 1153 1763 α’μετακλινῆ
1194 1700 1363 1755 στάσιν,
1413 1697 1524 1746 ἄλλα

30 1766 313 1826 μετώκλαζον
341 1768 536 1823 ἅπαντες
565 1765 723 1816 ἄλλοτε
766 1766 900 1825 ἄλλος
914 1785 925 1794 ·
968 1773 1041 1815 καὶ
1072 1771 1096 1815 ὁ
1126 1771 1207 1827 μὲν
1243 1769 1523 1830 ἕφηὸράζετο,

167 1914 202 1948 8.
226 1914 502 1961 γλωσσαλγίας]
529 1918 736 1963 στωμυλίας
751 1916 796 1951 A.
922 1917 976 1952 10.
1002 1916 1078 1951 τῶν
1100 1911 1304 1961 Φράγγων]
1328 1910 1466 1950 τούτων
1482 1914 1519 1949 C.

170 1962 226 2011 12.
255 1963 298 2011 τῇ
319 1963 395 1999 τῶν
420 1963 459 1999 C.
630 1966 684 2000 16.
708 1967 820 2012 μέχρι
847 1966 968 2012 μέσης
990 1964 1033 2008 F,
1057 1965 1178 2012 μέσης
1200 1975 1273 1999 om.
1298 1963 1339 1998 P.
1465 1964 1520 1998 17.

166 2010 321 2058 σχεδὸν]
346 2010 462 2059 τυχὸν
486 2011 525 2048 C.
714 2013 773 2049 20.
799 2010 1017 2058 κάντεῦθεν]
1044 2016 1159 2047 καίτοι
1186 2008 1419 2058 ἀνέχεσθαιῗ
1447 2014 1524 2046 καί·

164 2072 219 2094 τοι
245 2057 441 2107 ἀντέχεινῖ
465 2064 653 2107 καρτερεῖν
677 2060 749 2096 δὲῖ

29 2203 188 2239 rabatur
212 2204 295 2240 aliis
320 2215 432 2249 super
456 2204 549 2240 alios
571 2205 859 2247 ventitantibus,
890 2216 959 2241 nec
984 2204 1115 2248 solum,
1151 2204 1215 2249 qui
1240 2202 1406 2239 interdiu
1431 2215 1523 2239 non·

29 2251 119 2287 dum
146 2251 268 2288 auditi
302 2251 465 2298 fuerant,
488 2253 552 2288 sed
584 2253 659 2288 illis
683 2265 843 2299 quoque,
882 2254 948 2299 qui
972 2253 1046 2288 iam
1073 2252 1222 2287 admissi
1250 2254 1359 2287 erant
1383 2253 1522 2298 quique

29 2311 144 2336 novas
167 2311 313 2346 semper
345 2312 473 2337 musas
498 2301 731 2347 proferentes
757 2302 879 2338 denuo
897 2301 945 2337 ad
962 2313 1045 2337 eum
1063 2301 1247 2336 redibant.
1271 2300 1350 2345 ipse
1369 2300 1521 2335 interim

29 2348 157 2384 eodem
183 2360 328 2395 semper
351 2349 458 2385 vultu
476 2350 621 2385 medius
636 2350 737 2386 inter
756 2350 881 2386 Gallos
899 2354 1000 2385 stans
1015 2350 1192 2384 immotus
1209 2351 1353 2383 tantam
1370 2348 1522 2394 linguae

28 2397 356 2443 intemperantiam
381 2398 528 2434 ferebat
552 2410 721 2444 unusque
736 2399 783 2434 ad
800 2410 928 2434 omnes
947 2409 1076 2433 eorum
1095 2397 1329 2443 quaestiones
1345 2400 1519 2442 prompte

28 2445 296 2491 respondebat3
322 2445 409 2482 finis
424 2450 548 2482 autem
565 2448 804 2493 importunae
821 2458 949 2482 eorum
968 2445 1208 2492 loquacitatis
1225 2444 1348 2479 nullus
1362 2448 1463 2489 erat,
1489 2445 1518 2480 si

28 2494 112 2540 quis
128 2505 218 2530 vero
238 2494 345 2529 aulae
362 2495 621 2531 ministrorum
638 2495 905 2539 intercedebat,
931 2494 1030 2529 hunc
1049 2495 1255 2539 imperator
1272 2493 1518 2538 compescuit3

27 2553 189 2588 namque
214 2543 418 2579 irritabilia
438 2543 668 2579 Francorum
694 2544 845 2590 ingenia
870 2546 1047 2588 expertus
1073 2542 1285 2585 verebatur,
1308 2552 1355 2576 nc
1381 2551 1517 2586 magno

28 2589 191 2626 scandali
229 2591 401 2627 incendio
426 2603 472 2627 ex
505 2603 622 2638 parva
659 2604 770 2627 causa
795 2594 925 2627 coorto
950 2602 1127 2636 magnum
1154 2590 1322 2625 Romano
1359 2589 1518 2634 imperio

27 2637 206 2674 damnum
233 2639 420 2676 existeret.
483 2652 599 2686 quare
635 2641 841 2686 permirum
867 2650 953 2674 sane
979 2642 1061 2673 erat
1086 2637 1350 2683 spectaculum,
1376 2638 1406 2672 si
1423 2642 1518 2672 tam-

27 2698 138 2732 quam
165 2687 297 2723 malleo
324 2699 497 2734 expressa
516 2692 583 2724 aut
608 2700 653 2724 ex
679 2700 763 2723 aere
790 2691 856 2722 aut
872 2686 998 2732 rigida
1010 2698 1055 2721 ex
1071 2685 1170 2721 ferro
1187 2689 1312 2720 statua
1328 2696 1350 2720 a
1368 2696 1519 2731 vespere

26 2746 136 2781 saepe
160 2735 208 2771 ad
231 2735 391 2771 mediam
410 2740 558 2772 noctem
583 2737 640 2772 vel
665 2736 758 2771 adeo
783 2735 832 2770 ad
856 2736 1011 2770 tertium
1044 2734 1288 2780 gallicinium,
1324 2734 1512 2769 interdum

26 2783 141 2819 etiam
168 2783 214 2819 ad
238 2784 481 2820 clarissimam
508 2785 595 2820 solis
619 2785 738 2820 lucem
764 2784 899 2819 stabat.
948 2784 1077 2828 itaque
1101 2793 1228 2817 omnes
1244 2780 1378 2816 defessi
1406 2793 1516 2827 saepe

27 2831 185 2868 abibant
222 2835 272 2878 et,
312 2833 378 2868 ubi
406 2845 444 2868 se
467 2836 698 2877 recrearunt,
723 2833 834 2867 iuviti
859 2831 1164 2874 revertebantur;
1204 2841 1272 2865 nec
1307 2829 1511 2866 aulicorum

7 2877 109 2916 'erat
132 2881 197 2927 qui
227 2881 406 2917 immotus
430 2885 472 2917 ut
495 2882 558 2917 ille
582 2881 727 2917 tamdiu
754 2885 852 2916 stare
876 2882 1019 2926 posset:
1055 2878 1207 2925 quidam
1231 2877 1421 2923 sedebant,
1447 2878 1512 2913 alii
