1806 3132
300 183 383 234 515
589 181 592 183 ’
827 194 1006 234 GAROLI
1032 194 1272 234 DUCANGII

64 323 285 371 Pag.132.A
433 307 771 370 Ἐναυθεπὶτεῖν]
804 315 1040 371 Hesychius
1056 308 1327 367 Αὖθεντεῖν,
1346 310 1623 369 ἐξουσιάζειν.
1655 315 1792 371 Phry-

298 372 459 425 nichus,
480 365 734 428 Αὖθέντης,
765 370 842 415 ἐπὶ
871 372 951 414 τοῦ
972 367 1210 423 δεσπότου,
1243 366 1286 414 οὶ
1315 370 1422 427 περὶ
1451 367 1507 414 τὰ
1536 368 1792 430 δικαστήρια

299 424 493 487 ῥήτορες.
552 429 659 472 Vide
700 441 806 484 quae
842 429 892 472 de
929 428 1055 472 huius
1089 429 1203 472 vocis
1241 429 1459 472 notatione
1487 429 1643 472 habent
1672 442 1792 484 prae-

297 487 413 530 terea
442 486 650 529 Meursius
680 488 721 529 et
750 486 959 529 Fabrotus
1002 486 1048 528 in
1078 484 1214 529 Gloss.
1260 486 1302 529 eb
1332 485 1519 528 Allatius
1562 486 1635 528 lib.
1659 487 1697 528 1.
1742 486 1793 528 de

299 543 412 586 Eccl.
443 542 583 587 Occid.
614 543 656 586 et
686 542 845 586 Orient.
875 543 1030 598 perpet.
1062 555 1247 586 consens.
1275 555 1365 598 cap.
1389 543 1457 586 21.
1483 542 1538 586 N.
1559 543 1598 585 4.

259 645 286 681 o
435 630 511 684 Εἷς
538 632 591 675 τὸ
621 627 880 689 Σαλερινόν]
911 631 1133 684 Robertus‚
1163 632 1312 675 relicto
1339 632 1523 687 Illyrico,
1556 633 1601 675 in
1621 633 1792 676 Italiam

299 689 502 746 Gregorio
532 689 674 744 Papae
706 702 825 744 opem
853 689 1019 731 laturus
1049 689 1212 732 traiicit
1243 702 1351 732 anno
1384 688 1541 732 Christi
1566 700 1792 732 MLXXXII.

298 747 366 790 Ita
399 747 631 790 Malaterra
661 746 734 788 lib.
755 747 795 788 3.
828 758 916 800 cap.
939 746 1006 788 33.
1027 746 1094 788 37.
1134 746 1215 788 Leo
1247 745 1336 789 Ost.
1374 746 1447 789 lib.
1470 747 1509 788 3.
1542 759 1631 801 cap.
1654 747 1722 789 52.
1753 748 1794 788 et

298 803 501 859 Sugerius
530 803 575 845 in
608 803 711 845 Lud.
734 803 808 845 VI.
840 815 928 857 cap.
951 803 990 845 9.
1021 803 1159 850 totam
1189 802 1461 857 expeditionis
1488 803 1612 846 istius
1645 803 1792 846 Histo-

297 861 405 904 riam
437 861 498 904 sie
528 860 747 915 exequitur
778 858 1031 902 Guillelmus
1060 859 1187 914 Apul.
1221 859 1293 902 lib.
1314 859 1355 902 4.

464 938 628 985 Cannis
658 939 882 982 destructis
910 938 1093 982 Romam
1122 939 1297 982 molitur
1326 939 1449 983 adire

463 996 624 1040 Contra
655 995 856 1052 Greyorii
888 995 1074 1039 Romani
1103 995 1326 1039 Praesulis
1354 997 1510 1040 hostem

459 1053 708 1105 Henrieum,
741 1053 860 1096 cuius
888 1053 1138 1096 iamdudum
1168 1053 1386 1097 obsederat
1415 1053 1570 1097 urbem.

459 1110 660 1153 Plurima
690 1110 909 1153 barbaries
938 1110 1067 1153 annis
1094 1114 1310 1154 remorata
1337 1110 1508 1162 duobuS,

459 1167 612 1210 Altera
642 1168 861 1210 tormentis
890 1181 1110 1210 murorum
1139 1168 1306 1211 moenia
1330 1169 1474 1223 freyit,

460 1224 521 1267 Et
552 1228 690 1267 turres
718 1224 876 1267 multas
905 1225 1086 1268 invictae
1115 1225 1251 1267 diruit
1279 1225 1410 1268 urbis.

458 1281 633 1336 Iamque
660 1281 743 1324 sibi
765 1281 910 1335 fuerat
927 1295 1041 1335 pars
1069 1281 1241 1324 subdita
1271 1280 1622 1338 Transtyberina‚

459 1338 696 1393 Greyorius
725 1338 911 1393 quadam
935 1339 1079 1392 fuerat
1109 1338 1332 1382 conclusus
1358 1339 1406 1382 in
1436 1354 1546 1392 arce,

462 1395 577 1449 Quae
604 1396 770 1438 munita
796 1396 914 1447 satis,
946 1409 1033 1438 non
1062 1395 1362 1451 expuynabilis
1391 1396 1472 1439 ulli

458 1451 566 1495 Esse
593 1452 826 1504 videbatur,
858 1452 960 1495 miri
986 1456 1203 1496 structura
1234 1452 1405 1496 laboris.

456 1509 585 1552 Hane
617 1513 655 1552 et
683 1510 894 1552 munierat
918 1509 1034 1562 fidae
1062 1510 1253 1553 custodia
1282 1511 1431 1565 yentis.

456 1566 687 1610 Robertum
715 1570 857 1609 tantos
885 1566 957 1609 ubi
986 1567 1103 1610 novit
1130 1567 1260 1610 inisse
1282 1571 1482 1621 paratus,

458 1623 520 1666 Et
549 1623 631 1666 sibi
660 1637 755 1666 cum
783 1624 917 1666 tantis
946 1623 1106 1678 inferre
1134 1624 1354 1667 conatibus
1387 1639 1524 1679 arma,

455 1680 552 1724 Rex
575 1680 689 1735 fuyit
718 1680 943 1733 Hernicus,
974 1680 1113 1724 Ducis
1141 1681 1252 1724 hunc
1281 1681 1465 1725 audacia
1492 1686 1630 1736 terret,

458 1737 519 1780 Et
545 1737 681 1780 virtus
714 1741 845 1780 totam
874 1738 962 1780 iam
991 1737 1210 1792 notificata
1230 1752 1316 1792 per
1351 1738 1514 1791 Urbem,

457 1793 698 1848 Eoepectare
725 1808 873 1838 verens
901 1794 1024 1847 hunc,
1052 1795 1111 1838 ad
1138 1795 1230 1838 loca
1259 1799 1351 1839 tuta
1379 1797 1559 1840 recessit.

456 1851 667 1894 Robertus
694 1851 877 1896 Romam
897 1865 1145 1906 properans
1174 1853 1217 1895 vi
1237 1853 1437 1907 perforat
1473 1852 1600 1898 Urbis

457 1908 673 1964 Eyreyiae
699 1922 866 1961 muros‚·
897 1913 1036 1952 tamen
1064 1909 1376 1953 auxiliantibus
1403 1910 1491 1964 ipsi

458 1965 620 2009 Paucis
651 1965 854 2021 Greyorii
877 1966 1144 2019 fautoribus.-
1174 1966 1275 2010 inde
1301 1966 1555 2021 quibusdam

457 2022 648 2066 Aedibus
679 2024 849 2075 exustis,
879 2022 1082 2066 violenter
1113 2023 1164 2067 ab
1196 2023 1413 2067 obsidione

457 2079 632 2123 Liberat
663 2079 873 2123 obsessum
901 2080 990 2123 iam
1020 2084 1138 2124 tanto
1169 2084 1353 2134 tempore
1383 2080 1555 2135 Papam
1569 2099 1582 2124 .-

456 2137 584 2180 Hunc
613 2150 753 2180 secum
779 2151 936 2192 maeno
966 2137 1135 2181 deducit
1163 2137 1318 2180 honore
1347 2136 1587 2182 Salernum.

457 2193 562 2237 Post
590 2194 729 2237 Ducis
758 2194 1004 2246 abscessum,
1037 2194 1207 2249 Papam
1239 2199 1497 2239 concesserat
1529 2195 1619 2239 illis

456 2250 557 2304 Ipse
586 2251 881 2294 Ravennatem
912 2250 1174 2304 Guibertum,
1206 2253 1279 2306 qui
1308 2252 1511 2296 scelerata

459 2308 605 2350 Mente
626 2308 736 2362 pari
753 2309 993 2363 insurqens,
1013 2308 1211 2364 Reynum
1231 2310 1527 2363 praesumpsit
1548 2310 1670 2354 adire

456 2363 581 2409 Sedis
609 2365 892 2420 Apostolicae,
927 2364 1121 2409 Clemens
1150 2381 1178 2409 a
1198 2365 1323 2420 plebe
1352 2370 1538 2410 vocatus.

456 2421 646 2477 Aemina
679 2422 911 2465 Romuleae
938 2421 1044 2466 Dux
1076 2423 1177 2466 urbe
1203 2423 1378 2466 reducta
1409 2422 1581 2467 Salerni

456 2478 649 2533 Dimisit,
681 2493 911 2535 numquam
929 2493 1022 2533 par
1050 2479 1146 2523 huic
1176 2480 1384 2523 exercitus
1408 2480 1555 2524 haesit.

457 2535 612 2579 Millia
641 2550 715 2579 sex
744 2537 939 2592 equitum,
969 2537 1152 2593 triyinta
1177 2536 1317 2580 millia
1346 2536 1529 2581 Romam

457 2591 656 2636 Duoeerat
685 2593 751 2636 liic
774 2593 991 2647 peditum.-
1021 2595 1082 2637 sic
1112 2607 1196 2637 uno
1229 2598 1415 2648 tempore
1443 2595 1544 2638 victi

458 2648 567 2692 Sunt
598 2654 738 2693 terrae
766 2650 946 2694 Domini
977 2651 1072 2704 duo,
1104 2650 1200 2693 Rex
1225 2650 1531 2694 Alemannicus
1559 2652 1647 2704 iste,

455 2705 638 2761 Imperii
667 2710 804 2750 rector
830 2707 1018 2751 Romani
1043 2708 1256 2751 maximus
1285 2708 1384 2751 ille.-

458 2761 582 2805 Alter
610 2764 670 2806 ad
698 2778 822 2807 arma
849 2779 977 2808 ruens
1008 2765 1143 2808 armis
1170 2769 1411 2820 superatur,
1441 2769 1479 2808 et
1509 2765 1618 2810 alter

453 2818 651 2863 Nominis
682 2821 821 2864 auditi
849 2821 942 2865 sola
966 2821 1200 2876 formidine
1229 2823 1362 2866 cessit.
