1734 3120
511 237 775 271 ALEXIADIS
806 237 899 270 LIB.
929 237 1032 270 XIII.
1067 232 1103 271 3.
1475 232 1554 272 187

63 351 115 395 τὸ
146 350 388 411 μηχάνημα,
415 352 488 396 ἵνα
516 350 578 409 μή
609 355 708 404 ταῖς
736 346 940 411 ῶθήσεσι
968 350 1020 396 τὸ
1051 354 1206 411 στέγος
1235 351 1553 407 διασαλεύοιτο,

66 417 259 465 ἐνταῦθά
290 437 406 472 τινες
445 413 607 476 ἄνδρες
635 417 980 477 ῥωμαλεώτατοι.
1009 419 1290 478 ἑκατέρωθεν
1319 425 1398 465 τοῦ
1430 424 1554 478 κριοῦ

63 490 276 549 σφοδρῶς
317 485 546 541 ὠθοῦντες
592 487 669 532 ἐπὶ
710 485 762 532 τὸ
793 493 941 543 τεῖχος
981 486 1154 544 εἴχοντο
1196 493 1275 549 τῆς
1310 488 1555 547 ὃμοταγοῦς

63 555 269 616 τοιαύτης
297 554 523 618 κινήσεως.
578 558 651 601 καὶ
681 555 722 601 οἳ
755 557 836 614 μὲν
866 555 1085 614 καθάπαξ
1120 553 1307 617 ῶθησαν
1346 561 1557 618 σφοδρῶς
1569 568 1609 604 Ρ.
1636 569 1707 605 382

28 626 142 672 5τὸν
181 628 318 685 κριόν,
371 624 396 671 ὁ
440 628 489 672 δὲ
531 623 750 683 καθάπαξ
792 627 1087 683 παρενεχθεὶς
1131 625 1379 685 ἐσπάραττε
1421 645 1470 672 τε
1503 626 1554 671 τὸ

63 700 209 752 τεῖχος
237 696 311 740 καὶ
342 696 521 740 ἐκεῖθεν
560 691 932 752 οἷποκρουόμενος
960 697 1033 741 καὶ
1072 694 1439 754 παλιμπόρευτον
1479 695 1557 756 τὴν

64 763 210 825 φορὰν
255 761 527 820 ποιούμενος
549 790 551 792 -
571 760 968 821 ἇντεσπαρὰττετο.
1046 766 1119 809 καὶ
1165 768 1299 809 τοῦτο
1342 762 1556 818 πολλάκις

63 833 210 878 ἐποίει
238 833 351 886 τέως
379 830 593 886 πολλάκις
624 830 981 893 περιφερόμενος
1006 832 1285 890 ἑκατέρωθεν
1315 835 1387 878 καὶ
1418 836 1556 879 διατι-

62 903 251 960 τραίνων
279 899 332 947 τὸ
363 905 512 958 τεῖχος
542 896 621 946 οὖν.
653 900 791 960 ἔληγε.
851 900 977 959 κριόν
1015 903 1064 947 δὲ
1094 901 1279 956 εἰκότως
1310 900 1351 947 οἶ
1380 899 1557 960 ἀρχαῖοι

6 975 50 1010 10
61 971 293 1029 μηχανικοὶ
325 972 397 1015 καὶ
420 970 526 1027 περὶ
545 968 601 1014 τὰ
617 968 806 1027 Γάδειρα
824 974 958 1016 τοῦτο
998 970 1292 1032 ἒφευρηκότες
1321 988 1556 1028 προσωνο-

61 1036 252 1096 μάκασιν
281 1040 329 1084 ἐκ
352 1042 612 1099 μεταφορᾶς
636 1041 728 1083 τῶν
757 1042 862 1084 καθ’
895 1038 1009 1099 ἡμᾶς
1039 1046 1184 1097 κριιῦν,
1224 1038 1274 1085 οἳ
1297 1043 1390 1085 κατ’
1422 1038 1556 1100 ἀλλή-

62 1110 152 1152 λων
187 1105 430 1166 α’ντεπερχί
435 1126 562 1165 μενοι
599 1107 977 1166 διαγυμνάζονται.
1048 1104 1141 1153 ἄλλ’
1182 1107 1223 1153 οἱ
1267 1109 1395 1155 ἔνδον
1424 1127 1557 1153 κατα-

61 1178 274 1234 γελῶντες
317 1180 395 1236 τῆς
434 1180 639 1238 τραγικῆς
672 1179 855 1236 ταυτησὶ
884 1179 1165 1235 τειχομαχίας
1207 1181 1298 1224 τῶν
1322 1176 1557 1237 βαρβάρων

61 1242 232 1290 τούτων
260 1247 334 1290 καὶ
362 1245 617 1306 κριοφόρων
645 1244 815 1305 ἀνδρῶν
843 1248 915 1291 καὶ
936 1245 1005 1291 ὅτι
1036 1246 1100 1300 εἷς
1131 1243 1258 1292 οὐδὲν
1290 1243 1444 1300 αὐτοῖς
1474 1265 1556 1291 πε-
1570 1253 1612 1289 V.
1640 1253 1710 1289 303

4 1319 49 1354 15
62 1316 271 1372 ρατοῦται
299 1311 354 1358 τὰ
376 1317 454 1373 τῆς
482 1315 754 1372 πολιορκίας,
793 1310 1150 1368 ἀναπετάσαντες
1182 1313 1261 1369 τὰς
1291 1313 1434 1368 πύλας
1465 1315 1598 1360 ἐκέ-Β

62 1383 192 1427 λευον
220 1381 396 1428 εἰσιέναι
429 1384 752 1439 καταγελῶντες
780 1385 872 1427 τῶν
901 1380 998 1428 dm}
1028 1386 1108 1429 τοῦ
1148 1388 1273 1445 κριοῦ
1303 1401 1556 1441 προσκρου-

61 1448 219 1507 μάτων
239 1450 536 1508 ε’γγινομένων.
582 1446 670 1495 αοὗ
702 1450 786 1509 γάρ
811 1449 896 1495 ἃν”
929 1451 1101 1512 ἔφασαν
1132 1451 1401 1511 ῑίὲργάσαιτο
1432 1451 1558 1509 κριός

62 1521 269 1564 τοιοῦτον
296 1517 443 1576 χάσμα
475 1520 522 1564 ἐκ
551 1522 631 1580 τῆς
663 1521 754 1564 κατ’
785 1517 921 1566 αὐτὸν
948 1523 1240 1579 τειχομαχίας,
1266 1517 1366 1567 οἷον
1395 1520 1421 1581 ἡ
1441 1523 1557 1579 πύλη

64 1587 341 1645 παρέχεται.”
391 1590 524 1634 τοῦτο
552 1590 633 1645 μὲν
662 1582 740 1634 οὖν
770 1585 926 1634 αι’-τίκα
954 1594 1008 1652 τῇ
1037 1594 1127 1636 τῶν
1158 1590 1348 1636 ἔνδοθεν
1375 1586 1556 1649 ἀνδρείᾳ

0 1656 137 1700 2οκαὶ
166 1659 230 1715 τῷ
255 1658 493 1715 θαρραλέῳ
529 1661 609 1702 τοῦ
639 1662 988 1716 στρατηγοῦντος
1030 1655 1232 1715 Ἀλεξίου
1266 1661 1338 1704 καὶ
1374 1655 1558 1718 ἀδελφι-

63 1726 143 1769 δοῦ
173 1728 253 1769 τοῦ
282 1723 608 1783 αὐτοκράτορος
625 1721 828 1782 Ἀλεξίου
850 1726 914 1780 εἷς
933 1726 1062 1772 κενὸν
1085 1724 1410 1781 ἀποδέδεικται,
1434 1728 1558 1785 ἐρρα-

64 1792 336 1852 θυμηκότων
364 1795 437 1838 καὶ
476 1791 623 1839 αἰτῶν
664 1798 754 1839 τῶν
785 1797 1015 1852 πολεμίων
1057 1794 1164 1841 ὅσον
1201 1813 1248 1854 γε
1282 1794 1397 1852 πρὸς
1423 1798 1556 1840 τοῦτο

200 1959 234 1995 8.
259 1962 349 1998 τέως
376 1959 530 2004 scripsi:
557 1958 625 1998 ἕως
650 1959 690 1995 P.
819 1962 873 1996 11.
899 1963 962 1996 καὶ
985 1961 1063 1997 κατ’
1091 1962 1132 2007 Ρ,
1157 1965 1219 1997 καὶ
1244 1973 1317 1997 om.
1344 1962 1387 1997 F.
1502 1963 1556 1997 12.

198 2003 583 2091 ἐόιαξῖρὲόμένριξᾸ
628 2053 673 2090 ’ὃ
694 2058 713 2090 λ
734 2008 788 2091 1¹3
814 2005 937 2092 αἰίΙιζῖς
962 2011 1178 2057 περατοῦται
1205 2012 1246 2052 F,
1272 2007 1394 2049 αὐτοῖς
1418 2022 1490 2046 om.
1515 2010 1555 2045 P.

250 2069 490 2104 ,αεφιου
587 2069 849 2104 ,αεφιους
905 2084 913 2092 .

63 2230 130 2271 est,
166 2239 214 2263 ne
241 2227 379 2263 ictibus
404 2230 547 2263 tectum
572 2231 847 2264 concuteretur.
896 2230 977 2262 tum
1002 2227 1078 2262 viri
1119 2226 1271 2272 quidam
1306 2226 1558 2262 robustissimi

64 2277 166 2311 omni
192 2275 230 2310 vi
256 2276 446 2321 utrimque
482 2277 638 2312 arietem
676 2277 715 2312 in
755 2288 904 2311 murum
933 2275 1176 2321 impellebant
1216 2275 1432 2320 aequalibus
1470 2286 1558 2311 con-

64 2325 325 2370 stantibusque
366 2325 540 2360 motibus,
595 2325 731 2371 quibus
765 2328 843 2360 tam
875 2324 1115 2360 vehementer
1145 2325 1299 2359 arietem
1331 2323 1557 2369 protruden-

64 2373 165 2408 tibus
209 2372 351 2409 factum
405 2376 479 2419 est,
525 2377 566 2409 ut
612 2374 676 2409 ille
714 2373 888 2409 admotus
940 2376 977 2408 et
1019 2384 1168 2407 murum
1209 2371 1480 2407 comminueret
1519 2376 1558 2407 et

64 2420 235 2467 repulsus
269 2434 312 2458 ac
337 2433 507 2457 reversus
532 2423 612 2468 ipse
648 2423 978 2458 comminueretur.
1041 2420 1141 2467 quod
1180 2421 1328 2466 saepius
1371 2423 1452 2455 tum
1490 2421 1558 2456 ite-

64 2471 164 2505 ravit
199 2470 298 2505 aries
334 2470 436 2505 ultro
489 2471 660 2516 citroque
703 2482 814 2516 saepe
860 2471 1109 2506 circumactus
1151 2481 1194 2504 ac
1243 2468 1435 2514 perforare
1479 2481 1558 2504 mu-

65 2530 149 2553 rum
175 2530 250 2554 non
276 2518 435 2555 destitit.
485 2520 641 2554 arietem
678 2520 743 2564 qui
769 2519 858 2554 olim
885 2518 1115 2564 excogitasse
1148 2518 1248 2553 circa
1273 2517 1395 2553 Gades
1431 2517 1555 2553 ferun·

65 2570 128 2602 tur
168 2567 373 2603 mechanici
405 2568 540 2603 merito
575 2568 628 2604 sic
655 2567 899 2603 nominarunt
924 2566 1146 2611 metaphora.
1170 2569 1321 2611 sumpta
1346 2565 1392 2600 de
1418 2566 1558 2601 nostris

65 2615 263 2659 arietibus,
300 2616 365 2661 qui
403 2619 536 2651 mutuo
578 2628 655 2651 sese
697 2615 927 2651 offendentes
967 2614 1114 2649 ludunt.
1178 2626 1307 2650 verum
1343 2614 1408 2659 qui
1456 2615 1559 2649 intra

64 2667 182 2707 erant,
209 2664 394 2710 tragicum
434 2664 541 2699 illum
566 2666 605 2700 in
631 2677 757 2700 muros
791 2665 971 2709 impetum
998 2663 1246 2698 barbarorum
1278 2662 1555 2699 arietiferorum

64 2713 288 2757 irritamque
325 2713 556 2748 obsidionem
582 2713 793 2748 irridebant
831 2715 868 2747 et
892 2712 1013 2757 portis
1039 2710 1238 2757 patefactis
1265 2711 1312 2746 ad
1338 2711 1556 2746 intrandum

8 2778 13 2782 ff
65 2760 314 2796 hortabantur
354 2761 483 2796 arietis
520 2761 659 2797 ictibus
684 2762 792 2808 plane
818 2760 1056 2806 contemptis.
1107 2771 1311 2806 numquam
1337 2760 1437 2794 enim
1463 2760 1555 2794 arie-

65 2812 142 2844 tem
168 2820 274 2855 posse
291 2809 330 2843 in
347 2809 542 2845 obsidione
557 2810 693 2845 rimam
716 2813 862 2845 tantam
880 2808 1027 2844 efficere
1046 2808 1236 2844 iactabant
1250 2810 1427 2854 quantam
1447 2811 1556 2853 porta

3 2862 15 2893 ’ῑ
65 2857 274 2903 praeberet.
340 2858 394 2894 sic
417 2858 650 2894 obsessorum
690 2857 915 2894 fortitudine
953 2860 991 2892 et
1017 2856 1142 2892 Alexii
1162 2856 1291 2897 ducis,
1317 2856 1555 2902 imperatoris

3 2926 12 2951 3
65 2906 224 2952 nepotis,
248 2906 392 2942 virtute
416 2906 479 2942 ille
503 2906 666 2953 impetus
690 2919 806 2942 vanus
832 2906 905 2941 fuit
920 2906 1012 2951 ipsis
1028 2905 1200 2941 hostibus
1218 2907 1274 2942 ita
1291 2905 1555 2953 languentibus
