1806 3132
227 240 310 285 538
745 249 924 285 OARom
952 247 1193 284 DUoANGn

421 364 640 418 Temporis
667 364 844 420 hyberni
872 363 977 407 Dum
1008 362 1269 406 incumbente
1289 360 1469 415 pruina,

416 421 559 465 Naves
588 426 627 465 et
651 426 808 466 nautas
836 421 896 464 ibi
925 420 1101 464 collocat
1129 423 1167 462 et
1195 418 1405 462 remorari

420 477 538 522 Dum
558 479 733 534 plaoide
761 479 939 522 redeant
970 477 1146 520 aestatis
1174 480 1364 529 tempora
1392 475 1527 518 iussit.

0 552 216 599 Pag.160.B
354 542 636 602 ,Κασσόπης]
689 547 798 591 Urbs
845 547 970 601 portu
1015 545 1207 600 insignis,
1253 557 1278 587 a
1318 556 1401 598 qua
1429 542 1718 586 Brundusium

228 604 523 658 navigabatur.
592 604 761 659 Ulpian.
802 604 847 646 L.
883 604 919 645 1.
961 601 998 656 ξ.
1027 603 1092 644 12.
1136 601 1187 644 D.
1225 600 1275 643 de
1306 599 1485 643 Exercit.
1517 599 1612 641 Act.
1665 597 1720 643 Ut

227 674 315 703 eooe
353 674 491 713 naves,
523 675 629 715 quae
656 660 953 703 Brundusium
987 674 1014 702 a
1047 658 1257 711 Cassiope,
1302 656 1366 699 vel
1409 671 1436 700 a
1475 655 1718 711 Dyrrachio

226 720 407 760 vectores
434 718 666 761 traiioiunt.
697 717 787 771 Quo
815 717 908 759 loco
939 716 1034 758 Laz.
1067 715 1245 770 Baysius
1275 714 1346 756 lib.
1397 713 1448 756 de
1473 713 1535 755 Re
1564 712 1721 755 Navali

229 773 419 828 Cassopa
447 774 672 829 legendum
693 775 845 825 censet,
865 774 914 815 ut
936 773 977 816 et
996 772 1105 826 apud
1130 771 1368 815 Ciceronem
1390 770 1463 814 lib.
1487 770 1551 812 16.
1582 769 1714 823 Epist.

228 832 346 874 Fam.
379 832 418 874 9.
465 831 610 886 aitque
654 831 854 886 oppidum
901 842 986 873 esse
1034 828 1238 884 Corcyrae
1280 827 1448 870 Insulae
1491 839 1538 869 ex
1580 826 1719 868 Plinio

227 889 299 932 lib.
321 888 361 930 4.
393 901 480 942 cap.
505 889 569 931 12.
602 888 673 931 ubi
701 888 831 931 etiam
862 887 914 930 ab
946 886 1072 928 Anna
1116 885 1284 928 videtur
1329 883 1475 927 statui.
1540 882 1721 936 Cateope

228 945 385 988 dicitur
409 945 635 988 Hovedeno
667 945 709 987 et
739 944 998 998 Bromptono
1029 942 1081 985 A.
1102 951 1266 985 MCXCI.
1298 940 1493 994 Cassiopi
1527 939 1723 983 Castrum

230 1002 280 1045 D.
311 1001 513 1057 Gregorio
545 1002 602 1045 M.
632 1002 704 1045 lib.
729 1003 793 1045 12.
826 1001 958 1054 Epist.
983 1000 1021 1043 2.
1042 1001 1080 1042 3.
1104 1000 1145 1042 et
1165 1000 1203 1042 8.
1233 998 1356 1041 hodie
1378 996 1574 1050 Cassopo.
1615 996 1722 1040 Vide

230 1059 435 1101 Thomam
464 1058 751 1102 Poreaeehum
782 1058 832 1101 de
861 1057 991 1100 Insul.
1056 1057 1132 1099 Est
1176 1056 1390 1110 praeterea
1434 1053 1619 1097 eiusdem
1646 1066 1721 1107 ap-

230 1115 469 1170 pellationis
501 1116 845 1170 Thesprohiorum
883 1114 983 1156 urbs
1012 1114 1057 1155 in
1087 1113 1227 1168 Epiro,
1266 1112 1315 1155 de
1354 1124 1437 1166 qua
1469 1110 1721 1165 Geographi.

188 1187 217 1221 B
364 1182 541 1237 Λιμένα
566 1179 846 1237 Πασσάρων]
878 1177 1127 1235 Πάσσαρον
1146 1180 1371 1224 Molossiae
1397 1180 1442 1222 in
1458 1179 1585 1234 Epiro
1606 1179 1722 1222 loeus

231 1240 342 1296 apud
373 1241 487 1284 Plut.
519 1241 563 1282 in
592 1241 754 1296 Pyrrho
784 1241 825 1283 et
854 1240 1023 1283 Livium
1051 1239 1124 1282 lib.
1147 1239 1216 1281 45.

184 1309 219 1344 D
367 1307 668 1363 Κονταρίνου]
701 1309 763 1351 Ex
785 1308 943 1350 illustri
966 1307 1298 1350 Contarenorum
1315 1304 1476 1348 Veneta
1505 1304 1642 1360 gente,
1675 1317 1721 1347 ex

232 1379 315 1421 qua
347 1365 535 1420 prodiere
566 1366 700 1408 Duces
731 1365 896 1420 aliquot
927 1365 1045 1419 Reip.
1067 1363 1264 1407 Venetae.

0 1430 78 1477 Pag-
96 1431 219 1468 161·A
352 1426 490 1488 ’Ἀχρι
520 1432 726 1487 δευτέρου
759 1431 1005 1489 ζωστῆρος]
1057 1431 1306 1488 Theodorus
1329 1429 1547 1473 Prodrom.
1588 1428 1660 1473 lib.
1683 1429 1722 1471 5.

231 1491 320 1533 τῶν
347 1487 456 1532 κατὰ
482 1486 724 1547 Ῥοὸάνθην
754 1503 850 1545 pag.
872 1490 968 1532 225.

490 1540 560 1590 Ἐκ
586 1546 793 1603 δευτέρου
828 1545 1053 1603 ζωστῆρος
1085 1537 1186 1600 ὄῖχρι
1215 1543 1287 1586 καὶ
1310 1542 1462 1598 τρίτου

491 1603 650 1655 Πίλοις
679 1601 1011 1646 κατεσκέπαστο
1046 1603 1224 1652 ναστοῖς
1253 1600 1451 1654 παχέσιν.

237 1660 394 1716 Τρίτος
426 1657 596 1717 ζωστὴρ
626 1661 737 1716 apud
769 1660 986 1704 Constant.
1031 1660 1268 1703 Manassem
1314 1659 1358 1700 in
1406 1656 1635 1712 Theophilo
1680 1656 1721 1698 et

231 1719 429 1762 Nicetam
472 1718 517 1761 in
547 1719 662 1761 Man.
691 1717 765 1761 lib.
787 1719 825 1761 2.
854 1717 908 1760 N.
933 1718 970 1759 1.
1002 1717 1076 1772 qui
1121 1713 1305 1769 ἔσχατος
1350 1710 1523 1770 ζωστήρ
1570 1712 1726 1756 dieitur

233 1777 418 1819 Zonarae
446 1775 490 1818 in
522 1775 764 1831 Theophilo.

189 1844 219 1879 Β
366 1840 597 1899 Λαμπράν
628 1841 772 1898 νίκην]
820 1842 944 1885 Hane
974 1841 1150 1884 Rober‘ni
1196 1840 1392 1884 navalem
1429 1838 1651 1882 victoriam
1681 1837 1725 1879 in

232 1913 416 1943 mensem
443 1901 726 1944 Novembrem
765 1899 936 1942 coniicit
965 1898 1228 1941 Romualdus
1258 1896 1604 1951 Archiepisoopus
1647 1893 1725 1938 Sa-

230 1957 489 2001 lernitanus:
529 1957 635 2000 Dux
663 1957 874 2000 Robertus
911 1956 1079 1999 oolleoto
1109 1955 1278 2010 aymine
1305 1954 1459 1997 iterum
1498 1953 1545 1994 in
1588 1951 1726 1994 ultra-

231 2015 426 2057 marinas
461 2018 611 2070 partes
656 2015 806 2057 statuit
844 2013 1075 2066 proficisci.
1157 2011 1278 2065 Quod
1323 2010 1424 2054 dum
1466 2007 1728 2062 Imperatori

234 2070 384 2114 Alexio
415 2075 670 2125 compertum
697 2074 811 2121 esset,
843 2084 966 2112 suum
995 2069 1153 2112 direxit
1188 2068 1414 2111 exereitum
1453 2080 1547 2109 oum
1585 2065 1727 2107 multi-

234 2128 379 2171 tudine
415 2129 589 2172 navium
617 2128 746 2171 simul
782 2140 876 2170 oum
916 2127 1100 2169 exercitu
1131 2125 1470 2174 Venetianorum,
1511 2126 1557 2165 ut
1594 2122 1727 2164 maris
1758 2132 1761 2134 ·

234 2186 314 2227 iter
343 2184 457 2227 Duoi
491 2184 796 2238 prohiberetur.
876 2182 1034 2227 Contra
1078 2196 1181 2236 quos
1226 2181 1332 2226 Dux
1380 2180 1589 2223 Robertus
1640 2192 1728 2220 una

233 2255 327 2285 oum
354 2241 446 2294 filio
475 2241 674 2297 Royerio,
707 2255 799 2284 oum
829 2240 1009 2283 navibus
1028 2240 1118 2282 suis
1145 2253 1232 2281 non
1255 2238 1438 2294 seqniter
1457 2249 1727 2292 progressus,

235 2312 327 2341 oum
356 2298 411 2340 iis
441 2299 596 2342 aeriter
626 2298 816 2351 eonflioeit
843 2311 981 2340 mense
1010 2296 1249 2347 Novembri,
1296 2299 1335 2338 et
1377 2294 1522 2337 navali
1557 2292 1727 2346 praelio

234 2355 464 2409 commisso,
486 2354 591 2398 Dux
610 2355 820 2398 Robertus
842 2368 930 2397 una
960 2367 1052 2397 oum
1077 2352 1169 2406 filio
1203 2365 1279 2395 suo
1299 2351 1483 2406 Royerio
1509 2350 1729 2392 victoriam

234 2412 406 2465 capiens
434 2413 623 2454 maxima
653 2412 778 2455 caede
812 2411 1054 2465 prostravit
1084 2423 1164 2462 eos,
1204 2422 1383 2464 quorum
1412 2408 1578 2462 quidem
1606 2405 1729 2448 multi

236 2469 284 2510 in
328 2482 446 2511 mare
483 2469 674 2522 demersi,
722 2468 870 2522 plures
914 2470 1051 2511 autem
1094 2466 1220 2520 eapti,
1266 2465 1464 2508 nonnulli
1508 2477 1604 2506 vero
1646 2476 1729 2516 per

231 2525 382 2579 fuyam
411 2526 484 2567 vioe
514 2525 649 2579 elapsi
678 2529 788 2576 sunt,
823 2525 963 2579 sieque
1000 2523 1237 2577 prostratis
1279 2521 1466 2565 hostibus
1493 2520 1600 2564 Dux
1636 2519 1727 2573 ipso

235 2581 362 2623 simul
393 2595 485 2624 oum
512 2582 696 2637 Royerio
723 2581 815 2635 filio
846 2580 1041 2623 exultans
1070 2580 1260 2633 tripudio
1287 2579 1397 2622 adiit
1418 2576 1725 2630 Boemundum,

232 2637 371 2690 filium
401 2651 533 2690 suum,
566 2652 686 2693 quem
716 2639 765 2681 in
794 2638 932 2689 terris,
965 2650 1069 2692 quas
1097 2636 1157 2679 ibi
1177 2636 1474 2690 conquisierat,
1509 2633 1730 2686 dereliquit

238 2707 330 2736 oum
373 2708 448 2738 suo
492 2696 675 2738 exercitu
705 2695 938 2749 Imperium
971 2691 1488 2746 Constantinopolitanum
1530 2690 1730 2734 invadere

239 2751 420 2803 cupiens.
491 2751 738 2806 Anonymus
787 2763 883 2794 vero
914 2750 1110 2793 Barensis
1152 2749 1305 2792 initum
1353 2748 1551 2791 Ianuario
1590 2758 1730 2789 mense

240 2806 291 2848 A.
325 2805 369 2849 C.
400 2817 618 2851 MLXXXV.
651 2808 882 2850 Robertum
911 2807 1022 2850 inter
1055 2807 1097 2850 et
1125 2806 1308 2849 Venetos
1346 2805 1497 2848 navale
1525 2803 1730 2859 praelium

240 2862 410 2906 scribit:
440 2863 494 2906 A.
527 2874 747 2908 MLXXXV.
779 2864 935 2907 Indiot.
965 2874 1068 2908 VIII.
1111 2863 1285 2906 transiit
1325 2861 1535 2905 Robertus
1569 2861 1616 2903 in
1643 2858 1730 2902 Ro-
