1734 3120
244 182 322 226 194
741 184 907 221 ΑΝΝΑΕ
936 178 1202 218 COMNENAE

240 325 335 352 τινα
382 306 639 365 στρατηγίαν
691 301 799 348 κατὰ
847 305 936 345 τῶν
987 297 1223 357 βαρβάρων
1273 294 1580 355 μεμελετηκώς
1633 298 1726 341 δεῖν

241 376 467 434 ἐλογίσατο
497 377 576 418 τοῦ
605 373 685 430 μὲν
716 372 930 430 δημοσίου
962 370 1162 425 πολέμου
1200 365 1361 428 σχολὴν
1391 367 1621 419 παντελῶς
1649 383 1726 409 κα-

241 444 586 504 ταψηφίσασθαι
616 442 688 485 καὶ
705 435 945 498 ἀγχέμαχον
978 436 1050 482 διὰ
1069 440 1207 481 ταῦτα
1234 434 1313 495 τὴν
1344 432 1485 494 μάχην
1513 430 1592 479 οὐκ
1613 428 1727 493 ἤθε-

241 514 324 566 λεν,
357 509 467 556 α’λλὰ
495 508 551 555 τὰ
583 507 775 565 δύσβατα
807 508 951 564 τέμπη
990 506 1063 549 καὶ
1101 503 1179 557 τὰς
1214 498 1555 559 ἀδιεξοδεύτους
1596 500 1727 554 ὁδους

203 580 496 638 Ομεταίχμιον
523 579 691 637 ἀμφοῖν
709 579 806 620 τοῖν
832 574 1155 631 στρατοπέδοιν
1174 572 1431 616 καταλιπών
1449 569 1553 624 τούς
1573 565 1728 622 εῗῖνους

242 646 440 700 ἅπαντας
468 644 577 691 κατὰ
612 644 690 698 τάς
719 640 990 703 ἀκρολοφίας
1033 639 1146 699 μετά
1189 636 1458 699 ἀποχρώσης
1501 636 1728 696 δυνάμεως

242 713 518 775 καταστήσας
544 713 621 775 τὴν
650 711 799 772 καινὴν
828 712 992 769 ἐκείνην
1023 710 1283 768 στρατηγίαν
1314 706 1631 767 ἐμηχανήσατο,
1668 704 1729 759 (ὗς

242 782 350 845 μήτε
381 782 484 837 τούς
514 782 647 828 ἔνθεν
676 782 789 839 πρὸς
832 778 910 823 τὸν
947 781 1219 836 Βαὶμοῦντον
1265 781 1403 837 ῥᾷστα
1446 779 1729 834 προσχωρεῖν

243 851 459 898 δύνασθαι
487 849 584 912 μήτ’
617 851 793 895 ἐκεῖθεν
821 848 938 905 πρὸς
964 842 1155 900 τούτους
1195 840 1330 900 αὖθις
1364 844 1598 904 γράμματα
1626 862 1729 904 φοι-

242 923 321 966 τᾶν
350 918 377 982 ἢ
405 919 701 978 προσηγορίας
731 918 1083 974 διαπέμπεσθαι,
1117 913 1193 974 ὑφ’
1226 906 1287 959 ῶν
1321 912 1384 968 ὥς
1412 912 1468 959 τὰ
1498 911 1644 958 πολλὰ
1674 909 1729 957 τά

243 991 322 1049 τῆς
349 985 519 1047 ἀγάπης
561 985 826 1044 ἓδράζεσθαι
871 982 1025 1030 εἴωθε.
1102 981 1263 1036 σπάνις
1306 981 1385 1041 γὰρ
1429 981 1731 1041 προσηγορίας

243 1055 352 1102 κατὰ
380 1055 457 1101 τὸν
484 1057 763 1114 Σταγειρίτην
791 1052 959 1106 πολλὰς
989 1053 1140 1113 φιλίας
1174 1053 1358 1097 διέλυσε.
1406 1048 1652 1109 γινώσκων
1682 1050 1731 1094 δὲ

243 1124 321 1170 τὸν
366 1128 640 1182 Βαὶμοῦντον
680 1118 816 1180 ἄνδρα
855 1122 1071 1180 πονηρίας
1114 1122 1187 1165 καὶ
1217 1117 1589 1179 δραστηριότητος
1625 1115 1731 1162 ἀνά-

200 1195 394 1238 Dra-hcm)
418 1188 554 1253 ἤθελε
586 1193 664 1249 μὲν
693 1193 763 1236 καὶ
795 1189 873 1251 την
902 1189 1012 1234 κατὰ
1046 1188 1298 1247 πρόσωπον
1326 1186 1444 1245 πρὸς
1483 1183 1616 1232 αὗτδν
1648 1184 1731 1244 μά-

244 1280 321 1321 χην
350 1257 656 1318 ἀναδέξασθαι,
680 1257 803 1306 καθά
832 1276 878 1317 γε
909 1260 981 1303 καὶ
1012 1256 1190 1317 εἴρηται,
1227 1255 1336 1302 ἀλλά
1379 1258 1452 1301 καὶ
1491 1257 1547 1301 δι’
1578 1254 1730 1312 ἑτέρου

245 1328 411 1383 παντὸς
440 1327 611 1388 τρόπου
642 1330 714 1373 καὶ
752 1331 943 1388 μηχανῆς
981 1328 1073 1371 κατ’
1118 1322 1253 1370 αὖτοῦ
1292 1326 1490 1382 μελετῶν
1526 1319 1733 1380 οὐδαμῶς

246 1399 452 1444 ἐνεδίδου.
512 1396 584 1443 διά
616 1399 664 1442 δὲ
694 1396 773 1450 τὰς
815 1391 895 1458 ἤδη
939 1396 1153 1454 ῥηθείσας
1191 1392 1346 1447 αἰτίας,
1398 1394 1543 1437 καίτοι
1587 1389 1733 1436 πολλὰ

245 1464 482 1527 σφαδάζων
508 1464 624 1523 πρὸς
651 1469 796 1519 τοῦτο,
829 1462 1136 1525 φιλοκίνδυνός
1179 1481 1227 1507 τε
1273 1464 1344 1506 καὶ
1391 1462 1734 1512 πυκνοκίνδυνος

245 1532 384 1579 πάλαι
415 1532 478 1579 ὧν
508 1532 659 1579 οὑτοσὶ
689 1534 712 1578 ὃ
742 1530 1025 1590 αὐτοκράτωρ
1065 1533 1137 1576 καὶ
1168 1530 1274 1588 ἐμὸς
1311 1528 1474 1588 πατήρ,
1518 1530 1618 1574 ἐπεὶ
1655 1526 1733 1572 τὸν

246 1601 376 1661 λόγον
406 1598 520 1658 εἶχεν
550 1603 594 1647 ἐν
630 1606 740 1647 πᾶσι
777 1605 1030 1658 κρατοῦντα,
1072 1602 1126 1645 δι’
1166 1599 1318 1655 ἐτέρας
1357 1596 1561 1656 μεθόδου
1601 1614 1733 1641 κατα-

97 1679 135 1715 Ρ.
164 1680 233 1716 387
244 1672 518 1729 γωνίσασθαι
546 1674 702 1715 τοῦτον
734 1671 937 1715 ἔσπευδε.
985 1672 1054 1715 δεῖ
1083 1667 1179 1727 γάρ,
1214 1664 1350 1726 οἶμαι,
1383 1666 1462 1711 τὸν
1491 1663 1732 1724 στρατηγὸν

245 1735 323 1784 οὐκ
351 1735 420 1784 ἀεὶ
449 1738 520 1784 διὰ
551 1741 806 1800 ξιφουλκίας
835 1738 914 1800 τὴν
943 1740 1063 1797 νίκην
1098 1737 1240 1796 ἑαυτῷ
1272 1734 1482 1782 σπεύδειν
1519 1751 1732 1791 περιποι-

243 1811 408 1862 εῖσθαι,
440 1803 549 1852 ἀλλὰ
578 1810 650 1852 καὶ
677 1806 792 1866 πρὸς
823 1808 1093 1866 πανουργίαν
1131 1805 1253 1851 ἔστιν
1284 1796 1337 1850 οὗ
1368 1800 1729 1860 εὐτρεπίζεσθαι,

374 1923 408 1958 8.
439 1923 554 1971 ῥᾷστα
582 1925 885 1971 προσχωρεῑνἝ,
914 1927 1152 1971 προσχωρεῖν
1178 1922 1294 1970 ῥᾷστα
1320 1921 1362 1958 P.
1445 1922 1500 1956 10.
1527 1909 1596 1966 ὧν]
1624 1908 1672 1958 ὧς
1688 1918 1730 1954 F.

378 1973 433 2006 11.
460 1975 546 2008 ante
571 1968 717 2018 ἀγάπης
740 1974 779 2008 in
805 1973 836 2008 F
863 1974 976 2009 verba
1002 1968 1195 2019 δυνάμεως
1218 1966 1451 2014 καταστήσας
1537 1966 1631 2014 πρὸς
1654 1963 1733 2003 τού·

375 2033 457 2060 τους
481 2020 571 2056 falso
594 2023 756 2067 repetita
784 2033 913 2057 manus
939 2021 1064 2057 eadem
1092 2020 1244 2057 delevit.
1325 2022 1436 2055 εἴωθε
1462 2017 1505 2060 F,
1538 2020 1671 2052 εἴωθεν
1693 2015 1731 2051 Ρ.

243 2131 339 2156 novo
355 2119 393 2155 in
409 2120 587 2156 barbaros
605 2120 758 2157 consilio
784 2121 997 2166 excogitato
1015 2119 1125 2166 plane
1140 2118 1353 2155 evitandam
1369 2129 1446 2154 esse
1465 2116 1599 2152 statuit
1612 2114 1734 2162 publi-

243 2179 322 2203 cam
338 2180 510 2215 pugnam.
551 2180 670 2214 neque
685 2169 803 2215 igitur
820 2172 992 2215 apertum
1007 2168 1221 2215 capessebat
1241 2167 1437 2214 proelium,
1462 2165 1526 2201 sed
1549 2163 1733 2210 angustiis

244 2217 589 2262 impenetrabilibus
623 2218 807 2264 inviisque
832 2218 903 2253 viis
936 2218 1036 2253 inter
1057 2223 1181 2252 castra
1206 2222 1365 2262 utraque
1398 2213 1607 2251 interiectis
1631 2212 1733 2247 fidis·

245 2265 356 2300 simos
381 2277 545 2311 quosque
570 2277 654 2301 cum
687 2266 829 2301 idoneis
854 2266 972 2312 copiis
999 2266 1038 2301 in
1073 2266 1165 2312 ipsis
1190 2266 1374 2301 montium
1400 2263 1500 2309 iugis
1537 2261 1734 2298 collocavit

245 2324 450 2359 novamque
473 2313 560 2349 belli
585 2315 740 2360 gerendi
765 2314 950 2350 ratione-m
977 2314 1073 2350 hanc
1086 2314 1241 2358 invenit,
1267 2317 1310 2349 ut
1325 2324 1445 2358 neque
1463 2323 1507 2347 ex
1533 2311 1609 2346 suis
1633 2309 1732 2355 quis-

245 2372 355 2406 quam
380 2362 427 2397 ad
455 2361 708 2398 Boemundum
750 2362 857 2399 facile
887 2363 1061 2399 accedere
1102 2366 1226 2409 posset
1270 2373 1391 2408 neque
1431 2360 1536 2396 illinc
1574 2358 1623 2395 ad
1652 2358 1732 2393 ⁴hos

245 2409 394 2445 litterae
436 2410 749 2458 salutationesque
792 2412 1046 2452 mitterentur,
1101 2412 1237 2457 quibus
1293 2410 1459 2447 amicitia
1516 2408 1734 2454 plerumque

246 2458 436 2493 conciliari
479 2459 583 2495 solet.
654 2460 881 2495 cessantibus
924 2461 1020 2495 enim
1067 2460 1357 2495 salutationibus
1405 2457 1608 2494 secundum
1653 2455 1734 2491 Sta-

245 2506 397 2551 giritam
424 2507 562 2543 multae
590 2507 774 2544 tolluntur
802 2509 999 2545 amicitiae.
1066 2520 1153 2544 nam
1194 2520 1280 2550 cum
1322 2506 1579 2543 Boemundum
1611 2504 1733 2540 virum

247 2566 409 2610 summae
432 2555 597 2592 malitiae
622 2560 734 2602 atque
758 2557 966 2592 industriae
997 2569 1073 2593 esse
1099 2558 1223 2601 sciret,
1249 2559 1382 2602 aperto
1411 2554 1564 2602 quidem
1590 2552 1734 2599 proelio

245 2602 444 2649 confligere
474 2615 549 2639 non
585 2604 795 2650 dubitabat,
822 2605 1135 2651 quemadmodum
1169 2607 1243 2641 iam
1270 2605 1414 2641 dictum
1439 2606 1506 2647 cst,
1539 2602 1603 2638 sed
1631 2599 1734 2636 aliud

246 2650 353 2695 plane
378 2652 571 2688 consilium
597 2653 780 2699 aliamque
812 2659 930 2689 artem
964 2655 1004 2689 in
1030 2666 1112 2689 eum
1141 2654 1357 2700 excogitans
1388 2653 1542 2688 minime
1566 2650 1733 2686 cessavit.

244 2698 380 2754 sed-ob
405 2711 473 2743 eas,
507 2712 598 2747 quas
622 2701 712 2746 dixi,
738 2714 866 2738 causas
892 2714 1115 2749 quamquam
1142 2702 1335 2749 pugnandi
1361 2700 1623 2747 cupidissimus
1648 2708 1733 2734 cum

246 2747 497 2804 periculorum
530 2753 568 2784 ct
592 2761 717 2785 amans
751 2753 788 2786 et
814 2754 920 2786 vetus
957 2754 1063 2796 esset,
1098 2755 1221 2786 tamen
1253 2751 1459 2797 imperator
1493 2751 1601 2794 pater
1633 2756 1734 2782 meus

245 2795 483 2841 prudentiam
515 2797 554 2831 in
593 2799 766 2834 omnibus
807 2799 917 2834 rebus
954 2799 1186 2845 superiorem
1222 2811 1302 2835 esse
1339 2801 1445 2834 ratus
1477 2797 1551 2833 alia
1587 2796 1734 2831 ratione

244 2854 326 2881 eum
354 2843 540 2880 debellare
579 2846 762 2882 studebat.
823 2847 928 2883 ducis
955 2848 1053 2883 enim
1079 2850 1147 2893 est,
1172 2850 1215 2883 ut
1238 2847 1332 2883 mihi
1356 2846 1519 2892 videtur,
1542 2856 1617 2881 non
1643 2855 1734 2879 sem-
