1812 3184
501 229 893 266 ALEHADISLJB.
920 230 986 265 XI.
1019 223 1058 264 2.
1471 224 1526 266 75

27 341 112 407 ἤδη
141 345 329 408 φθάσας
354 345 380 393 ὅ
400 345 529 406 λόγος
557 344 764 429 ἐδήλωσε,
798 344 910 391 κατὰ
937 345 1017 392 τὸν
1036 345 1291 393 Πελεκάνον
1312 350 1529 408 διέτριβεν

27 412 162 475 ἀγχοῦ
188 420 280 462 τῶν
308 417 642 475 Μεσαμπέλων,
678 434 730 461 ου
771 417 845 461 καὶ
887 416 1073 472 τέμενος
1114 417 1186 461 ἐπ’
1231 412 1415 475 ὀνόματι
1445 423 1526 465 τοῦ

27 483 656 544 μεγαλομάρτυροςΙεωργίου
687 482 825 529 πάλαι
848 479 1123 544 ῳκοδόμητο.
1167 479 1310 543 ἤθελε
1340 488 1421 543 μὲν
1450 506 1528 533 ουν

28 552 173 608 οὕτως
199 552 224 599 ὅ
255 552 544 612 αὐτοκράτωρ
574 553 688 611 μετὰ
729 557 820 598 τῶν
848 555 1061 598 Λατίνων
1101 552 1214 598 κατὰ
1255 558 1346 598 τῶν
1373 551 1544 601 ἆθέων”

0 626 332 670 5συναπελθεῖν
354 621 586 680 Τοὺρκων·
616 621 897 668 ταλαντεῦων
925 623 975 668 δὲ
1003 623 1082 683 τὴν
1114 620 1340 668 ὑπόθεσιν
1369 627 1440 669 καὶ
1472 624 1525 671 τὸ

26 688 369 752 ἅπειροπληθὲς
384 696 464 737 τοῦ
482 695 727 751 Φραγγικοῦ
749 690 980 751 φοσσάτου
1012 690 1074 746 ὦς
1088 690 1205 748 πρὸς
1219 691 1271 736 τὸ
1286 691 1570 750 Ῥωμαΐκδνῦ

25 758 283 820 ’στράτευμα
325 765 556 806 κατανοῶν
601 757 939 820 οἷνυπέρβλητον
981 762 1054 806 καὶ
1099 761 1179 822 τὴν
1221 763 1531 819 παλίμβουλον

29 833 121 874 τῶν
150 830 363 874 Λατίνων
389 827 567 889 γνώμην
605 830 653 875 ἐκ
693 833 866 887 μακροῦ
905 828 1202 887 ἐπιστάμενος
1241 826 1413 890 ἆπέστη
1450 835 1531 876 τοῦ

30 896 352 960 ἐγχειρήματος.
400 896 453 944 οὗ
477 897 554 944 διὰ
582 902 718 944 τοῦτο
748 900 798 944 δὲ
826 896 976 956 μόνον,
1010 894 1121 943 ἄλλα
1147 901 1220 944 καὶ
1248 897 1302 944 τὸ
1322 895 1532 957 ἀβέβαιον

0 968 209 1018 υέκείνων
235 969 311 1013 καὶ
328 962 522 1013 &marm
539 966 766 1024 προειδώς
785 963 987 1026 Εὗρίπου
1014 970 1139 1028 δίκην
1158 971 1532 1029 μεταφερομένων

28 1037 75 1091 ἐς
101 1032 310 1082 τάναντία
337 1035 554 1090 πολλάκις
581 1035 661 1091 τάς
692 1055 742 1083 τε
772 1043 978 1096 γυναῖκας
1006 1040 1079 1083 καὶ
1106 1037 1162 1083 τὰ
1190 1040 1320 1083 τέκνα
1341 1037 1533 1096 ἑτοίμως

29 1103 220 1162 ἑχόντων
235 1101 462 1163 ὀβολοῦι
444 1104 544 1160 ενδς
570 1102 857 1164 απεμπολεῖν
875 1107 950 1152 διὰ
978 1105 1314 1169 φιλοχρήματον
1341 1105 1527 1167 γνώμην,

27 1173 207 1230 τούτοις
231 1176 313 1233 μὲν
340 1180 441 1230 τοῖς
474 1174 752 1234 λογισμοῖςί
734 1174 892 1222 εαυτὸν
920 1180 984 1236 τῶ
1013 1194 1117 1222 τοτε
1155 1172 1368 1234 ἅπεῖρξεν
1399 1175 1424 1223 ὁ
1458 1173 1532 1221 αὖ·

28 1242 260 1302 τοκράτωρ
286 1247 368 1290 τοῦ
398 1242 742 1304 ἐγχειρήματος·
786 1247 881 1291 δεῖν
908 1247 958 1291 δὲ
999 1244 1111 1304 ἔγνω
1141 1264 1200 1304 μη
1233 1250 1531 1303 συμπαρεῖναι

0 1315 109 1371 Βμὲν
138 1319 237 1367 τοῖς
266 1315 471 1368 Κελτοῖς,
504 1311 724 1373 τοσαύτην
751 1314 801 1360 δὲ
830 1309 990 1368 αὐτοῖς
1022 1312 1192 1360 διδόναι
1223 1312 1394 1374 ῥοπήν,
1418 1311 1533 1359 ὁπό-

30 1400 112 1442 σην
139 1379 194 1427 ὂν
221 1383 295 1427 καὶ
324 1380 494 1439 παρών.
555 1381 607 1428 τὸ
641 1386 747 1441 γοῦν
777 1381 1077 1441 ἐρυμνότατον
1105 1387 1197 1428 τῶν
1235 1387 1314 1442 τῆς
1348 1384 1533 1437 Νικαίας

28 1454 189 1508 τειχῶν
230 1449 460 1510 γινώσκων
516 1447 734 1497 ἀδύνατον
776 1450 860 1512 τήν
902 1450 1064 1511 ταύτης
1106 1451 1369 1508 κατάσχεσιν
1410 1451 1579 1509 παράΙ)

28 1524 120 1567 τῶν
148 1520 363 1565 Λατίνων
391 1516 637 1582 ἠπίστατο·
668 1519 912 1578 μανθάνων
951 1523 1012 1575 δέ,
1058 1519 1126 1567 ὅτι
1158 1522 1323 1581 ῥᾳδίως
1352 1521 1427 1567 διὰ
1455 1524 1534 1581 τῆς

30 1591 357 1649 παρακειμένης
384 1591 539 1649 λίμνης
570 1587 821 1648 δυνοί,ιιειςί
809 1589 958 1644 ικανάς
987 1591 1060 1635 καὶ
1096 1588 1152 1635 τά
1183 1593 1357 1649 ζωαρκῆ
1387 1588 1534 1634 πάντα

0 1656 56 1709 ’ῦὸ
98 1656 340 1712 σουλτάνος
379 1657 445 1712 εἷς
475 1660 662 1704 Νίκαιαν
701 1657 907 1717 εἰσάγει,
925 1657 1006 1718 τὴν
1040 1662 1119 1719 τῆς
1157 1659 1312 1717 λιίινης
1351 1659 1534 1715 ἐμελέτα

34 1725 308 1783 κατάσχεσιν.
369 1725 700 1782 κατασκευάσας
727 1729 877 1773 τοίνυν
918 1723 1091 1782 ἆκάτια,
1147 1729 1288 1772 ὁποῖα
1328 1745 1380 1771 το
1411 1726 1587 1784 ὕδωρΡ.
1614 1735 1685 1770 313

35 1796 178 1841 ἐκεῖνο
209 1791 380 1852 ἇνέχειν
402 1793 605 1856 η’δύνατο,
644 1795 717 1842 διὰ
747 1800 827 1843 τοῦ
857 1798 1021 1854 μέρους
1060 1800 1139 1858 τῆς
1168 1797 1286 1841 Κίου
1323 1813 1403 1840 ται
1406 1813 1461 1840 τα
1492 1796 1538 1840 ἐν

170 1909 455 1959 1.ἔδήλωσεῙ4’,
481 1911 670 1958 ἐδήλωσεν
685 1913 726 1950 P.
948 1915 981 1949 3.
1007 1926 1057 1960 ay
1059 1917 1116 1948 ίοι
1139 1908 1471 1969 μεγιιλομάοιιῃος·
1494 1910 1538 1957 P,

167 1961 278 2008 ἁγίου
302 1974 375 1998 οιιι.
404 1962 447 1998 F.
642 1964 677 1998 7.
704 1962 992 2009 παλίμβολονΟ.
1175 1963 1230 1997 13.
1259 1956 1358 2007 τότε]
1383 1964 1474 2000 τέως
1498 1959 1536 1997 C.

174 2012 229 2047 16.
250 2011 345 2058 γοῦν
364 2011 408 2056 F,
434 2004 500 2046 οὗι
524 2011 565 2047 P.
698 2014 756 2047 22.
783 2013 937 2051 ἐκείνοις
962 2010 1036 2047 FC.
1114 2010 1285 2055 Κιβωτοῦ
1309 2009 1538 2056 Ducangius.

0 2127 2 2129 ’
28 2123 105 2160 iam
118 2126 207 2159 ante
218 2123 311 2166 dixi,
327 2125 428 2160 circa
440 2123 661 2160 Pelecanum
676 2134 795 2169 prope
804 2122 1030 2168 Mesampela
1047 2122 1279 2166 morabatur,
1297 2121 1365 2156 ubi
1374 2120 1537 2167 Georgio

29 2184 168 2219 magno
181 2173 342 2219 martyri
354 2173 538 2218 templum
554 2173 643 2208 olim
658 2171 895 2208 aedificatum
910 2174 1005 2207 erat.
1030 2171 1151 2206 voluit
1164 2170 1306 2206 scilieet
1321 2171 1529 2215 imperator

30 2233 198 2257 unacum
207 2221 356 2257 Latinis
370 2222 527 2258 contra*
518 2222 655 2268 1mpios
663 2221 804 2256 'furcas
817 2219 1023 2267 proficisci3
1031 2231 1160 2255 verum
1171 2219 1442 2263 deliberatam,
1451 2230 1535 2254 cum

0 2273 72 2306 et
86 2270 397 2306 innumerabilem
425 2275 635 2306 castrorum
654 2270 925 2306 Francieorum
953 2268 1249 2312 multitudinem,
1273 2269 1334 2303 cui
1347 2268 1538 2303 Romanae

0 2299 9 2358 Ξ
0 2320 161 2365 Ξοορίὓο
184 2330 232 2354 ne
255 2320 471 2365 oomparari
498 2319 653 2365 quidem
678 2322 841 2365 possent,
868 2321 907 2354 et
920 2317 1179 2353 Latinorum
1169 2330 1209 2352 ιιι
1234 2316 1426 2352 mutandis
1450 2327 1537 2351 con·

12 2367 127 2403 siliis
144 2367 337 2403 levitatem
364 2368 585 2404 iamdudum
603 2371 742 2411 nosset,
768 2368 816 2403 ab
833 2368 983 2413 incepto
1007 2366 1165 2402 destitit.
1205 2377 1274 2401 nec
1292 2366 1341 2401 ob
1361 2364 1400 2400 id
1416 2364 1537 2400 solum

0 2381 9 2453 Ξ
4 2418 89 2452 ita
113 2416 215 2461 fecit,
240 2416 309 2452 sed
332 2417 435 2463 quod
461 2417 658 2453 instabiles
684 2417 798 2452 etiam
824 2420 863 2451 et
878 2414 1015 2451 infidos
1032 2426 1160 2451 eorum
1179 2415 1324 2449 animos
1340 2414 1416 2449 iam
1432 2425 1539 2459 prae-

0 2465 143 2522 {pv-idit,
166 2465 233 2511 qui
247 2464 386 2512 Euripi
410 2466 524 2502 modo
551 2467 591 2502 in
617 2466 811 2502 contraria
830 2476 939 2510 saepe
963 2476 1003 2499 se
1028 2463 1228 2500 vertebant
1252 2462 1432 2508 ductique
1457 2473 1540 2497 ava-

0 2513 128 2571 {ritis
156 2525 229 2550 nno
256 2514 370 2550 obolo
396 2515 524 2550 oblato
548 2515 595 2550 ad
615 2526 755 2550 uxores
782 2514 995 2558 liberosque
1028 2512 1243 2548 vendendos
1268 2512 1394 2557 parati
1416 2514 1538 2546 erant.

0 2567 13 2591 *2
33 2561 94 2598 his
117 2563 240 2609 igitur
266 2565 388 2598 causis
411 2564 621 2609 imperator
646 2562 845 2599 eonsilium
872 2566 952 2597 tum
980 2562 1163 2607 temporis
1190 2561 1345 2605 omisit3
1383 2560 1539 2615 ipseque

30 2610 231 2647 Gallorum
268 2613 498 2648 exercitibus
525 2613 653 2648 adesse
679 2612 813 2656 noluit,
852 2611 915 2646 sed
956 2610 1073 2645 nihilo
1114 2610 1193 2645 fere
1231 2608 1357 2644 minus
1386 2609 1433 2643 iis
1456 2609 1538 2654 opis

30 2659 145 2700 ferre,
173 2671 287 2707 quam
314 2661 347 2696 si
373 2661 530 2697 adesset.
577 2661 707 2706 itaque
732 2673 816 2696 cum
842 2664 882 2695 et
911 2659 1131 2694 firmitatem
1160 2658 1318 2693 Nicaeae
1343 2669 1538 2692 murorum

15 2712 162 2744 *nosset
197 2708 415 2756 frustraque
443 2710 601 2746 Latinos
636 2709 796 2745 Nicaeae
839 2708 990 2744 moenia
1029 2711 1185 2753 quatere
1222 2706 1458 2751 intellegeret
1500 2709 1539 2740 et

22 2768 104 2815 per
125 2757 349 2793 adiunctum
374 2758 498 2795 lacum
523 2759 633 2795 facile
649 2757 878 2794 sufficientes
892 2756 1090 2792 sultanum
1114 2756 1243 2801 copias
1265 2756 1465 2813 omniaque
1490 2754 1539 2789 ad

23 2805 180 2845 'motum
202 2809 411 2843 necessaria
435 2808 476 2843 in
501 2808 633 2843 urbem
657 2807 866 2852 importare
882 2807 1006 2847 sciret,
1032 2805 1104 2840 hoc
1127 2805 1211 2839 lacu
1237 2804 1356 2849 potiri
1380 2803 1538 2838 studuit

31 2854 86 2891 nd
110 2855 151 2891 id
176 2855 368 2891 naviculas
392 2857 520 2902 parari
544 2856 664 2893 iubet.
690 2855 818 2902 quales
844 2866 941 2901 aqua
967 2853 1032 2888 illa
1056 2853 1156 2889 serre
1181 2856 1318 2899 posset.
1354 2863 1490 2907 easque
1515 2863 1537 2886 a

26 2945 30 2948 ,
69 2907 154 2940 arte
175 2915 272 2952 quae
297 2904 403 2941 Cium
427 2908 575 2953 spectat
603 2905 777 2942 curribus
794 2904 1013 2952 deportatas
1038 2903 1079 2939 in
1096 2901 1219 2939 lacum
1246 2902 1326 2948 egit
1348 2900 1537 2947 impositis
