1734 3120
495 226 760 260 ALEXIADIS
791 227 884 259 LIB.
915 226 1019 259 xm.
1054 221 1089 259 3.
1458 216 1538 256 189

49 341 260 386 κέστατον
284 337 455 399 τάφρον
481 336 745 396 ποιούμενοι
775 340 847 382 καὶ
866 339 922 383 δι’
942 335 1122 395 ἁμαξῶν
1149 335 1218 383 cist*
1249 337 1540 399 ἐκφερόμενοι

49 411 127 453 τόν
156 404 248 453 ἆπὸ
279 410 359 453 τοῦ
393 403 639 466 ὀρύγματος
668 409 793 463 χοῦν.
825 408 925 451 ἐπεὶ
954 408 1002 451 δὲ
1037 402 1157 462 εἶχον
1186 402 1439 463 ἀρκούντως
1465 410 1545 469 τῆς

51 475 334 536 διατρήσεως,
364 475 540 532 ἔχαιρον
562 474 715 532 ὥσπερ
739 494 783 520 τι
802 476 913 533 μέγα
933 477 1305 533 κατειργασμένοι.
1343 473 1434 521 ἄλλ’
1463 474 1543 521 οὔκ

49 542 268 605 ἠμέλησαν
298 543 342 590 οὶ
372 543 506 599 ἐντός,
538 540 649 589 ἄλλα
681 545 791 588 κατὰ
812 542 1030 603 διάστημα
1059 543 1136 606 τὴν
1159 547 1237 603 γῆν
1256 540 1544 603 ἀνορύξαντες

14 620 36 655 5
49 615 122 659 καὶ
151 611 325 674 τάφρον
344 608 576 671 ἅξιόλογον
599 611 893 672 ποιησάμενοι
921 612 1032 658 κατὰ
1053 612 1105 658 τι)
1126 615 1346 658 διατεῖνον
1366 618 1447 672 τῆς
1466 613 1544 659 τά-

49 700 167 743 φρου
193 680 412 742 ἐκάθηντο
439 683 746 738 προσέχοντες,
776 680 894 727 ὅπου
921 684 1031 742 δῆτα
1050 680 1102 726 τὸ
1119 684 1396 740 πολιορκοῦν
1410 684 1586 740 μέροςΒ

48 750 131 810 τήν
161 752 339 796 ἐκεῖθεν
359 748 526 796 ἐνθάδε
556 748 784 810 διάτρησιν
812 752 959 807 μέλλει
980 749 1273 810 ποιήσασθαι.
1320 747 1544 804 naida-139

49 817 160 864 κατά
173 837 270 864 τινα
283 817 427 864 τόπον
438 817 732 879 ἐφευρηκότες
745 815 852 864 αὐτο
858 818 911 873 υς
921 816 1159 876 κρούοντάς
1168 837 1215 863 τε
1233 820 1305 863 καὶ
1316 815 1545 864 οἷνασκάπ-

51 906 209 942 τοντας
223 889 295 933 καὶ
311 886 392 942 τὰς
406 888 526 946 ῥίζας
542 891 621 932 τοῦ
636 888 808 943 τείχους
829 883 1093 944 ὀρύττοντας
1107 882 1306 949 ’ᾔσθοντο
1323 905 1370 932 τε
1386 883 1547 940 αὐτοὺς

0 963 38 1000 ΙΟ
49 958 122 1001 καὶ
137 958 306 1014 μᾶλλον
326 958 406 1018 τὴν
425 953 504 1002 ἄπ’
522 957 700 1001 ἐκείνων
720 978 745 1001 κ-
776 977 802 1001 ·x-
835 952 955 1015 ὄπὴν
974 951 1272 1014 ἆνερρωγότες
1286 956 1543 1014 καταντικρὺ

50 1027 121 1070 καὶ
144 1023 418 1083 θεασάμενοι
440 1025 492 1069 τὸ
505 1026 694 1085 ,πλῆθος
713 1020 806 1069 ἀπὸ
822 1027 902 1078 τ’ἶς
923 1023 1046 1078 ἐντὸς
1063 1026 1289 1084 γινομένης
1307 1027 1546 1082 τρυμαλιᾶς

50 1095 159 1151 πυρὶ
189 1092 246 1139 τὰ
275 1091 446 1139 τούτων
476 1091 704 1150 πρόσωπα
731 1092 1070 1153 κατῃθαλωσαν.
1127 1097 1260 1138 τοῦτο
1292 1095 1341 1138 δὲ
1369 1092 1421 1138 τὸ
1452 1095 1544 1151 πῦρ

50 1158 144 1207 α’πὸ
172 1159 390 1207 τοιούτων
417 1159 741 1221 μηχανημάτων
769 1158 928 1216 αὐτοῖς
957 1160 1256 1209 διεσκεύαστο.
1335 1159 1427 1207 ἆπδ
1467 1164 1545 1221 τῆς

51 1228 218 1290 πεύκης
248 1230 323 1275 καὶ
354 1225 500 1275 ἄλλων
527 1232 661 1276 τινῶν
689 1228 907 1275 τοιούτων
947 1231 1138 1287 δένδρων
1177 1227 1408 1277 αἐιθαλιῦν
1444 1249 1545 1277 συν-

0 1307 38 1343 15
50 1297 197 1358 άγεται
243 1299 433 1358 δάκρυον
475 1296 729 1347 εὕκαυστον.
802 1304 935 1346 τοῦτο
965 1298 1078 1358 μετὰ
1109 1301 1242 1345 θείου
1282 1298 1583 1357 τριβόμενονῦ

52 1366 315 1426 ἐμβάλλεταί
343 1386 392 1414 τε
423 1368 487 1422 εἷς
514 1365 754 1423 αὕλίσκους
793 1367 1001 1426 καλάμων
1029 1370 1102 1413 καὶ
1147 1369 1396 1428 ἕμφυσᾶται
1423 1366 1545 1425 παρὰ

51 1439 130 1482 τοῦ
176 1438 414 1495 παίζοντος
458 1436 607 1497 λάβρῳ
653 1439 726 1482 καὶ
769 1442 944 1494 συνεχεῖ
986 1435 1206 1495 πνεύματι
1248 1429 1353 1498 κᾷθ’
1400 1435 1543 1489 οὕτως
1559 1441 1600 1477 V.
1628 1442 1698 1476 304

51 1503 200 1563 ὁμιλεῖ
228 1510 292 1566 τῷ
324 1505 441 1564 πρὸς
469 1502 608 1564 α’κραν
637 1508 747 1565 πυρὶ
773 1508 846 1551 καὶ
878 1507 1112 1562 ἐξάπτεται
1141 1507 1213 1550 καὶ
1231 1504 1384 1563 ὥσπερ
1403 1523 1546 1564 πρησ-

52 1573 136 1634 τὴρ
168 1576 381 1632 ἐμπίπτει
412 1580 511 1629 ταῖς
540 1571 894 1632 α’ντιπρὸσωπον
932 1570 1083 1633 ὄψεσι.
1158 1572 1302 1634 τούτῳ
1343 1577 1406 1634 τῷ
1438 1574 1546 1630 πυρὶ

0 1645 308 1703 Βθκεχρημένοι
349 1642 391 1688 οὶ
436 1639 595 1689 τᾶνδον
638 1646 717 1688 τοῦ
748 1644 997 1701 Δυρραχίου
1041 1643 1308 1698 κατέχοντες,
1358 1643 1545 1697 ἐπείπερ

52 1708 397 1771 α’ντιπρόσωποι
430 1705 539 1774 ἦσαν
568 1717 665 1766 τοῖς
695 1713 938 1769 πολεμίοις,
961 1710 1040 1765 τάς
1068 1729 1115 1756 τε
1146 1713 1373 1769 γενειάδας
1402 1707 1548 1755 αὐτῶν

53 1781 322 1840 κατέφλεξαν
358 1783 429 1826 καὶ
459 1781 515 1826 τὰ
546 1778 786 1838 πρόσωπα.
845 1782 917 1824 καὶ
948 1771 1001 1838 ἦν
1033 1778 1143 1824 ἰδεῖν
1183 1778 1375 1832 τούτους
1403 1775 1547 1823 καθά·

191 1897 248 1933 10.
273 1893 339 1932 ἀπ’
367 1897 411 1942 F,
436 1896 499 1932 ὑπ’
524 1897 565 1933 Ρ.
662 1897 833 1933 lacunam
857 1896 1014 1943 signavi.
1163 1895 1219 1931 13.
1247 1891 1486 1930 διεσκεύαστο
1503 1895 1545 1932 F.

187 1945 432 1981 διεσκέδαστο
456 1946 497 1981 P.
607 1947 660 1982 15.
688 1941 890 1981 εἴκαυστον
915 1944 1073 1991 scripsi:
1103 1939 1288 1980 ἄκαυστον
1314 1944 1414 1980 libri.
1491 1945 1547 1978 16.

189 1990 413 2041 ἐμβάλλεπιί
433 2006 471 2029 τε
499 1994 540 2039 F,
565 2006 603 2029 τε
623 2006 696 2030 om.
721 1994 760 2029 P.
867 1994 927 2028 22.
952 1994 1179 2040 κατέφλεξαν
1204 1995 1266 2027 καὶ
1289 1991 1334 2028 τὰ
1360 1989 1547 2039 πρόσωπα

188 2042 229 2088 F,
254 2045 315 2079 καὶ
335 2041 379 2078 τὰ
399 2040 585 2090 πρόσωπα
603 2043 830 2091 κατέφλεξαν
846 2042 883 2078 C.
909 2044 971 2077 καὶ
995 2041 1038 2077 τὰ
1065 2042 1292 2089 κατέφλεξαν
1305 2038 1491 2088 πρόσωπα
1507 2040 1546 2076 Ρ.

54 2164 189 2200 fossam
227 2165 414 2201 ducebant
451 2154 646 2202 sabin-ram
671 2165 758 2202 inde
784 2177 930 2211 semper
967 2165 1145 2211 plaustris
1181 2166 1434 2210 exportantes.
1484 2164 1549 2209 qui

54 2225 139 2250 cum
179 2215 269 2249 satis
306 2214 568 2260 perfodissent,
612 2227 784 2262 magnam
824 2214 897 2249 sibi
935 2226 1015 2249 rem
1054 2214 1285 2260 praestitisse
1315 2213 1385 2248 visi
1413 2212 1550 2258 gaude-

56 2262 157 2298 bant.
212 2274 334 2309 neque
366 2275 455 2299 vero
484 2264 624 2299 otiosos
654 2276 692 2300 se
719 2263 952 2309 praebebant
989 2262 1134 2303 inclusi,
1163 2261 1228 2297 sed
1256 2261 1329 2307 ipsi
1358 2261 1549 2296 contraria

55 2311 177 2356 spatio
204 2312 404 2347 interiecto
427 2311 526 2348 fossa
558 2312 657 2348 facta
689 2312 917 2358 amplissima
945 2322 1012 2356 per
1040 2314 1158 2346 totam
1186 2321 1266 2346 eam
1300 2309 1548 2354 excubabant,
1608 2307 1613 2311 ⁴

57 2359 210 2394 ubinam
251 2360 460 2395 obsessores
497 2373 740 2407 perrumpere
780 2361 1002 2406 cogitarent,
1040 2359 1271 2406 indagatum.
1315 2370 1383 2393 nec
1429 2358 1547 2394 multo

56 2411 140 2453 post
153 2419 216 2443 eos
241 2408 476 2444 invenerunt.
500 2410 576 2444 iam
600 2413 639 2445 et
669 2410 871 2445 audierunt
896 2420 958 2444 eos
983 2407 1173 2453 pulsantes
1203 2407 1342 2443 ictibus
1372 2404 1547 2442 effodien-

54 2459 184 2501 tesque
219 2455 384 2492 infimam
422 2459 521 2493 muri
556 2461 702 2504 partem
745 2469 813 2493 n:
853 2460 935 2492 tum
972 2456 1157 2492 foramine
1197 2467 1241 2491 ex
1279 2455 1434 2491 adverso
1460 2467 1547 2491 con-

56 2503 211 2540 fectoac
233 2505 314 2541 visa
338 2505 582 2542 multitudine
606 2519 673 2552 per
689 2506 913 2553 patefactam
932 2506 1065 2541 rimam
1091 2505 1178 2551 igne
1204 2516 1333 2540 eorum
1357 2515 1425 2539 ora
1449 2515 1547 2539 com-

57 2553 268 2589 busserunt.
295 2554 525 2601 quiquidem
544 2556 643 2602 ignis
661 2557 714 2592 sic
732 2555 948 2601 parabatur.
978 2554 1104 2599 piceae
1117 2553 1348 2598 aliarumque
1365 2552 1549 2588 eiusmodi

57 2601 232 2637 arborum
251 2613 397 2649 semper
413 2604 618 2639 virentium
642 2605 765 2639 resina
778 2602 980 2649 colligitur,
1001 2614 1095 2647 quae
1119 2601 1228 2638 facile
1254 2601 1395 2637 scilicet
1422 2612 1547 2636 accen-

57 2649 172 2686 ditur.
224 2650 313 2687 haec
349 2663 423 2687 una
453 2664 537 2688 cum
576 2652 717 2688 sulfure
735 2685 738 2688 Α
755 2652 920 2687 contrita
960 2652 1134 2696 cavisque
1179 2649 1404 2686 calamorum
1444 2650 1548 2685 tibiis

3 2737 27 2744 γ’
58 2699 196 2734 iniecta
225 2699 436 2736 vehementi
469 2704 507 2736 et
534 2702 713 2737 continuo
752 2700 888 2746 spiritu
914 2699 1076 2734 ludentis
1110 2699 1289 2744 agitatur.
1339 2699 1395 2733 ita
1422 2697 1548 2733 admo-

17 2782 20 2787 ,
58 2749 138 2782 tum
165 2749 204 2782 in
234 2759 378 2784 summa
403 2752 510 2794 parte
538 2750 751 2795 concipiens
779 2750 902 2795 ignem
928 2747 1135 2783 exardescit
1168 2759 1210 2783 ac
1234 2746 1402 2782 fulminis
1427 2748 1547 2781 instar

0 2822 21 2844 μ’
58 2795 98 2830 in
142 2795 383 2832 adversorum
421 2797 615 2833 hominum
641 2798 766 2834 vultus
798 2797 935 2843 agitur.
1001 2807 1075 2841 quo
1099 2796 1187 2842 igne
1223 2796 1281 2831 nsi
1305 2794 1547 2841 Dyrracheni,

59 2855 143 2879 cum
189 2844 360 2880 hostibus
409 2847 672 2891 occurrissent,
713 2846 851 2881 barbas
906 2844 1104 2890 vultusq’ue
1155 2855 1284 2879 eorum
1337 2843 1546 2879 combusse-

61 2896 163 2928 runt.
213 2894 341 2939 itaque
367 2893 494 2930 videre
534 2906 597 2930 eos
620 2895 729 2931 licuit
757 2898 800 2930 ut
827 2895 954 2940 apium
990 2893 1095 2928 fumo
1134 2891 1348 2928 afflatarum
1386 2903 1540 2927 examen
