1806 3132
513 223 568 259 m
594 222 882 260 ALEXIADEM
909 224 1072 262 NOTAE
1447 222 1529 267 591

53 337 104 380 ut
132 336 256 380 autor
283 336 349 380 est
375 336 549 380 Hicetas
587 337 634 379 in
662 337 779 380 Ioan.
808 338 861 382 N.
883 339 923 381 3.
995 339 1154 383 Prioris
1194 340 1416 396 dignitatis
1444 356 1531 388 me-

53 393 179 436 minit
208 392 543 449 Theophylactus
577 393 709 448 Epist.
730 395 770 437 6.
816 394 871 438 ad
912 394 1034 438 illum
1070 396 1246 451 scripta:
1289 399 1352 454 τῷ
1393 392 1529 455 ἀνδρὶ,

56 441 107 491 ὃν
135 450 301 506 σμῆνος
341 450 610 504 περιβομβεῖ
641 449 891 493 Βασιλικῶν
933 447 1214 518 πριξγμάτων,
1245 452 1317 496 καὶ
1349 451 1406 498 τά
1427 455 1530 511 παρ’

52 502 215 561 ἑτέρων
241 500 476 562 γράμματα
494 502 757 560 παρενόχλει
785 507 866 560 μὲν
895 501 974 550 οὔκ
1000 523 1131 566 ηττον
1175 504 1200 566 ἢ
1249 507 1300 553 τὸ
1350 508 1531 569 γράφειν

52 558 232 617 ἑτέροις.
261 562 454 605 Primum
483 562 631 606 deinde
674 564 858 607 obtinuit
886 564 996 608 inter
1022 564 1274 609 Secretarios
1304 567 1458 620 locum,
1489 570 1531 612 et

52 621 249 674 Πρωτασ
332 620 445 676 ἥτις,
484 618 662 674 denique
691 619 926 675 Logotheta
971 622 1236 665 renuntiatus
1267 624 1342 666 est.
1413 624 1530 668 Idem

54 634 389 742 Tlieophyffius
418 675 503 719 alia
531 675 586 739 ad
616 676 809 719 eumdem
837 677 1039 743 Epistola,
1070 690 1177 732 quae
1205 680 1267 721 est
1287 680 1353 722 71.
1385 675 1531 735 ἡλίκον

52 747 187 774 αυτον
228 746 279 775 σε
307 731 360 775 τό
389 747 439 774 τε
471 747 551 775 του
581 731 852 787 Λογοθέτου
883 733 1055 788 αξίωμα
1083 733 1258 777 τέθεικε
1285 737 1364 778 τοῦ
1395 732 1530 779 πάλαι

55 787 240 831 Βασιλεῖ
266 783 617 843 συνεδρεύοντος,
640 789 712 831 καὶ
741 785 792 831 τὸ
824 791 903 832 τοῦ
918 792 1292 849 Πρωτασηκρῆτις
1320 786 1346 834 o'
1383 791 1531 849 φίκιον

52 838 243 945 {aaa
256 846 383 945 aa.
394 839 1264 947 uessszz‘ssssezess‘sff⁶⁰21&-
1281 850 1532 949 ebear}

52 958 208 1001 fectum
252 958 296 1002 et
322 957 531 1001 Manuelis
559 959 830 1014 Imperatoris
859 960 1026 1003 affinem
1056 917 1183 1003 fhisqse
1223 962 1404 1004 testatur
1412 919 1532 1005 pCin-

53 1027 203 1058 namus
233 1013 307 1057 lib.
323 1015 363 1058 5.
389 1014 441 1058 de
470 1027 566 1070 quo,
596 1017 646 1058 ut
674 1016 716 1059 et
742 1015 793 1059 de
822 1017 995 1059 caeteris
1020 1016 1251 1060 Camateris
1277 1017 1409 1061 fusius
1439 1019 1531 1074 agi-

52 1084 146 1114 mus
178 1069 232 1114 ad
263 1071 375 1114 hunc
403 1070 671 1126 Scriptorem.
792 1118 796 1121 ,

186 1122 460 1185 Ζουπάνων]
489 1127 559 1171 Ita
587 1128 855 1183 appellabant
885 1127 1019 1171 Servii
1055 1130 1097 1171 et
1126 1129 1348 1174 Dalmatae
1376 1130 1531 1187 Regio-
1542 1135 1756 1182 Pag.265.c

54 1196 156 1226 num
184 1183 437 1237 Praefectos,
484 1197 555 1227 seu
601 1185 674 1239 qui
701 1185 934 1240 proximam
978 1198 1006 1228 a·
1034 1185 1148 1240 Rege
1176 1187 1424 1240 potestatem
1454 1188 1531 1231 ha-

52 1240 219 1293 bebant,
248 1240 391 1296 inquit
419 1240 661 1294 Cinnamus,
692 1254 792 1285 voce
808 1242 982 1284 Nicetae
1011 1242 1111 1284 nota
1139 1242 1183 1284 in
1213 1242 1372 1286 Isaacio
1400 1243 1472 1287 lib.
1489 1245 1528 1287 3.

54 1296 110 1339 N.
125 1297 166 1340 4.
225 1296 584 1353 Porphyrogenito
614 1297 664 1341 de
698 1298 823 1341 Adm.
854 1298 960 1353 Imp.
990 1311 1080 1352 cap.
1099 1299 1166 1341 29.
1198 1299 1240 1341 et
1269 1299 1401 1343 eidem
1432 1299 1531 1343 Cin-

52 1365 178 1397 namo
219 1353 294 1397 lib.
314 1354 354 1397 3.
383 1354 426 1397 et
454 1355 493 1397 5.
551 1354 724 1408 Zupam‘
766 1354 965 1397 dicuntur
1008 1353 1223 1398 Gotefrido
1252 1354 1444 1399 Monach.
1487 1356 1529 1400 S.

11 1419 20 1426 ·
54 1409 224 1454 Pantal.
252 1411 336 1453 An.
365 1419 646 1455 uchxxxv.
677 1411 719 1454 et
747 1421 921 1455 Mccxc.
978 1409 1175 1465 Suppani
1202 1411 1416 1470 willelmo
1447 1413 1530 1468 Ty-

51 1466 114 1509 rio
157 1465 230 1509 lib.
254 1467 320 1509 12.
364 1479 454 1522 cap.
473 1468 514 1510 4.
588 1467 677 1511 Nec
720 1467 805 1511 scio
835 1468 1015 1510 iidemne
1058 1467 1131 1522 qui
1172 1467 1382 1522 Supparii
1420 1468 1531 1523 apud

51 1522 247 1576 Polonos,
291 1522 343 1566 de
373 1523 524 1578 quibus
554 1523 773 1568 Cromerus
816 1525 861 1566 in
888 1524 1033 1567 Polon.
1068 1524 1110 1566 et
1140 1522 1349 1579 Chopinus
1377 1526 1421 1567 in
1450 1525 1529 1568 LL.

50 1579 197 1623 Polon.
217 1578 272 1622 ad
301 1579 457 1623 calcem
476 1580 550 1624 lib.
566 1582 605 1623 3.
635 1580 686 1624 de
704 1581 923 1624 DomaniO.
956 1581 1094 1623 Autor
1114 1580 1298 1624 incertus
1318 1581 1530 1624 Historiae

52 1635 330 1688 Dalmaticae,
373 1649 498 1692 quem
540 1650 565 1680 a
594 1637 801 1680 natalium
843 1637 936 1680 sede
968 1636 1225 1679 Diocleatem
1262 1637 1389 1693 vulgo
1419 1637 1531 1680 indi-

51 1692 207 1748 gitant,
236 1692 452 1736 Banorum
482 1694 525 1736 et
548 1692 836 1748 Giupanorum
866 1694 1174 1736 institutionem
1202 1693 1353 1736 tribuit
1381 1693 1531 1737 Sueto-

51 1748 191 1803 peleco
219 1748 353 1804 primo
369 1749 611 1793 Dalmatiae
639 1750 747 1806 Regi
767 1749 1018 1800 Christiano,
1050 1749 1122 1804 qui
1150 1749 1195 1791 in
1226 1748 1409 1793 Concilio
1426 1750 1528 1793 Dal—

53 1805 208 1848 matico
238 1805 395 1858 coacto,
424 1806 475 1848 ut
504 1806 579 1859 ait,
610 1807 687 1850 sub
718 1806 927 1861 Stephano
957 1806 1042 1857 PP.
1072 1804 1331 1861 Provincias,
1361 1806 1531 1861 Episco-

51 1863 176 1916 patus
216 1863 260 1904 et
291 1862 687 1918 Archiepiscopatus
719 1863 838 1918 regni
875 1863 939 1905 sui
969 1862 1124 1913 divisit,
1167 1865 1206 1904 et
1232 1863 1280 1904 in
1332 1863 1530 1906 cias-cuna

53 1917 100 1961 di
128 1921 267 1973 queste
285 1919 509 1972 provincie
534 1920 705 1963 institui
733 1920 766 1963 li
793 1919 924 1971 Rani,
955 1918 1075 1963 overe
1103 1918 1256 1970 Duchi,
1280 1918 1370 1971 fece
1397 1919 1531 1962 dian-

54 1974 126 2018 dio
141 1974 347 2029 Giumni,
380 1975 470 2019 cio&
491 1975 627 2020 Genti.
685 1977 900 2019 Banorum
921 1975 1142 2031 dignitatis
1164 1975 1319 2017 mentio
1349 1974 1531 2018 occurrit

54 2031 166 2086 apud
194 2030 451 2099 Porphyrog.
480 2032 532 2076 de
560 2033 686 2076 Adm.
717 2033 822 2087 Imp.
851 2045 940 2087 cap.
959 2033 1014 2075 30
1032 2032 1074 2074 et
1095 2032 1161 2073 31.
1192 2031 1264 2086 qui
1291 2043 1433 2074 vocem
1462 2044 1531 2074 ex-

51 2087 205 2142 pressit
232 2100 306 2143 per
331 2089 516 2141 Βοανος,
555 2088 667 2144 quod
695 2101 854 2141 moneo,
885 2089 983 2143 quia
1024 2101 1049 2131 a
1077 2087 1257 2130 Meursio
1293 2099 1376 2130 non
1404 2087 1531 2130 intel-

53 2143 176 2187 lecta.
234 2140 463 2196 Μπάνους
490 2147 615 2189 vocat
643 2158 726 2188 non
755 2145 882 2188 semel
911 2144 1151 2188 Cinnamus.
1209 2143 1270 2185 At
1299 2143 1371 2198 qui
1400 2143 1530 2186 Banis

51 2201 95 2244 et
119 2200 303 2266 Zupanis
330 2213 523 2266 supremo
551 2202 645 2245 iure
672 2202 949 2267 imperabant,
976 2201 1135 2265 Maym‘
1163 2199 1323 2253 Iupam'
1367 2201 1409 2264 et
1432 2199 1530 2263 Me-

50 2255 1528 2366 {sgafflfflfflzfflffl03³1}ffl2÷.1s51231..ss.’3{?·2¹3

52 2370 95 2412 et
121 2362 456 2427 Ἀρχιζούπανοι
484 2371 660 2415 Nicetae
699 2371 744 2413 in
774 2371 887 2413 Man.
930 2370 1002 2412 lib.
1024 2371 1062 2412 2.
1108 2369 1161 2411 Ν.
1184 2369 1221 2410 7.
1267 2367 1378 2422 apud
1406 2379 1527 2422 quem

54 2426 212 2470 frustra
241 2427 307 2470 vir
325 2427 593 2471 doctissimus
623 2428 668 2470 in
682 2427 816 2471 Gloss.
845 2425 1220 2469 Protovestiarium
1250 2424 1390 2476 vertit,
1421 2436 1529 2466 vana

52 2483 95 2525 et
120 2482 229 2526 falsa
250 2483 408 2527 Meursi
433 2485 641 2527 sententia
668 2483 847 2534 delusus,
879 2482 951 2537 qui
966 2482 1165 2536 Zupcmos
1192 2480 1359 2535 putavit
1387 2479 1529 2534 appel-

52 2538 163 2582 latos
209 2539 440 2594 praefectos
469 2541 692 2590 Vestiari0‚
737 2539 837 2594 quia
867 2538 1014 2592 ζοῦπα
1049 2537 1159 2592 apud
1194 2537 1530 2600 Achmetempst

55 2595 256 2651 chlamys,
286 2609 359 2640 seu
387 2597 569 2652 penula„
624 2596 704 2640 Sed
748 2595 816 2638 hic
845 2594 988 2648 ζοῦπα
1016 2595 1079 2636 est
1107 2605 1211 2647 pura
1243 2604 1321 2635 vox
1350 2590 1527 2642 Gallica,

49 2652 789 2765 fflfflguffiiffiiia
810 2649 1159 2750 ῗέᾂῗῗηῗέᾱαῖῑ
1189 2648 1530 2759 mma}

52 2764 147 2808 beat
173 2779 359 2820 mappam
385 2780 517 2809 unam
543 2770 689 2820 aptam
716 2768 755 2807 et
773 2764 965 2807 dextram
989 2763 1188 2816 protinus
1214 2761 1274 2804 ad
1295 2760 1525 2815 ferendum.

53 2821 178 2877 Zupa
203 2835 314 2876 vero,
358 2823 467 2866 unde
510 2823 690 2866 deducta
718 2833 795 2865 vox
824 2832 1032 2875 eupanus,
1070 2819 1146 2862 aut
1172 2818 1371 2872 zupam'a,
1400 2829 1527 2873 popu-
