1806 3132
219 1531 254 1568 D

34 1926 254 1973 Pag.239.13

230 2490 258 2527 C

264 210 351 253 600
782 218 960 253 GAROLI
989 217 1228 253 DUCANGII

263 334 453 391 Siynifer
482 337 521 377 et
549 333 714 378 Ductor
755 333 865 389 apud
887 333 1111 378 Albertum
1132 335 1212 390 Aq.
1241 335 1314 380 lib.
1330 334 1370 378 4.
1402 347 1490 390 cap.
1511 334 1580 378 47.
1616 335 1747 379 Vetus

262 392 307 435 id
336 392 419 434 fuit
449 390 704 434 Pontificum
734 391 1019 435 Romanorum
1051 392 1310 445 institutum,
1346 393 1394 435 ut
1435 392 1489 436 ad
1532 391 1750 448 Principes

263 450 478 492 Romanae
523 448 732 491 Ecclesiae
770 448 979 491 Vexillum
1034 449 1263 502 mitterent,
1313 462 1394 504 quo
1443 449 1660 492 uterentur
1703 450 1747 492 in

264 505 433 561 praeliis
463 505 505 547 et
533 504 653 548 bellis
683 505 830 548 contra
869 504 966 548 fidei
1000 506 1151 548 hostes.
1214 506 1282 549 Ita
1320 506 1430 560 apud
1475 506 1749 549 Anastasium

266 562 467 605 Biblioth.
510 561 690 617 legimus
736 562 910 604 donasse
949 562 1126 605 Leonem
1156 563 1240 605 PP.
1274 562 1423 606 Carolo
1452 563 1510 606 M.
1542 562 1750 606 Ecclesiae

265 618 489 670 Vexillum,
523 618 634 673 quod
662 618 778 661 illius
809 619 915 661 esset
945 618 1135 662 defensor
1155 620 1196 662 et
1217 619 1469 663 advocatus:
1490 619 1531 663 et
1549 619 1593 662 in
1610 619 1748 663 Gestis

264 675 500 719 Innocentii
531 675 617 717 PP.
657 688 752 730 pag.
775 675 843 718 59.
885 675 1076 719 eumdem
1120 676 1369 719 Pontificem
1413 676 1549 719 simile
1590 676 1751 719 misisse

264 731 476 776 Vexillum
507 731 560 775 ad
579 732 840 775 Ioannitium
862 732 1145 788 Bulgarorum
1166 733 1336 789 Regem,
1367 747 1446 788 quo
1476 736 1623 776 contra
1652 733 1749 776 illos

263 792 451 832 uteretur
479 789 551 844 qui
594 788 804 832 honorant
844 789 971 833 labiis
1018 788 1296 838 Crucifiioeum:
1339 804 1410 833 cor
1438 794 1577 833 autem
1606 804 1749 833 eorum

265 846 540 902 lonqinquum
568 849 628 888 est
655 846 706 889 ab
736 846 850 899 ipso.-
878 847 957 889 hoc
978 847 1051 899 est,
1073 847 1220 890 contra
1237 846 1418 890 Graecos
1437 846 1747 899 Schismaticos,

264 903 312 945 ut
333 903 395 945 est
413 903 459 944 in
474 902 663 957 Epistola
676 903 922 955 Innocentii‚
940 916 986 946 ex
1007 917 1089 958 qua
1110 904 1325 958 praeterea
1347 904 1544 947 docemur
1560 903 1690 947 Cruce
1710 904 1752 947 et

266 959 464 1003 Clavibus
493 959 672 1014 geminis
691 959 798 1001 illud
816 959 942 1002 fuisse
961 960 1225 1016 insignitum.
1251 960 1501 1004 Praetendit
1519 964 1668 1016 autem,
1684 961 1750 1003 in-

266 1016 359 1070 quit
389 1016 594 1068 Pontifex,
631 1029 718 1059 non
744 1017 835 1059 sine
862 1018 1059 1071 mysterio
1094 1016 1267 1060 Crucem
1296 1021 1334 1060 et
1355 1017 1529 1061 Claves:
1569 1018 1669 1072 quia
1693 1017 1749 1060 B.

264 1072 419 1116 Petrus
434 1071 664 1127 Apostolus
695 1076 733 1116 et
756 1071 928 1116 Crucem
957 1074 1004 1117 in
1036 1073 1205 1118 Christo
1237 1075 1451 1127 sustinuit,
1483 1078 1522 1118 et
1543 1074 1695 1118 Claves
1724 1089 1752 1117 a

269 1127 442 1173 Christo
461 1130 652 1183 suscepit.
682 1129 990 1184 Repraesentat
1008 1132 1149 1186 itaque
1163 1131 1342 1186 Siynum
1361 1130 1521 1184 Crucis,
1544 1135 1684 1185 utpote
1704 1131 1753 1174 in

266 1200 344 1242 quo
364 1185 559 1230 Christus
607 1187 652 1230 ui
672 1187 814 1242 vincit,
834 1191 986 1243 reynat
1007 1192 1045 1231 et
1058 1189 1252 1242 imperat,
1273 1189 1493 1232 debellavit
1510 1190 1651 1232 aerias
1670 1202 1752 1242 po-

266 1246 435 1287 testates
450 1243 527 1286 etc.
622 1257 735 1286 avem
756 1248 894 1287 autem
921 1246 1134 1299 qeminam
1160 1249 1460 1299 repraesentat,
1486 1246 1753 1289 discretionis

266 1300 457 1350 alteram,
478 1300 656 1343 alteram
667 1302 902 1354 potestatis.
935 1302 1063 1345 Extat
1089 1302 1134 1344 in
1157 1301 1431 1346 Ceremoniali
1454 1303 1642 1345 Romano
1666 1302 1752 1346 for-

266 1357 381 1399 mula
403 1356 758 1400 benedictionis-et
773 1358 1014 1402 traditionis
1029 1359 1232 1402 eiusmodi
1247 1360 1414 1409 Vexilli,
1435 1359 1507 1402 lib.
1527 1360 1562 1402 l.
1590 1360 1690 1402 sect.
1713 1360 1749 1402 7.

266 1413 374 1457 Vide
414 1413 657 1469 Philippum
685 1414 917 1458 Mazerium
954 1415 999 1457 in
1036 1416 1126 1459 vita
1157 1415 1198 1459 S.
1229 1416 1347 1459 Petri
1378 1416 1579 1460 Thomasi
1610 1416 1753 1460 Patri-

267 1470 417 1514 archae
448 1469 529 1513 ΟΡ.
560 1483 649 1525 cap.
670 1472 708 1514 3.
740 1471 852 1526 apud
882 1471 1060 1515 Boland.
1093 1474 1160 1515 29.
1190 1473 1358 1516 Ianuar.

404 1523 606 1569 Κλύὸωνι
634 1526 853 1584 μεγίστῳ]
896 1527 1030 1583 Atqui
1063 1529 1180 1572 nulla
1216 1530 1327 1584 apud
1357 1529 1588 1585 Scriptores
1617 1529 1752 1572 eiusce

268 1583 360 1628 aevi
389 1584 546 1627 mentio
575 1585 758 1627 occurrit
783 1585 1010 1640 naufragii,
1043 1599 1124 1641 quo
1154 1586 1324 1641 periisse
1353 1586 1548 1642 Hugonis
1578 1587 1750 1630 classem

267 1640 408 1696 prodit
439 1639 583 1692 Anna;
615 1641 699 1684 imo
728 1642 1015 1697 imprudenter
1046 1656 1139 1686 cum
1171 1656 1265 1686 raro
1285 1643 1453 1698 agmine
1473 1643 1751 1699 Dyrrachium

266 1698 706 1810 sssi'zljoaffiiili
731 1699 1398 1810 Πέἔὲὲἶῗὲἓέιἑῗὲθῖἓαῗῖᾆῗῗῗῖ
1422 1700 1750 1800 titillat&

261 1811 584 1865 principumque
599 1811 784 1866 familia,
805 1813 1038 1856 inconsulte
1055 1814 1184 1856 nimis
1203 1828 1495 1868 praepropere
1513 1813 1630 1857 adito
1640 1813 1754 1857 Bari

258 1871 402 1922 portu,
431 1869 781 1923 naviqationeque
802 1883 1018 1923 prospera
1047 1871 1260 1913 devehitur
1290 1869 1592 1925 Dyrrachium.

404 1918 494 1967 Οὔκ
524 1923 800 1980 ἐλευθέρως]
847 1926 1092 1970 Fulcherius
1136 1926 1303 1970 Carnot.
1346 1927 1417 1971 lib.
1442 1929 1479 1970 1.
1518 1940 1607 1982 cap.
1630 1929 1669 1970 2.
1701 1927 1751 1969 de

266 1981 446 2036 Hugone
475 1981 533 2024 M.
586 1982 668 2036 Qui
699 1984 869 2036 primus
897 1983 1087 2026 Heroum
1124 1998 1242 2027 mare
1271 1986 1485 2027 transiens
1511 1985 1627 2037 apud
1658 1983 1751 2027 Du-

265 2041 408 2081 ratam
438 2038 582 2082 urbem
610 2040 657 2082 in
686 2039 906 2095 Bulyaria
948 2054 1040 2084 cum
1068 2042 1159 2084 suis
1204 2041 1433 2094 applicuit.-
1474 2041 1548 2084 sed
1590 2041 1751 2095 impru-

268 2094 412 2138 denter
442 2108 535 2138 cum
564 2096 733 2151 aymine
761 2110 862 2140 raro
892 2097 1061 2150 vadens,
1092 2097 1152 2140 ibi
1182 2097 1234 2140 ab
1263 2098 1370 2151 ipsis
1407 2098 1566 2141 civibus
1604 2101 1752 2151 captus

266 2154 327 2194 est
371 2154 409 2194 et
438 2165 566 2207 usque
613 2152 670 2196 ad
711 2152 1016 2208 Imperatorem
1063 2153 1470 2207 Constantinopolim
1508 2155 1750 2208 perductus,

267 2207 338 2250 ubi
375 2221 454 2261 per
483 2208 749 2263 aliquantum
775 2211 975 2264 temporis
1001 2224 1086 2254 non
1118 2212 1286 2254 omnino
1322 2211 1428 2254 liber
1465 2215 1654 2254 moratus
1680 2215 1750 2254 est.

267 2264 329 2307 De
358 2264 539 2319 Hugone
569 2279 594 2331 a
616 2265 787 2310 Graecis
818 2267 939 2322 capto
958 2268 1094 2322 agunt
1109 2268 1321 2333 praeterea
1343 2267 1592 2311 Tudebodus
1622 2268 1695 2310 lib.
1715 2268 1750 2311 1.

268 2321 406 2442 &5137
411 2321 484 2420 17ίῖ.
500 2322 890 2423 {Edisselffrlifflffffii'
902 2323 1571 2425 lssili‘frssviif‘iiiiiiassbb‘fai'i‘bffl
1581 2324 1751 2436 Iss'ffiffs'

268 2433 341 2476 l1b.
364 2435 403 2476 2.
433 2447 521 2489 cap.
543 2435 582 2478 4.
613 2435 746 2479 Math.
777 2437 911 2480 Paris.
942 2436 1090 2480 Sanut.
1122 2438 1200 2481 etc.

371 2483 677 2549 ’Ἀνθρωπον]
720 2493 851 2546 Quale
881 2493 1022 2547 fuerit,
1053 2494 1163 2549 quod
1197 2493 1343 2537 Alexio
1374 2494 1620 2549 praestitere
1646 2494 1753 2536 Pro-

271 2558 381 2589 ceres
405 2546 519 2590 Galli
544 2548 791 2602 hominium,
821 2550 999 2594 refertur
1017 2564 1042 2594 a
1068 2550 1350 2606 Scriptoribus
1366 2551 1521 2594 Rerum
1543 2550 1752 2594 Hierosol.

270 2601 470 2646 Albertus
497 2604 576 2659 Aq.
597 2605 670 2649 lib.
686 2607 725 2649 2.
758 2619 846 2661 cap.
870 2608 934 2650 16.
965 2606 1018 2651 Se
1046 2608 1094 2651 in
1122 2607 1353 2651 vassallum
1380 2608 1535 2651 iunctis
1558 2607 1754 2651 manibus

270 2659 470 2702 reddidit.
530 2661 720 2705 Fulcher.
759 2663 832 2706 lib.
855 2664 890 2706 1.
921 2676 1009 2719 cap.
1031 2664 1071 2707 4.
1139 2664 1266 2708 Facti
1307 2668 1407 2708 sunt
1443 2664 1630 2708 homines
1667 2663 1754 2706 Im-

261 2717 490 2768 peratoris.
520 2718 754 2772 Baldricus,
784 2719 1045 2763 Iuraverunt
1075 2720 1228 2764 Alexio
1257 2719 1513 2775 Imperatori
1547 2722 1677 2764 vitam
1714 2723 1754 2763 et

269 2771 476 2824 honorem,
509 2775 619 2827 quod
648 2779 843 2819 neutrum
870 2777 909 2820 ei
937 2778 1164 2831 auferrent,
1200 2779 1340 2832 quoad
1376 2779 1466 2832 ipse
1496 2778 1606 2833 quod
1635 2778 1751 2820 iura-

271 2827 342 2871 bat
382 2828 490 2873 bona
520 2830 606 2883 fide
646 2835 811 2876 teneret.
874 2832 1100 2885 Guibertus
1132 2834 1205 2878 lib.
1228 2835 1263 2878 1.
1295 2846 1385 2891 cap.
1406 2835 1445 2878 3.
1496 2834 1753 2879 Iuraverunt
