1806 3132
292 183 385 228 682
808 193 986 229 cARom
1011 193 1250 230 unomen

282 311 541 364 paupertate
557 309 607 352 in
625 309 803 354 cibando
834 310 971 366 larya,
1002 310 1050 353 in
1076 310 1261 353 nocendo
1288 309 1508 375 insidiosa,
1537 311 1648 354 inter
1667 325 1776 366 pro-

292 367 370 410 bra
400 367 626 417 taciturna,
656 380 749 410 cum
778 367 893 411 locus
938 371 1012 411 aut
1041 371 1203 421 tempus
1235 367 1421 421 suppetit
1447 367 1664 422 malefecta
1691 383 1774 412 me-

289 426 439 478 morat,
470 422 574 466 bello
593 399 740 467 n'avali
767 425 1066 478 circumspecta
1096 428 1135 467 et
1154 424 1390 474 victoriosa,
1427 424 1584 468 caloris
1603 426 1777 480 patiens

291 494 341 524 ac
365 479 559 534 f'riyoris,
600 480 732 533 famis
775 495 825 524 ac
851 481 1103 532 saturitatis,
1138 480 1253 524 Gens
1279 481 1328 523 in
1357 481 1596 525 substantia
1625 484 1773 535 tenuis,

292 537 392 593 quia
411 536 512 590 vult,
542 541 581 580 et
605 537 872 581 abundantia
889 539 1017 592 pacis
1045 537 1224 591 affluens
1253 537 1420 592 quando
1449 538 1548 581 vult.
1607 538 1658 583 Si
1685 539 1775 583 Do-

289 595 452 637 minum
489 595 735 638 continuum
781 595 950 638 haberet
996 608 1115 649 quem
1149 596 1322 647 timeret,
1371 594 1494 638 nulla
1521 609 1624 651 qens
1652 597 1777 640 citius

285 652 560 751 franyerietur
589 652 647 695 ad
676 651 839 705 bonum,
871 666 944 696 nec
968 652 1072 706 ulla,
1103 653 1203 707 quia
1237 665 1322 695 non
1352 655 1412 695 est
1437 666 1465 696 a
1482 665 1561 707 quo
1589 657 1774 708 reyatur,

291 709 348 752 ad
377 722 448 751 ma
465 721 536 751 um

46 764 135 811 Pag.
153 765 235 801 436
249 765 279 801 B
409 765 530 807 Τῶν
560 759 868 820 μεσαζόντων]
901 764 1112 808 Dicuntur
1140 760 1413 819 μεσάζοντες,
1446 766 1519 821 qui
1548 766 1669 810 rebus
1701 780 1776 822 ge-

290 821 429 864 rendis
458 821 503 864 in
522 821 690 865 Palatio
720 822 933 876 praesunt,
965 835 1036 864 seu
1067 821 1218 876 quibus
1248 822 1378 865 veluti
1407 823 1630 878 sequestris
1650 823 1776 866 Prin-

201 878 204 879 ’
292 878 400 933 cipes
429 891 493 922 res
518 891 613 921 suas
633 879 853 934 peragunt,
883 878 1085 922 Ministri
1105 878 1238 931 aulae,
1270 879 1522 923 Mamertino
1551 880 1596 922 111
1616 880 1773 936 Paneg.

290 935 451 978 Rerum
483 935 682 978 Ministri
710 935 886 979 Manilio
917 936 988 979 lib.
1011 936 1050 977 5.
1079 935 1325 1005 nuncupati.
1383 936 1556 979 Nicetas
1586 936 1632 979 in
1660 937 1775 980 Man.

290 993 363 1035 lib.
383 993 420 1035 1.
450 992 502 1036 N.
524 993 564 1035 3.
614 987 839 1048 ἐφρόντιζε
871 990 919 1034 δὲ
951 988 975 1035 ὁ
1007 988 1222 1043 Βασιλεὺς
1248 990 1321 1034 καὶ
1349 989 1413 1043 εἷς
1440 1007 1496 1035 τα
1519 1008 1607 1036 των
1638 993 1724 1050 δημ
1727 1009 1774 1037 o-

290 1047 400 1092 σίων
439 1045 675 1118 πράγματα
718 1048 987 1118 καταστῆσαι
1032 1045 1311 1119 ιιεσάζοντας.
1379 1049 1435 1092 Et
1474 1050 1605 1094 infra:
1648 1050 1776 1106 μελε-

291 1101 432 1148 δωνὸν
461 1104 509 1148 δὲ
537 1101 781 1172 μεσάζοντα
810 1106 899 1148 τῶν
931 1121 1107 1149 οικειων
1135 1105 1777 1152 υποθέσεων.()3,111;3611Ζ611118

289 1163 362 1206 lib.
383 1164 423 1206 3.
454 1176 542 1218 cap.
570 1162 635 1205 15.
670 1158 750 1221 τὴν
778 1162 858 1217 μὲν
884 1164 964 1206 τοῦ
994 1159 1239 1218 μεσοίζεινε
1215 1162 1458 1220 υπηρεσίαν
1488 1162 1774 1221 ἐνεχειρίσθη.

291 1219 412 1264 Unde
440 1219 677 1274 frequentes
721 1220 862 1263 adesse
888 1219 1056 1263 Palatio
1100 1234 1147 1263 ex
1178 1220 1307 1263 officii
1337 1220 1475 1263 debito
1506 1234 1669 1265 necesse
1699 1222 1776 1265 ha-

290 1277 459 1320 bebant.
517 1277 632 1319 Idem
657 1275 969 1320 Cantacuzenus
998 1277 1069 1321 lib.
1092 1277 1131 1320 4.
1163 1290 1252 1332 cap
1273 1278 1340 1320 39.
1342 1272 1597 1344 παρόντος
1625 1276 1673 1321 δὲ
1702 1294 1776 1321 και

292 1328 499 1402 Κυδώνη,
546 1327 595 1383 ὃς
638 1330 764 1376 ε’νδον
808 1328 1043 1400 βασιλείων
1077 1332 1299 1403 διέτριβεν
1327 1327 1408 1385 οῗεὶ,
1460 1349 1511 1377 ov
1539 1329 1677 1389 μόνον
1705 1332 1778 1378 διὰ

290 1405 369 1432 τνν
396 1388 629 1444 εὐμένειαν,
674 1406 725 1456 ην
754 1386 921 1449 πολλὴν
965 1386 1088 1457 παροὲ
1120 1389 1348 1458 Βασιλέως
1368 1389 1652 1461 ἐκαρποῦτο,
1683 1385 1775 1434 αλλ’

292 1462 361 1489 O‘l‘L
389 1462 463 1489 nat
491 1449 587 1497 τοῖς
613 1424 838 1516 πράγμασι
867 1461 981 1517 μᾷῸὉὲ
967 1442 1080 1501 ζων,
1125 1442 1309 1503 ἀνάγκην
1346 1441 1462 1501 εἶχεν
1489 1463 1559 1490 0681.
1585 1450 1778 1491 συνεῖναι

291 1503 477 1547 Βασιλεῖ
505 1499 673 1558 νύκτωρ
719 1518 792 1545 και
820 1505 926 1558 μεθ’
958 1500 1122 1560 ἡμέραν
1150 1505 1228 1548 etc.
1302 1504 1518 1548 Eiusmodi
1549 1501 1776 1560 Μεσαζόν-

290 1576 380 1603 των
406 1561 600 1604 meminit
630 1560 757 1604 etiam
777 1561 1053 1629 Pachymeres
1083 1562 1155 1605 lib.
1178 1562 1218 1604 5.
1249 1573 1338 1616 cap.
1358 1562 1396 1605 6.
1448 1561 1644 1605 Summus
1678 1576 1774 1606 vero

290 1630 428 1661 rerum
473 1617 666 1660 Minister
709 1616 864 1673 Μέγας
915 1613 1131 1672 Μεσάζων
1174 1617 1403 1671 dicebatur,
1446 1618 1564 1661 cuius
1606 1619 1779 1674 proinde

291 1674 478 1739 dignitas
507 1674 552 1716 in
582 1674 749 1717 Palatio
777 1687 954 1727 summa,
987 1675 1054 1717 cui
1075 1675 1215 1718 Ducas
1244 1687 1333 1730 cap.
1355 1676 1422 1718 21.
1445 1676 1513 1718 22
1534 1675 1575 1718 et
1595 1677 1662 1719 28.
1694 1677 1777 1719 Ve-

291 1731 487 1774 siriorum
518 1731 790 1773 Turcicorum
823 1731 1076 1787 dignitatem
1108 1732 1364 1787 aequiparat.
1417 1731 1683 1775 Mediatores
1711 1733 1777 1775 di-

292 1788 444 1831 cuntur
482 1786 522 1831 S.
569 1786 775 1843 prriano
821 1801 892 1830 seu
941 1787 1095 1831 Autori
1139 1788 1188 1831 de
1238 1787 1530 1832 Cardinalibus
1584 1789 1777 1854 operibus

292 1843 449 1887 Chiisti
490 1844 534 1886 in
566 1844 767 1900 Prologo:
815 1843 935 1888 Unde
961 1845 1061 1888 baec
1089 1845 1186 1888 sitis
1214 1845 1461 1888 divitiarum
1489 1846 1656 1888 miseris
1675 1860 1772 1900 pec-

290 1900 451 1944 toribus
480 1901 647 1954 assidet,
679 1905 717 1944 et
747 1901 989 1944 ambitionis
1016 1901 1187 1957 salsuyo
1223 1901 1409 1944 bibulum
1441 1902 1630 1945 animum
1659 1916 1775 1946 occu-

282 1960 378 2012 pat,
408 1961 458 2000 ut
476 1971 560 2011 per
584 1958 657 2011 fas
686 1962 724 2000 et
751 1958 873 2011 nefas
900 1958 959 2002 ad
987 1958 1078 2002 loca
1105 1959 1339 2012 superiora,
1371 1959 1497 2002 etiam
1522 1959 1574 2002 de
1603 1959 1777 2003 latebris

291 2015 430 2070 eremi,
465 2014 664 2058 nonnulli
691 2028 735 2057 se
769 2015 989 2070 inyerant:
1039 2019 1078 2057 et
1125 2016 1175 2059 de
1216 2016 1330 2058 omni
1354 2015 1496 2070 yradu
1521 2015 1594 2058 ubi
1619 2015 1775 2070 aliquis

291 2071 435 2114 aditus
455 2074 578 2124 patet
607 2071 747 2114 anheli
770 2072 996 2125 prodeant,
1036 2072 1282 2115 discurrant
1312 2072 1370 2115 ad
1397 2072 1578 2126 Iudices,
1609 2072 1778 2116 blandi-

291 2131 420 2171 antur
448 2127 761 2183 mediatoribus,
807 2128 1046 2172 conducant
1081 2128 1336 2171 auxiliarios
1370 2132 1408 2172 et
1429 2129 1567 2172 modis
1586 2129 1778 2172 omnibus

291 2183 513 2236 elaborent,
544 2188 591 2227 ut
617 2185 789 2228 sedeant
835 2198 928 2228 cum
956 2185 1243 2239 Principibus
1301 2186 1500 2228 Μεσῖται
1531 2185 1779 2241 Pachymeri

291 2240 364 2284 lib.
388 2241 428 2283 6.
461 2252 549 2295 cap.
571 2242 638 2283 26.
668 2241 741 2284 lib.
758 2244 796 2284 9.
828 2254 917 2296 cap.
935 2243 974 2285 8.
1007 2241 1133 2284 iidem
1162 2242 1235 2297 qui
1264 2231 1528 2285 Mediatores
1565 2243 1644 2286 hoc
1673 2242 1776 2286 loco.

293 2296 401 2340 Vide
430 2297 618 2340 eumdem
651 2297 722 2340 lib.
743 2298 783 2340 4.
815 2311 903 2353 cap.
926 2299 965 2341 3.

251 2362 282 2398 B
430 2349 640 2409 Φράγγων
670 2347 863 2412 ὀργίλον]
896 2355 1067 2398 Nicetas
1098 2355 1143 2397 in
1170 2354 1411 2397 Andronico
1440 2354 1513 2397 lib.
1537 2355 1573 2397 1.
1604 2354 1654 2397 de
1693 2354 1774 2397 La-

293 2409 409 2462 tinis,
440 2422 512 2453 seu
539 2410 807 2453 Normanno—
810 2411 985 2455 Siculis:
1015 2407 1138 2482 μόνῳ
1170 2426 1210 2453 οι
1241 2412 1321 2453 τοῦ
1345 2409 1498 2480 γένους
1526 2406 1685 2453 τούτου
1714 2411 1778 2467 τῷ

291 2467 427 2534 θυμῷ
458 2466 717 2534 χαρίζεσθαι
747 2462 906 2519 οίσασι,
959 2468 1032 2510 καὶ
1061 2461 1131 2518 οἷς
1163 2464 1304 2518 oi‘vwg
1334 2462 1564 2510 ἐπιτάσσει
1592 2461 1777 2523 ὀργίλως

292 2506 571 2565 ὑπενδιδόναι
591 2519 836 2579 πεφύκασι.
897 2525 1145 2568 Tudebodus
1174 2525 1247 2568 lib.
1266 2525 1302 2567 1.
1323 2524 1488 2568 Franci
1502 2523 1627 2578 pleni
1654 2527 1776 2567 erant

291 2579 456 2622 invidia
486 2583 523 2622 et
551 2581 714 2624 tumida
744 2581 955 2634 superbia.
1025 2582 1174 2635 Tyrius
1218 2581 1289 2624 lib.
1313 2582 1379 2623 16.
1423 2594 1510 2635 cap.
1534 2582 1601 2623 23.
1631 2580 1777 2623 Fran-

291 2648 435 2678 corum
457 2636 597 2689 fastus
641 2651 727 2680 non
753 2637 908 2691 ferens.
955 2637 1176 2681 Ordericus
1204 2637 1278 2680 lib.
1297 2639 1335 2680 9.
1384 2636 1566 2691 Superbi
1593 2637 1774 2681 Franci-

290 2705 433 2747 9enae.
465 2692 585 2735 Abbo
615 2693 688 2737 lib.
708 2695 747 2736 2.
777 2694 827 2736 de
860 2694 1003 2738 Obsid.
1033 2694 1166 2737 Paris.

427 2747 590 2802 Quippe
618 2750 902 2804 supercilium,
931 2751 1094 2794 veneris
1122 2764 1279 2805 quoque
1301 2749 1428 2803 foeda
1455 2749 1659 2804 voluptas,

425 2804 489 2849 Ac
517 2806 641 2848 vestis
660 2807 878 2861 pretiosae
905 2807 1029 2851 elatio
1059 2810 1097 2850 te
1126 2807 1203 2850 tibi
1231 2806 1394 2850 tollunt.
