1768 3152
492 288 498 289 ς
552 235 944 281 Affllsnm.
974 248 1020 280 x.
1045 243 1089 280 ·4.
1509 243 1563 282 25

70 360 236 416 θόντες
279 360 680 419 παρασκευάσωσιν
722 363 793 422 ἐφ’
839 361 1025 422 ἑκατέρᾳ
1069 367 1204 424 σκηνῇ
1249 367 1565 411 πεντεκαίδεκα

67 432 140 476 καὶ
182 432 366 484 πλείους
408 425 579 487 ἀνάψαι
623 428 835 488 πυρσοῦς,
877 427 994 475 ὥστε
1038 429 1145 485 τούς
1181 430 1420 490 Κομάνους
1460 433 1564 488 τούς

66 497 309 553 τοσούτους
330 499 539 557 πυρσούς
556 500 866 556 θεασαμένους
885 495 1228 559 ἇπειροπληθὲς
1256 500 1306 544 τὰ
1324 499 1565 558 Ῥωμαϊκὸν

67 569 245 624 νομίσαι
275 566 527 625 στράτευμα
563 563 808 613 κάντεῦθεν
838 568 1244 625 ἐκδειματωθέντες
1281 573 1362 614 τοῦ
1400 572 1563 615 λοιποῦ

30 642 53 676 5
65 634 127 696 μὴ
150 637 416 694 θαρσαλέως
453 635 636 690 τούτοις
666 638 955 693 προσβαλεῖν.
1019 641 1154 682 τοῦτο
1184 638 1233 683 δὲ
1260 637 1439 697 γεγονὸς
1467 643 1566 693 ταῖς

65 709 156 749 τῶν
186 703 411 766 Κομάνων
441 710 608 764 ψυχαῖς
647 703 795 765 φόβον
823 706 959 764 μέγαν
988 706 1165 765 ἐνίησιν.
1225 705 1249 752 ὁ
1280 707 1330 752 δέ
1356 726 1402 765 γε
1431 703 1562 752 αι’·το-

66 771 247 831 κρᾶτωρ
291 774 469 831 πρωΐας
513 772 813 831 ὁπλισάμενος
859 776 932 819 καὶ
962 773 1041 828 τὰς
1073 773 1150 819 ὑπ’
1183 772 1319 820 merdae
1359 774 1565 833 δυνάμεις

66 839 395 900 ἅναλαβόμενος
434 845 550 888 ἵεται
590 844 683 888 κατ’
725 839 885 889 αἰτῶν.
930 845 1003 888 καὶ
1038 845 1240 902 πολέμου
1270 846 1320 901 ἐξ
1346 843 1565 902 ἑκατέρων

66 912 357 971 συρραγέντος
386 911 429 957 οὶ
460 910 665 969 Κόμανοι
694 910 751 957 τά
783 917 902 957 νῶτα
930 911 1142 959 διδόασιν.
1221 912 1245 958 ὁ
1276 914 1325 959 δὲ
1354 912 1612 970 βασιλεύςῐ)

5 992 54 1026 10
66 978 225 1026 διελών
256 979 310 1026 τὸ
331 978 583 1038 στράτευμα
598 980 704 1035 τους
724 981 805 1037 μὲν
825 980 988 1039 ψιλοὺς
1007 980 1275 1039 ἔμπροσθεν
1303 980 1479 1027 διώκειν
1498 983 1563 1027 ἐκ·

65 1050 324 1110 πέπομφεν,
345 1045 479 1103 αὐτὸς
495 1050 545 1094 δὲ
560 1047 817 1109 φευγόντων
836 1045 1038 1107 ἄκρατώς
1066 1073 1093 1096 s
1123 1071 1150 1094 s
1182 1049 1375 1096 ἐλαί-νων
1395 1052 1564 1097 ἐδίωκε.

65 1115 252 1172 τούτους
270 1118 320 1163 δὲ
340 1119 448 1175 περὶ
465 1116 549 1176 τήν
567 1119 759 1176 Σιδηρᾶν
780 1116 1059 1176 Κλεισούραν
1078 1118 1339 1175 καταλαβών
1368 1118 1565 1173 πολλοὺς

65 1187 147 1243 μὲν
172 1181 359 1246 ἀναιρεῖ,
389 1188 638 1240 πλείστους
662 1187 712 1231 δὲ
737 1188 810 1231 καὶ
843 1187 1029 1245 ζωγριάν
1057 1181 1176 1245 ἶίγει·
1217 1185 1259 1232 οἳ
1291 1189 1341 1233 δέ
1377 1206 1424 1246 γε
1453 1190 1627 1244 προ-Ὺ·
1654 1191 1726 1226 223

66 1255 357 1314 πεμφθέντες
384 1259 476 1300 τῶν
507 1254 730 1312 Κοιιάνων
765 1254 846 1318 τὴν
884 1257 1006 1301 λείαν
1049 1260 1204 1302 πᾶσαν
1238 1253 1564 1314 αναλαβόμενοι

4 1321 88 1364 15‘
65 1321 369 1382 υπεχώρησαν.
425 1324 450 1370 ὁ
479 1325 530 1370 δὲ
558 1324 767 1382 βασιλευς
794 1327 900 1382 περὶ
928 1324 1008 1387 τὴν
1036 1321 1312 1386 ἆκρολοφιάν
1340 1329 1419 1387 τῆς
1438 1327 1563 1384 Σιδτ-

66 1399 145 1449 ρᾶς
174 1391 496 1450 Κλεισούρας.
483 1393 722 1450 παννύχιος
753 1395 1008 1448 διατελέσας
1036 1398 1255 1451 χειμῶνος
1294 1389 1423 1448 ὄντος
1453 1412 1565 1455 σφο-

64 1463 187 1519 δροῦ,
215 1457 486 1521 αὖγαζοὺσης
514 1457 595 1523 η’δη
628 1464 791 1523 ἡμέρας
816 1462 895 1524 τὴν
911 1469 951 1507 Ι
946 1462 1081 1522 ολόην
1099 1464 1387 1544 κατείληφεν·
1420 1464 1563 1508 ἐκεῖσε

64 1530 114 1575 δὲ
144 1528 512 1591 ἧμερονὺχθιον”
503 1549 551 1577 εν
580 1530 938 1592 διακαρτερήσας,
984 1533 1055 1592 ἐφ’
1094 1523 1132 1591 ὦ
1177 1535 1358 1592 τιμῆσαι
1394 1530 1567 1585 πάντας

65 1598 171 1652 τούς
198 1598 416 1656 ἀνδρικῶς
444 1595 800 1658 αγωνισαμένοις
819 1602 891 1645 καὶ
913 1603 1096 1658 δωρεῶν
1124 1603 1345 1659 μεγίστων
1363 1597 1564 1657 αξιῶσαι.

3 1668 138 1712 2οκαὶ
163 1666 216 1713 τὸ
246 1670 497 1725 βουλευθέν
525 1668 591 1722 εἷς
638 1668 767 1727 ἔργον
810 1665 983 1727 ἀγαγών
1026 1671 1099 1714 καὶ
1140 1670 1236 1727 μετ’
1284 1665 1565 1730 εὐφροσύνης

65 1733 235 1790 πάντας
278 1737 516 1795 ἐκπέμψας
559 1735 711 1783 οἶκαδε
751 1738 797 1783 ἐν
840 1740 941 1784 δυσὶ
982 1739 1280 1798 νυχθημέροις
1325 1739 1562 1798 κατείληφε
1575 1743 1614 1779 Ρ.
1641 1744 1712 1778 282

65 1801 121 1847 τὰ
148 1804 365 1860 βασίλεια.

202 1951 233 1984 l.
259 1949 414 2006 ἑκατέρη
438 1950 482 1985 F.
583 1951 615 1986 2.
641 1947 783 1996 ἄνι’νψαι
808 1951 852 1987 G.
926 1948 1010 1990 τοὺς
1032 1948 1228 1991 τοσούτους
1245 1952 1288 1994 F,
1315 1948 1565 1991 τοσούτοιςΡ.

199 1999 235 2034 6.
248 1993 395 2052 φόβον.
414 2002 541 2054 μέγαν
565 1999 610 2043 F,
635 2003 762 2046 ιιέγαν
786 1996 912 2047 φόβον
935 2000 977 2035 Ρ.
1082 2001 1116 2036 8.
1142 2003 1205 2035 καὶ
1226 2011 1299 2036 om.
1326 2000 1369 2036 F.
1468 2002 1500 2036 9.
1532 2003 1568 2036 οἱ

199 2042 388 2093 Κόμανοι]
416 2043 613 2094 νικώμενοι
629 2048 674 2084 G.
806 2050 862 2083 11.
887 2048 1060 2085 lacunam
1084 2049 1242 2095 signavi.
1356 2049 1411 2084 13.
1436 2052 1498 2083 καὶ
1522 2050 1565 2094 F,

198 2095 627 2142 0111.Ρ.ζωγριάν
650 2096 692 2140 F,
719 2099 899 2144 ζωγρείαν
920 2097 962 2133 P.
1161 2098 1217 2133 18.
1242 2094 1508 2145 ἡμερονύκτιον
1524 2098 1566 2134 G.

200 2145 260 2179 21.
285 2146 484 2192 κατείληφε
508 2144 554 2188 F,
579 2125 765 2193 κατείληφε
792 2146 830 2191 C,
855 2143 1039 2191 κατάλαβε
1063 2146 1104 2181 Ρ.

64 2278 171 2334 ignes
210 2278 424 2324 accendere,
462 2290 537 2325 quo
578 2279 733 2315 Comani
768 2283 828 2315 tot
860 2280 967 2326 ignes
1000 2281 1276 2327 conspicientes
1310 2280 1567 2316 Romanorum

65 2327 191 2373 copias
215 2327 432 2363 innumeras
457 2331 637 2373 putarent
672 2340 791 2374 eoque
815 2329 1014 2374 perterriti
1039 2330 1165 2364 minus
1188 2329 1341 2365 fortiter
1377 2330 1416 2364 in
1444 2333 1566 2375 poste

66 2387 152 2411 rum
176 2375 436 2423 confligerent.
477 2388 521 2412 ac
544 2389 724 2436 magnuni
750 2377 791 2413 id
820 2377 1071 2413 Comanorum
1094 2378 1230 2413 animis
1256 2381 1398 2413 metum
1423 2378 1564 2414 iniecit.

65 2435 175 2459 mane
203 2424 324 2471 igitur
348 2428 516 2461 armatus
541 2426 749 2471 imperator
773 2438 859 2462 eum
889 2427 1008 2473 copiis
1037 2427 1114 2462 suis
1146 2426 1325 2462 adversus
1359 2438 1420 2462 eos
1454 2426 1567 2472 profi·

64 2473 220 2509 ciscitur
245 2484 520 2520 congressuque
545 2474 647 2510 facto
662 2475 819 2510 Comani
839 2479 949 2520 terga
969 2475 1074 2511 dant.
1127 2475 1247 2511 diviso
1271 2476 1439 2510 exercitu
1451 2476 1566 2521 impe-

64 2525 170 2557 rator
196 2521 330 2557 leviter
354 2527 521 2558 armatos
545 2523 651 2559 iubet
663 2535 926 2570 praecurrere;
951 2525 1032 2570 ipse
1046 2523 1159 2559 effuse
1176 2523 1411 2570 fugientibus
1426 2525 1567 2559 acriter

64 2570 199 2615 ἱππεὺς
225 2581 320 2616 quos
345 2582 429 2607 cum
456 2571 504 2606 ad
529 2571 707 2607 Ferream
738 2584 834 2618 quae
869 2572 1011 2608 dicitur
1036 2572 1219 2608 Clisuram
1244 2572 1560 2617 deprehendisset,

64 2618 203 2654 multos
230 2618 431 2664 interfecit,
454 2620 637 2666 plurimos
661 2622 702 2656 in
720 2622 939 2656 servitutem
958 2621 1126 2656 abduxit.
1166 2621 1231 2666 qui
1257 2632 1346 2656 vero
1371 2621 1566 2666 praemissi

66 2667 230 2706 fuerant.
253 2669 358 2703 omni
384 2667 632 2704 comanorum
658 2670 800 2715 praeda
823 2671 940 2715 potiti
967 2672 1220 2705 reverterunt.
1259 2668 1323 2704 sed
1347 2669 1566 2714 imperator,

65 2727 150 2751 cum
175 2727 243 2761 per
267 2715 415 2751 foedam
433 2720 696 2763 tempestatem
711 2719 751 2753 in
771 2719 913 2754 vertice
929 2718 1090 2754 Ferreae
1108 2718 1273 2753 Clisurae
1297 2721 1566 2763 pernoctasset·

65 2764 189 2810 primo
217 2763 384 2801 diluculo
410 2765 550 2801 Goloen
577 2778 615 2801 se
640 2767 794 2812 recepit,
819 2767 919 2802 ubi·
909 2779 949 2802 111
966 2766 1165 2802 laudandis
1189 2766 1372 2812 donisque
1392 2766 1565 2801 maximis

64 2813 350 2849 remunerandis
374 2814 422 2849 iis
447 2815 513 2860 qui
539 2815 693 2850 fortiter
718 2820 934 2862 pugnarant
959 2815 1057 2850 diem
1078 2818 1301 2860 noctemque
1323 2815 1564 2859 consumpsit.

65 2861 228 2907 denique
250 2862 363 2897 rebus
387 2874 408 2898 e
432 2863 618 2898 sententia
642 2864 820 2908 perfectis
845 2876 890 2900 ac
916 2864 1023 2899 laetis
1048 2863 1235 2898 militibus
1259 2863 1413 2898 domum
1435 2862 1561 2897 dimis-

65 2910 117 2946 sis
142 2909 290 2947 duobus
312 2910 444 2947 diebus
466 2911 702 2958 totidemque
727 2913 902 2949 nectibus
926 2913 967 2948 in
990 2912 1134 2958 regiam
1158 2912 1291 2948 urbem
1317 2912 1503 2958 pervenit.
