1734 3120
185 239 267 280 330
696 247 861 282 ANNAE
890 247 1156 282 OOMNENAE

183 377 273 414 τας.
324 363 587 407 συνείποντο
618 363 666 407 δὲ
694 361 868 416 τούτοις
898 359 1177 419 αὐθαιρέτως
1212 364 1284 407 καὶ
1317 360 1360 407 οὶ
1400 358 1670 418 ἆντόχθονες

183 433 271 474 τῶν
300 428 516 476 τοιούτων
545 434 702 489 χωρῶν
730 433 939 488 Ῥωμαῖοι»
959 429 1196 490 φεύγοντες
1225 429 1305 485 τὰς
1325 435 1414 476 τῶν
1433 429 1668 489 βαρβάρων

182 502 343 554 χεῖρας,
376 501 574 557 γυναῖκές
601 519 649 545 τε
681 499 793 557 ὁμοῦ
813 499 924 557 μετὰ
950 502 1041 544 τῶν
1061 502 1248 557 νεογνῶν
1279 501 1350 544 καὶ
1371 495 1525 558 ἷὶνδρες
1544 496 1670 546 αὖτοὶ

183 568 255 611 καὶ
287 570 458 622 παῖδες,
491 567 700 625 καθάπερ
724 567 788 622 εἴς
814 587 855 613 τι
877 566 1178 627 κρησφύγετον
1206 569 1251 621 ἐς
1266 567 1346 613 τόν
1364 564 1667 627 αὗτοκράτορα

183 635 590 695 προσπεφευγότες.
644 636 665 681 (i
698 637 746 681 δὲ
775 636 857 695 τήν
886 635 1039 695 καινήν
1071 637 1236 694 ἐκείνην
1264 629 1400 690 αὖθις
1421 636 1704 694 παράταξινὸ

33 709 73 745 P.
99 710 169 745 474
182 703 575 762 διατυπωσάμενος
604 708 676 750 καὶ
705 707 841 762 μέσον
875 704 978 759 τοῖς
1005 703 1312 762 δορυαλώτους
1354 705 1557 760 ἅπαντας
1589 706 1668 752 συν

181 774 346 838 γυναιξὶ
375 775 447 818 καὶ
480 776 677 828 παιδίοις
709 774 937 827 εἰσελάσας
966 772 1044 833 τὴν
1073 770 1208 833 αὐτὴν
1233 770 1434 831 ἀτραπὸν·
1454 773 1579 837 διῄει,
1612 778 1666 820 δι’

182 839 232 899 ἡς
262 840 515 900 διεληλύθει
548 841 665 897 ὁδοῦ,
700 844 772 887 καὶ
817 844 885 902 ἐφ’
934 838 1005 896 οἷς
1043 840 1095 886 ἂν
1138 844 1448 900 προσεπέλασε
1492 843 1664 898 τόποις,

180 911 274 965 μετ’
306 907 551 970 ἆσφαλειἀς
579 909 754 970 ἁπάσης
782 909 1042 968 ἐπορεύετο.
1091 912 1162 955 καὶ
1182 907 1310 964 εἶπες
1334 909 1388 956 ἂν
1406 909 1516 957 ἷδῶν
1535 910 1668 957 πόλιν

180 977 277 1023 τινὰ
309 978 507 1039 ἔμψυχον
537 981 888 1038 πεπυργωμένην
909 976 1190 1037 πορεύεσθαι
1211 978 1320 1024 κατὰ
1340 981 1422 1039 τήν
1442 980 1668 1040 εἰρημένην
1686 985 1729 1020 10

182 1045 350 1106 ἐκείνην
378 1049 662 1107 καινουμένην
692 1045 905 1104 σύνταξιν.

316 1121 354 1161 5.
411 1114 481 1170 Ὡς
509 1117 557 1162 δὲ
584 1117 858 1174 προσωτέρω
892 1115 1064 1176 προῄει,
1101 1114 1318 1174 βάρβαροι
1337 1118 1418 1174 μέν
1445 1136 1562 1171 τινες
1590 1115 1670 1163 οὖν.

181 1185 427 1244 ἐφαίνοντο,
444 1179 709 1242 ’παρείπετο
740 1186 787 1230 δὲ
818 1184 842 1229 ὁ
878 1183 1140 1238 Μονόλυκος
1160 1186 1229 1245 ἐφ’
1252 1183 1435 1243 ἑκάτερα
1457 1187 1502 1231 ἐν
1522 1185 1670 1242 λόχοις

180 1255 243 1311 τῷ
275 1251 571 1310 στρατεύματι
602 1251 714 1310 μετὰ
745 1250 1013 1311 ἀποχρώσης
1044 1251 1282 1311 δυνάμεως.
1354 1253 1466 1299 ἐπάν
1510 1255 1558 1299 δὲ
1591 1253 1665 1299 διοέ

140 1324 257 1381 Βτῆς
296 1315 539 1378 άναμεταξύ
584 1320 796 1375 πεδιάδος
837 1323 917 1367 τοῦ
962 1340 1010 1366 τε
1042 1320 1305 1378 Πολυβότου
1347 1323 1420 1367 καὶ
1462 1326 1544 1382 τῆς
1588 1318 1668 1383 ἤδη
1686 1329 1729 1364 15

181 1391 395 1448 ῥηθείσης
423 1391 588 1448 ἐκείνης
620 1391 770 1449 λίμνης
790 1388 914 1452 διῄει,
947 1386 1180 1448 οἷπόμοιρά
1203 1409 1270 1445 τις
1297 1394 1377 1436 τοῦ
1396 1395 1668 1449 βαρβαρικοῦ

180 1455 414 1515 τάγματος,
456 1454 716 1504 admonet-m
756 1456 919 1512 πάντες
964 1460 1036 1504 καὶ
1075 1461 1203 1517 ψιλοὶ
1238 1461 1481 1518 τολμητίαι,
1523 1459 1670 1505 ἑκατέ-

181 1531 333 1583 ρωθεν
370 1525 637 1586 λοχήσαντες
666 1531 744 1571 τοῦ
779 1528 1084 1584 στρατοπέδου
1116 1523 1290 1586 άθρόον
1319 1524 1411 1572 άπὸ
1447 1531 1538 1573 τῶν
1566 1546 1670 1586 μετ-

183 1592 336 1652 εώρων
363 1591 516 1649 αὐτοῖς
545 1591 833 1656 ἀνεφάνησαν.
887 1597 960 1640 καὶ
989 1595 1045 1641 τά
1077 1597 1157 1653 μὲν
1201 1600 1361 1653 πρῶτα
1394 1596 1478 1655 τήν
1517 1594 1670 1655 καινήν

27 1668 72 1705 V.
99 1669 169 1704 375
185 1663 350 1721 ἐκείνην
381 1661 626 1721 παράταξιν
661 1662 685 1708 ὁ
722 1659 1054 1723 άρχισατράπης
1086 1662 1351 1719 Μονόλυκος
1387 1663 1670 1722 θεασάμενος
1682 1674 1729 1707 20

181 1732 320 1788 γέρων
348 1750 397 1776 τε
427 1730 488 1777 ὢν
517 1734 590 1777 καὶ
623 1734 807 1778 πολλῶν
838 1734 882 1778 ἐν
913 1735 1049 1794 πείρᾳ
1081 1735 1291 1791 πολέμων
1327 1751 1375 1779 τε
1406 1735 1476 1778 καὶ
1506 1732 1670 1791 ταγμά-

179 1817 269 1843 των
301 1798 516 1859 ἐξεπλάγη
547 1799 843 1858 τεθαυμακώς
868 1800 948 1863 τὴν
967 1802 1118 1863 καινὴν
1146 1803 1312 1861 ἐκείνην
1331 1801 1562 1862 διασκευὴν
1589 1805 1669 1847 τοῦ

178 1866 477 1927 συντάγματος
518 1870 592 1914 καὶ
634 1867 713 1914 τὸν
758 1868 1137 1929 ξυνταγματάρχην
1182 1868 1385 1930 ἐπεζήτει
1423 1872 1666 1930 ἐγνωκέναι.

314 1998 346 2032 1.
373 1996 415 2031 δὲ
441 1993 580 2037 τούτοις
604 1996 643 2040 C,
672 1998 714 2033 δὲ
740 2002 815 2037 τοῖς
839 1998 880 2034 Ρ.
1027 2000 1059 2034 6.
1091 1995 1163 2033 σὺν
1188 1997 1328 2034 addidi.
1478 1999 1534 2033 10.
1561 1994 1669 2043 πρεὺ-

313 2049 422 2079 εσθαι
437 2044 477 2091 G,
503 2057 600 2082 corr.
615 2058 664 2082 m.
681 2047 715 2082 2.
828 2047 884 2084 11.
911 2049 1160 2095 καινουμένην
1184 2046 1334 2092 scripsi:
1363 2049 1586 2094 κινουμένην
1599 2046 1668 2082 CP.

314 2095 370 2129 13.
394 2095 452 2130 20.
478 2090 686 2141 μονόληκος
708 2094 763 2132 02.
905 2097 960 2132 18.
987 2091 1211 2143 λοχήσαντες
1236 2095 1276 2141 C,
1302 2091 1587 2142 λοχήσαντοςνΡ.

178 2239 243 2262 sua
268 2229 400 2273 sponte
427 2227 588 2263 Romani
612 2228 726 2264 etiam
751 2229 951 2276 indigenae
981 2229 1118 2266 horum
1156 2229 1324 2265 locorum
1361 2228 1547 2275 fugientes
1585 2228 1669 2264 bar-

177 2276 355 2311 barorum
381 2276 601 2312 servitutem
639 2289 682 2313 ac
706 2278 880 2314 mulieres
907 2290 991 2315 cum
1017 2278 1187 2324 parvulis
1213 2281 1251 2313 et
1274 2277 1348 2313 viri
1375 2278 1451 2323 ipsi
1485 2277 1668 2323 liberique

179 2328 221 2359 ut
246 2324 286 2359 in
313 2324 453 2369 asylum
480 2325 668 2370 quoddam
694 2326 741 2361 ad
772 2327 1039 2372 imperatorem
1076 2326 1354 2372 confugiebant.
1413 2326 1444 2360 is
1472 2337 1570 2361 nova
1604 2326 1668 2361 illa

178 2373 255 2408 acie
281 2372 416 2408 iterum
444 2372 605 2408 formata
630 2374 669 2409 in
695 2387 812 2421 eaque
836 2375 988 2411 inclusis
1013 2375 1172 2420 captivis
1198 2375 1370 2410 omnibus
1394 2386 1479 2410 cum
1505 2374 1668 2410 mulieri-

179 2421 247 2456 bus
272 2421 474 2465 liberisque
499 2421 665 2467 eandem,
691 2435 764 2469 qua
789 2427 953 2469 venerat,
977 2423 1077 2459 viam
1095 2423 1295 2470 ingressus,
1313 2434 1568 2468 quaecumque
1585 2423 1665 2458 loca

179 2469 387 2514 praeteriit,
411 2473 516 2505 tutus
541 2471 693 2506 omnino
719 2473 900 2518 pergebat
909 2485 918 2518 3
956 2471 1199 2518 crederesque
1235 2472 1356 2507 vivam
1392 2471 1522 2506 urbem
1548 2471 1667 2506 muni-

179 2521 256 2552 tam
282 2529 464 2563 novaque,
491 2530 602 2564 quam
625 2519 799 2565 diximus,
824 2520 946 2556 forma
971 2521 1194 2556 instructam
1220 2531 1371 2555 eernere
1402 2519 1666 2555 ambulantem.

320 2567 351 2600 5.
406 2566 498 2601 Cum
524 2578 612 2603 vero
639 2568 788 2614 longius
821 2569 1125 2615 progrederetur,
1160 2579 1386 2614 quamquam
1411 2568 1564 2603 barbari
1592 2580 1667 2604 non

179 2613 421 2657 apparebant,
455 2615 645 2660 utrimque
671 2619 797 2652 tamen
829 2618 1013 2653 circuibat
1051 2617 1267 2663 Monolycus
1304 2616 1487 2652 exercitui
1524 2616 1669 2652 idoneis

179 2672 261 2696 cum
288 2662 404 2706 copiis
430 2663 620 2699 insidians.
680 2668 723 2700 ut
747 2677 836 2701 vero
862 2666 901 2701 in
928 2665 1124 2711 planitiem
1158 2667 1308 2701 ventum
1343 2667 1410 2709 est,
1445 2676 1539 2711 quae
1562 2664 1668 2711 Poly-

179 2708 268 2743 boto
298 2709 437 2755 illique,
462 2711 508 2746 de
533 2724 605 2757 qua
631 2712 806 2758 diximus,
846 2714 943 2751 lacui
969 2715 1179 2758 interiacet,
1213 2725 1344 2749 manus
1377 2712 1559 2761 quaedam
1585 2713 1667 2749 bar·

179 2757 367 2798 barorum,
398 2759 563 2804 expediti
589 2772 715 2796 omnes
741 2766 776 2798 et
814 2762 948 2798 leviter
973 2764 1121 2807 armati,
1148 2761 1211 2797 sed
1237 2761 1394 2797 audaces
1420 2761 1597 2805 homines,
1624 2774 1667 2797 ex

179 2804 326 2840 insidiis
351 2807 542 2853 utrimque
569 2820 590 2843 a
615 2810 872 2855 superioribus
898 2811 990 2847 locis
1016 2811 1141 2847 subito
1166 2813 1362 2856 apparent.
1413 2809 1476 2845 sed
1502 2809 1669 2856 Monoly—

179 2865 243 2888 cus
271 2853 536 2901 arcffisatrapa,
566 2857 639 2891 iam
678 2870 789 2894 senex
815 2858 1001 2905 longoque
1039 2859 1225 2895 bellorum
1260 2870 1330 2894 usu
1367 2858 1460 2894 artis
1495 2858 1669 2894 militaris

180 2901 441 2952 peritissimus,
466 2916 563 2940 nova
588 2905 652 2942 illa
684 2907 762 2942 acie
799 2911 999 2955 conspecta
1035 2907 1225 2944 admirans
1264 2906 1473 2953 obstupuit,
1511 2918 1669 2955 cumque
