1806 3132
490 229 544 263 m
571 228 859 264 ALEXIADEM
887 230 1049 266 NOTAE
1423 226 1505 270 557

27 355 124 386 vero
159 342 440 398 Tayeoldulas
468 342 637 386 dicitur.
703 343 804 386 Fuit
835 344 906 387 ille
937 343 1297 400 Giesaluddaulae,
1329 361 1399 391 seu
1427 348 1510 392 Ge·

27 398 254 443 laloldulae
296 399 511 443 Mascosae
555 398 718 443 Summi
762 400 994 444 Turcorum
1033 401 1199 447 Sultani
1227 403 1369 457 frater,
1389 405 1508 448 -Bar-

27 455 175 499 selami
204 455 478 512 Salgeucidae
509 455 677 499 Sultani
708 456 834 510 filius,
862 457 1061 501 Damasci
1080 459 1267 503 AmeraS.
1317 460 1508 504 Siarfud-

26 512 167 563 daula,
208 525 279 555 seu
317 511 548 564 Serfodulo‚
590 512 787 556 Muslemi
836 513 937 567 filio,
969 514 1111 558 Corosi
1154 517 1312 571 nepote,
1343 517 1507 574 Aleppi,

26 581 96 612 seu
141 568 372 612 Berrhoeae
417 569 584 622 Amera,
631 582 655 612 a
701 569 969 626 Solymanno‚
1013 571 1079 614 cui
1126 572 1197 615 ille
1236 573 1504 617 Antiochiam

25 625 188 668 auferre
231 625 407 668 annixus
454 627 557 678 erat,
592 626 825 669 interfecto.
875 626 954 669 An.
985 628 1092 683 Heg.
1124 638 1371 673 CDLXXVII.
1408 629 1502 673 Chr.

25 691 264 726 MLXXXIV.
301 681 390 737 ipse
434 682 643 737 Aleppum
688 695 771 726 non
821 683 942 726 modo
986 684 1155 737 invasit,
1197 686 1266 728 sed
1296 686 1336 728 et
1370 686 1504 740 ipsam

25 737 310 790 Antiochiam,
356 751 476 782 caeso
505 738 760 794 Solymanno
796 752 843 782 ex
881 740 1011 783 fratre
1051 743 1210 796 nepote,
1252 743 1505 798 expugnavit

24 795 238 861 totiusque
279 794 744 860 Syriae-Principatum
783 796 932 839 nactus
968 798 1041 839 est.
1073 797 1125 840 A.
1157 797 1252 842 Chr.
1282 809 1542 887 MLXXXV.C

150 850 1190 974 (ἒαέἔαμῖἒγανέ(ξοπῇῗοῗῆῳῗᾱέἑτέἑξςῖιὲζεθῳ,
1224 923 1295 954 seu
1326 911 1504 966 Tageol-
1515 916 1603 964 Pag.
1621 918 1739 953 170.A

23 963 180 1016 dulam,
210 964 277 1007 tot
305 965 562 1008 successibus
602 965 774 1017 elatum,
813 966 969 1008 bellum
1006 967 1189 1020 susceplt
1225 965 1503 1011 Gelaloldules

23 1019 225 1063 Sultanus
255 1020 397 1074 frater,
428 1022 680 1076 captumque
697 1021 905 1076 Aleppum
928 1022 1267 1066 Casmaroldulae
1296 1036 1505 1067 commen-

25 1076 156 1132 davit,
187 1089 262 1120 nec
290 1078 425 1121 multo
455 1078 549 1132 post
576 1078 787 1121 hominem
819 1079 932 1121 exuit
961 1078 1086 1122 Anno
1118 1080 1226 1135 Heg.
1260 1090 1505 1124 CDLXXXV.

24 1132 119 1176 Chr.
148 1142 302 1177 chn.
332 1134 581 1178 transmissa
609 1134 654 1177 in
684 1134 1006 1178 Mechamudum
1036 1135 1252 1179 Sultanica
1283 1137 1326 1179 di
1358 1137 1504 1180 nitate.

154 1186 339 1245 Σιαοὺς]
384 1191 664 1246 Magistratus
695 1191 907 1245 Turcicus,
939 1192 1011 1247 qui
1041 1193 1272 1235 etiamnum
1356 1194 1546 1237 hiacusB

21 1245 1326 1358 {it‘ssffuiss‘ssipiissiliitttmtssin{titi“ijtfitntffiizffl'
1342 1250 1505 1349 ἓξὶιέἷέ·

20 1359 155 1413 iisque
173 1362 445 1414 praesertim,
484 1374 660 1413 quorum
692 1374 821 1415 opera
849 1360 1074 1416 Principes
1103 1365 1278 1405 utuntur
1306 1365 1353 1405 in
1382 1340 1505 1417 expe-⁷

21 1416 198 1459 diundis
216 1417 352 1460 variis
377 1418 568 1473 neyotiis,
591 1431 696 1471 quas
716 1419 1023 1462 commissiones
1041 1432 1188 1462 vocare
1207 1420 1502 1462 consuevimus.

21 1472 79 1514 Iis
109 1472 182 1527 qui
210 1473 443 1528 praefectus
473 1475 547 1526 est,
563 1474 822 1517 Zauziorum
849 1473 992 1518 Bassa
1017 1476 1203 1527 vocatur,
1234 1475 1284 1518 de
1315 1488 1395 1531 quo
1412 1476 1505 1519 Ma-

22 1529 206 1584 gistratu
235 1530 346 1573 idem
381 1531 473 1587 agit
491 1531 659 1574 Leuncl.
681 1531 735 1573 N.
757 1532 853 1575 228.
883 1531 1108 1575 Habebant
1128 1532 1254 1575 etiam
1277 1532 1503 1588 Byzantini

22 1585 299 1640 Imperatores
338 1600 434 1630 suos
467 1586 704 1640 Ohiausios,
733 1600 836 1643 quos
874 1588 1002 1643 vulgo
1038 1587 1305 1642 Τζαουσίους
1343 1601 1504 1631 nuncu-

22 1642 126 1696 pant
156 1641 401 1698 Scriptores,
433 1645 560 1698 atque
602 1644 647 1686 in
679 1644 730 1687 iis
761 1644 1008 1699 Acropolita
1037 1658 1126 1700 cap.
1147 1646 1214 1687 60.
1242 1645 1391 1700 quibus
1430 1646 1502 1700 qui

22 1699 226 1753 praeerat,
265 1699 413 1755 Μέγας
446 1695 690 1755 Τζαοὺσιος
727 1701 883 1744 dicitur
914 1701 1162 1757 Pachymeri
1191 1701 1262 1744 lib.
1285 1702 1320 1745 7.
1352 1714 1440 1756 cap.
1466 1703 1500 1744 1.

22 1754 94 1858 1313&
118 1755 182 1823 12.
213 1768 302 1811 cap.
325 1758 393 1800 30.
424 1757 497 1800 lib.
523 1758 587 1801 13.
619 1770 708 1813 cap.
733 1758 799 1800 22.
870 1757 977 1801 Vide
1020 1758 1230 1813 praeterea
1275 1757 1427 1800 Meurs.
1457 1758 1502 1800 in

91 1826 245 1855 &Ovo'lo
272 1846 282 1855 .

72 1859 88 1865 ’
157 1828 337 1925 Λόρῗκτα
361 1866 506 1925 μακρά
572 1869 844 1914 Celebrantur
887 1870 1149 1925 potissimum
1182 1870 1334 1913 Franci
1370 1870 1501 1913 nostri
1513 1878 1738 1926 Pag.171.D

23 1937 69 2023 {A
79 1923 374 2027 Scriffiorgbuss,
408 1940 505 2026 {³¹¹}
558 1928 726 2027 {grtegie
769 1927 912 2025 hastan
957 1927 1189 1995 quaterent.
1258 1927 1428 1996 Nicetas
1457 1927 1500 1992 in

71 1994 138 2024 an.
231 2016 240 2025 .
291 2016 300 2026 .
376 2016 386 2026 .
438 2017 447 2026 .
507 1997 528 2026 e
594 1997 618 2027 a
641 1996 735 2036 1n1s‚
771 1996 843 2027 seu
908 1996 1065 2030 rancis:
1110 1998 1180 2025 και
1225 1998 1276 2025 το
1325 1998 1371 2025 εκ
1412 1998 1501 2024 των

24 2036 235 2080 Λατίνων
263 2038 405 2083 ἐκεῖσε
433 2037 750 2095 στρατιωτικὸν
781 2038 890 2095 μέγα
908 2041 970 2095 τῷ
993 2035 1145 2094 δόρατι
1165 2035 1501 2094 ἕγιαυχώμενον.

23 2093 251 2139 Cinnamus
293 2096 368 2140 lib.
393 2098 432 2140 2.
477 2097 527 2140 de
569 2097 718 2140 iisdem
764 2097 956 2139 Francis:
1001 2095 1146 2138 ἵππον
1191 2110 1238 2138 τε
1288 2094 1503 2146 ἑνσταλῶς

21 2144 244 2206 ἀναβῆναι,
271 2151 345 2195 καὶ
376 2149 452 2207 ξῦν
480 2149 635 2208 δόρατι
665 2149 875 2196 ἐπελάσαι
906 2152 1043 2206 δεξιοὶ
1073 2148 1273 2206 μάλιστα.
1326 2153 1502 2196 Fulche-

21 2208 108 2251 rius
141 2208 310 2252 Carnot.
331 2210 403 2253 lib.
420 2211 460 2253 2.
481 2223 572 2265 cap.
588 2212 655 2253 41.
687 2209 772 2254 Sed
802 2210 901 2264 quia
929 2209 1113 2252 sciebant
1141 2209 1307 2251 Milites
1337 2212 1503 2252 nostros

22 2278 107 2307 esse
125 2265 407 2319 probissimos
434 2267 654 2310 bellatores
700 2270 739 2309 et
768 2266 984 2309 mirabiles
1015 2266 1065 2308 de
1104 2265 1259 2308 lanceis
1284 2277 1502 2318 percusso-

21 2335 102 2372 res,
131 2335 218 2365 non
245 2327 346 2366 sunt
371 2324 466 2367 ausi
493 2337 586 2367 cum
616 2324 675 2367 eis
701 2323 852 2366 bellum
880 2323 1143 2365 committere.
1203 2321 1400 2364 Albertus
1417 2320 1498 2375 Aq.

20 2377 94 2420 lib.
113 2378 154 2420 4.
185 2391 273 2434 cap.
292 2381 332 2422 6.
378 2380 428 2423 de
457 2379 854 2435 Hierosolymitanis
892 2378 1087 2421 Francis:
1131 2377 1298 2421 Horum
1336 2377 1501 2430 ferreae

20 2438 161 2485 vestes,
190 2435 327 2491 clypei
352 2450 457 2480 auro
479 2441 518 2479 et
544 2437 718 2491 yemmis
745 2435 893 2479 inserti
943 2435 1153 2489 variisque
1190 2433 1394 2476 coloribus
1431 2433 1500 2476 de-

13 2491 137 2544 picti,
166 2492 312 2547 yaleae
330 2493 378 2536 in
403 2493 614 2547 capitibus
640 2506 781 2536 eorum
799 2491 1062 2546 splendentes
1078 2504 1216 2555 ‘super
1229 2489 1343 2534 Solis
1361 2489 1498 2543 splen-

22 2547 165 2590 dorem
193 2553 427 2602 coruscant,
461 2550 607 2593 hastae
629 2550 853 2603 fraxineae
882 2548 929 2590 in
967 2547 1162 2590 manibus
1204 2560 1346 2589 eorum
1383 2546 1500 2599 ferro

22 2605 262 2648 acutissimo
282 2606 506 2660 praefixae
523 2610 633 2661 sunt,
654 2606 776 2660 quasi
795 2603 982 2660 yrandes
1002 2603 1218 2657 perticae:
1247 2600 1340 2657 equi
1359 2615 1501 2666 eorum

21 2674 148 2704 cursu
176 2665 215 2704 et
243 2661 347 2706 bello
373 2663 606 2706 doctissimi
633 2661 788 2704 vescilla
818 2662 866 2704 in
892 2660 1026 2703 hastis
1054 2673 1194 2702 eor-um
1217 2658 1341 2701 nodis
1360 2671 1501 2702 aureis

22 2720 60 2759 et
84 2717 266 2771 fimbriis
287 2721 498 2774 arqenteis
535 2722 694 2762 montes
722 2719 770 2760 in
812 2717 990 2760 circuitu
1031 2716 1164 2758 nimio
1210 2715 1315 2758 lueis
1357 2715 1502 2758 decore

21 2786 242 2873 cssrZscare
278 2775 456 2830 faciunt.
536 2776 642 2819 Vide
682 2774 851 2817 Annam
894 2786 990 2828 pag.
1023 2773 1115 2815 172.
1147 2772 1243 2815 207.
1276 2772 1370 2814 277.
1403 2771 1499 2814 445.

23 2842 45 2874 e
120 2831 188 2874 69.
