1734 3120
491 228 756 270 ALEXIADIS
785 228 881 260 Lm.
910 228 1013 262 xm.
1046 224 1084 262 8.
1447 222 1530 264 215

43 349 133 403 ’ρῶν
176 342 358 403 ἀπεῖργε
408 344 664 388 παντάπασι
710 341 813 396 τούς
855 343 1034 387 ἐκεῖθεν
1074 344 1188 399 πρὸς
1217 342 1268 387 τὸ
1297 341 1532 400 Ἰλλυρικὸν

42 416 359 469 ὁιαπερῶντας,
393 408 446 455 οὐ
480 410 740 468 τριάρμενον
770 407 872 456 mide*
900 409 1180 470 μυριοφόρον
1222 409 1385 455 ὁλκάδα
1427 406 1531 456 οὐδὲ

41 480 316 540 μυοπάρωνα
345 482 546 526 δίκωπον
575 479 627 524 ’τὸ
655 477 868 537 παράπαν
907 482 1140 537 ξυγχωριῦν
1169 477 1288 535 πρὸς
1316 477 1395 523 τὸν
1423 482 1532 523 Βαΐ-

41 555 232 608 μοῦντον
259 551 493 606 διαπερᾶν)
524 550 593 593 καὶ
624 550 770 593 αὐτῶν
797 550 902 606 γοῦν
930 551 1021 592 τῶν
1050 546 1122 592 διὰ
1152 545 1379 604 θαλάττης
1407 565 1533 603 κομι-

4 620 238 676 ῦζομένων
265 619 499 677 τροφίμων
529 614 827 662 ἐκλειπόντων
872 612 992 676 αὐτῷ
1038 618 1109 660 καὶ
1150 619 1240 660 τῶν
1283 615 1356 660 διὰ
1401 617 1577 673 ξηρᾶςΙ)

43 687 371 744 ἐπιτιθεμένων
396 685 476 731 σὺν
506 687 716 745 ἐμπειρίᾳ
754 686 898 745 πολλῇ
936 684 1015 730 τὸν
1044 686 1243 741 πόλεμον
1272 682 1389 740 ἑώρα
1419 701 1532 739 προ-

39 757 247 813 βαίνοντα
274 754 484 814 (ὁπηνίκα
509 755 586 812 γὰρ
616 756 696 799 τοῦ
726 753 914 810 χάρακος
940 754 1238 811 χορταγωγίας
1262 753 1387 809 χάριν
1417 749 1531 811 ἐξῄει
1544 756 1584 791 Ρ.
1612 758 1682 792 399

43 843 110 878 τις
138 822 168 883 ἢ
197 826 271 869 καί
298 843 430 869 τινων
473 825 750 882 σι’γιομιδιῦν
790 817 936 866 ἄλλων
965 819 990 881 ἢ
1019 823 1091 866 καὶ
1134 821 1238 874 τούς
1265 822 1439 874 ἵππους
1469 819 1533 872 εἷς

42 892 185 938 ποτὸν
216 891 461 951 ἐξήλαυνον,
491 893 758 937 ἐπετίθεντο
788 888 966 944 τούτοις
1000 889 1043 934 οὶ
1069 888 1279 947 Ῥωμαῖοι
1319 890 1392 933 καὶ
1429 886 1534 941 τούς

0 971 31 1007 ιο
42 961 252 1014 πλείονας
293 956 493 1022 ἀνῄρουν,
540 958 602 1013 (ὃς
646 958 756 1005 κατὰ
797 958 956 1017 μικρὸν
999 959 1052 1003 τὸ
1082 954 1217 1004 αὐτοῦ
1244 959 1534 1002 δαπανᾶσθαι-

43 1024 316 1087 στρᾶτευμα)
343 1025 613 1083 ἀποστείλας
645 1027 763 1087 πρὸς
792 1027 869 1074 τὸν
900 1031 1037 1073 ὁοῦκα
1056 1026 1304 1084 Δυρραχίου
1334 1021 1534 1080 Ἀλέξιον

42 1096 96 1142 τὰ
126 1099 231 1155 περὶ
259 1095 433 1157 εἰρήνης
462 1099 684 1161 ἐπερωτᾷ.
741 1098 842 1142 ἐπεὶ
871 1097 919 1142 δὲ
949 1097 1021 1140 καὶ
1050 1091 1118 1148 εἷς
1145 1112 1213 1148 τις
1242 1090 1418 1152 εὐγενὴς
1445 1095 1535 1137 τῶν

42 1168 124 1211 τοῦ
159 1164 439 1223 Βαῖμοὺντου
481 1164 687 1225 κομήτων
717 1167 954 1222 Ιελίελμος
991 1162 1015 1209 ὁ
1057 1164 1285 1221 Κλαρέλης
1322 1159 1441 1219 ἑώρα
1480 1158 1532 1206 τὸ

41 1232 162 1278 ἅπαν
190 1231 441 1291 στράτευμα
461 1237 553 1279 τῶν
574 1237 759 1280 Κελτῶν
790 1231 879 1278 ὑπό
911 1251 958 1278 τε
980 1235 1115 1289 λιμοῦ
1135 1233 1208 1276 καὶ
1238 1228 1371 1276 νόσου
1392 1227 1530 1288 (δεινὴ
1546 1236 1587 1273 V.
1615 1237 1687 1272 316

0 1315 29 1348 .5
41 1301 120 1360 γάρ
147 1321 214 1356 τις
248 1301 434 1362 τούτους
476 1304 731 1361 ἐπέσκηψεν
771 1297 969 1358 ἄνωθεν)
1014 1298 1405 1360 διαφθειρόμενον,
1451 1296 1533 1356 τήν

42 1371 200 1417 ἑαυτοῦ
232 1373 455 1431 σωτηρίαν
486 1370 906 1430 πραγματευόμενος
934 1372 1041 1428 μεθ’
1070 1372 1230 1414 ἵππων
1258 1365 1533 1429 πεντήκοντα

41 1436 282 1498 αὖτομολεῖ
309 1439 426 1498 πρὸς
456 1440 535 1486 τὸν
563 1438 879 1499 αὐτοκράτορα.
931 1441 955 1484 ὃ
986 1439 1034 1484 δὲ
1062 1437 1268 1496 βασιλεὺς
1286 1435 1366 1482 τὸν
1384 1439 1576 1481 ‘colai—B

42 1528 120 1555 τον
149 1505 481 1567 ἅποὸεξάμενος
520 1507 786 1567 πυθόμενός
825 1527 873 1553 τε
904 1508 959 1553 τὰ
1003 1506 1115 1553 κατὰ
1145 1505 1225 1552 τὸν
1255 1507 1534 1562 Βαϊμοῦντον

44 1579 116 1623 καὶ
138 1576 222 1637 Ιτήν
251 1596 297 1624 τε
327 1577 417 1623 ὑπὸ
448 1580 578 1635 λιμοῦ
609 1582 689 1623 τοῦ
711 1575 1042 1634 στρατεύματος
1070 1578 1244 1621 πτῶσιν
1261 1575 1534 1631 βεβαιωθεὶς

0 1647 116 1693 *onai
149 1644 210 1699 ὡς
243 1647 289 1692 ἐν
315 1651 456 1706 στενῷ
477 1649 635 1706 κομιδῆ
667 1645 723 1691 τὰ
750 1647 845 1691 κατ’
867 1642 1034 1699 αὐτοὺς
1061 1643 1271 1703 ἑληλάκει,
1299 1639 1436 1687 αὐτὸν
1453 1642 1535 1698 μὲν

42 1718 106 1774 τῷ
151 1719 230 1761 τοῦ
275 1717 593 1772 νωβελλισίμου
638 1718 878 1774 τηνικαῦτα
936 1717 1043 1774 τιμᾷ
1084 1709 1302 1769 ἀξιώματι
1345 1712 1535 1763 πολλαῖς

43 1786 233 1841 δωρεαῖς
259 1785 330 1829 καὶ
358 1782 530 1841 χάρισιν
571 1782 890 1842 ἀμειψάμενος,
933 1781 1209 1842 μεμαθηκώς
1252 1783 1301 1827 δὲ
1339 1780 1412 1826 διὰ
1443 1783 1534 1826 τῶν

43 1854 122 1895 τοῦ
151 1846 351 1908 Ἀλεξίου
380 1849 660 1910 γραμμάτων,
693 1850 764 1897 ὅτι
785 1850 809 1897 ὁ
832 1855 1110 1909 Βαϊμοῦντος
1138 1849 1194 1895 τὰ
1224 1851 1330 1906 περὶ
1359 1847 1535 1907 εἰρήνης

182 1983 236 2019 18.
262 1980 464 2030 δεξάμενος
481 1984 525 2020 Α.
604 1986 660 2021 19.
688 1985 753 2020 τοῦ
777 1985 888 2032 ὶιμοῖι
905 1984 946 2029 P,
969 1985 1034 2019 τοῦ
1048 1995 1121 2020 om.
1139 1983 1184 2020 F.
1258 1981 1318 2018 22.
1345 1981 1387 2017 δὲ
1412 1983 1475 2016 καὶ
1486 1981 1532 2017 A.

42 2114 113 2155 oet,
138 2110 386 2167 custodiebat,
425 2125 552 2150 omnes
576 2114 664 2150 inde
699 2115 737 2150 in
764 2114 955 2161 Illyricum
994 2113 1218 2148 traiecturos
1249 2109 1447 2156 prohibuit
1479 2112 1534 2145 at-

44 2171 115 2206 que
140 2159 274 2201 efleclt,
308 2164 352 2196 ut
388 2174 456 2198 nec
484 2164 569 2199 navi
597 2163 708 2199 trinis
734 2164 939 2199 instructae
975 2162 1065 2198 velis
1091 2172 1158 2196 nec
1192 2161 1318 2195 vastae
1340 2157 1535 2194 onerariae

44 2219 112 2244 nec
137 2208 298 2254 denique
330 2212 550 2256 myoparoni
582 2212 743 2248 duorum
775 2222 964 2247 remorum
996 2209 1242 2246 transfretare
1276 2206 1325 2242 ad
1349 2206 1533 2242 BOEmun-

45 2256 135 2292 dum
157 2256 232 2292 ullo
259 2257 369 2294 modo
394 2258 534 2296 liceret.
586 2261 617 2296 is
650 2262 770 2307 igitur
801 2259 1061 2295 deficientibus
1093 2255 1292 2292 maritimis
1318 2255 1533 2290 commeati-

45 2305 126 2360 bus,
150 2317 236 2342 cum
260 2318 283 2341 a
307 2309 410 2342 ter'ra
446 2309 521 2343 iam
558 2309 724 2355 undique
760 2320 797 2343 se
834 2309 954 2354 premi
992 2307 1207 2351 bellumque
1242 2302 1533 2350 prudentissime

44 2366 126 2400 geri
175 2355 408 2400 conspiceret
463 2357 508 2402 (si
557 2359 623 2403 qui
672 2357 771 2393 enim
822 2355 1025 2402 pabulandi
1085 2357 1150 2390 aut
1199 2353 1358 2388 aliarum
1405 2364 1531 2387 rerum

45 2401 318 2438 afferendarum
346 2416 456 2440 causa
481 2407 613 2441 castris
643 2407 791 2442 exirent
826 2405 886 2441 vel
913 2404 960 2440 ad
998 2406 1130 2450 potum
1169 2413 1283 2448 equos
1319 2399 1532 2444 educerent,

45 2450 206 2486 Romani
229 2451 270 2486 in
294 2463 355 2487 eos
381 2453 598 2490 invadentes
620 2454 802 2500 plurimos
826 2465 957 2488 eorum
990 2451 1244 2494 trucidabant,
1268 2450 1324 2484 ita
1348 2451 1392 2483 ut
1415 2460 1532 2494 paene

45 2502 326 2535 consumeretur
360 2500 461 2536 illius
497 2503 710 2548 exercitus),
745 2502 867 2537 missis
905 2501 953 2537 ad
980 2500 1154 2536 Alexium
1178 2496 1377 2545 Dyrrachii
1400 2496 1532 2533 ducem

45 2547 179 2594 legatis
202 2547 249 2583 de
274 2560 364 2594 paoe-
388 2561 497 2596 agere
521 2552 656 2597 coepit.
698 2550 903 2586 Gulielmus
927 2561 1015 2585 vero
1030 2547 1201 2591 olardus,
1225 2547 1284 2582 vir
1308 2545 1534 2591 praecellens

45 2597 146 2632 inter
171 2595 378 2632 Boemundi
401 2600 566 2644 comites,
588 2612 673 2635 cum
700 2600 915 2634 universum
943 2598 1134 2634 Gallorum
1159 2594 1366 2631 exercitum
1389 2593 1534 2630 videret

47 2647 85 2680 et
109 2644 206 2679 fame
231 2647 269 2680 et
294 2646 424 2681 morbo
450 2648 613 2683 terribili
632 2648 814 2684 divinitus
839 2646 1004 2682 immisso
1036 2645 1283 2688 laborantem,
1307 2642 1421 2678 saluti
1445 2641 1533 2677 s‘uae

46 2692 239 2729 consulens
274 2706 358 2729 cum
395 2696 670 2743 quinquaginta
707 2695 897 2742 equitibus
934 2694 983 2730 ad
1020 2694 1286 2739 imperatorem
1318 2690 1533 2736 transfugit.

46 2753 156 2787 quem
182 2741 343 2788 benigne
369 2748 564 2789 exceptum
584 2746 801 2791 imperator,
817 2744 882 2779 ubi
900 2741 1108 2779 BoEmundi
1125 2752 1252 2776 rerum
1276 2738 1533 2776 condicionem

47 2789 264 2835 clademque
303 2793 488 2828 exercitus
534 2793 631 2829 fame
667 2794 785 2839 pressi
823 2791 969 2827 audivit
1006 2789 1230 2836 quantisque
1270 2787 1333 2823 ille
1370 2790 1465 2823 esset
1492 2787 1533 2822 in

48 2838 245 2884 angustiis,
269 2839 398 2875 multis
423 2841 612 2878 beneficiis
643 2842 825 2887 donisque
849 2839 1081 2877 cumulatum
1109 2839 1191 2883 ipsa
1223 2836 1447 2873 nobilissimi
1476 2834 1531 2870 di-

48 2887 195 2934 gnitate
222 2888 381 2924 ornavit.
428 2901 587 2936 cumque
612 2902 658 2926 ex
683 2890 807 2926 Alexii
838 2888 977 2925 litteris
1005 2885 1250 2935 cognovisset,
1275 2883 1532 2921 Boemundum
