1806 3132
500 225 555 261 m
580 225 869 261 ALEXIADEM
895 228 1058 263 noun
1427 224 1510 269 561

38 341 156 385 Ioan.
187 339 238 384 de
256 340 390 384 Ianua
414 339 462 382 in
480 338 710 392 Catholioo,
738 339 992 394 Pmeestria,
1022 341 1114 386 loca
1144 347 1265 388 aetra
1292 346 1510 401 civitatem,

36 398 145 441 sieut
165 397 424 451 proca-stria,
454 395 548 439 loca
579 399 702 439 extra
730 400 883 440 castra.
943 397 1148 442 Laonicus
1180 400 1255 444 lib.
1275 402 1315 444 9.
1353 399 1511 456 ἐξώκοι-

36 468 171 507 στρον
207 453 326 504 dixit,
377 450 672 507 προτείχισμα
718 453 959 508 Procopius,
1009 455 1058 497 ut
1103 456 1146 498 et
1188 456 1313 500 Anna
1352 458 1424 503 lib.
1445 460 1511 503 14.

35 523 132 577 pag.
151 510 250 553 426.
277 503 608 567 Ἔπεφρούρητο
634 507 684 551 δὲ
712 505 738 566 ἡ
768 505 900 561 πόλις
927 509 1001 552 καὶ
1029 503 1187 563 ἄλλοις
1210 511 1290 567 μὲν
1309 507 1512 571 ἅρραγέσι

33 579 210 620 τειχεσι,
240 564 313 608 καὶ
340 565 402 635 δὴ(
423 564 497 608 καὶ
525 564 642 622 τρισὶ
669 565 1008 620 προτειχίσμασι
1036 563 1179 625 κύκλῳ
1207 564 1368 626 ταύτην
1386 587 1513 627 περι-

36 618 347 678 λαμβάνουσιν.
378 638 403 664 ο
432 618 511 677 γὰρ
543 618 763 675 ἐξώτατος
791 620 949 674 κύκλος
978 627 1174 679 περιεῖχε
1195 623 1273 668 τὸν
1292 623 1509 683 δεύτερον.

35 679 286 722 Anastasius
314 679 360 722 in
378 679 493 722 Hist.
514 678 626 722 Eocl.
654 692 750 735 pag.
775 680 842 724 95.
873 676 1134 736 προπύργια
1162 682 1272 737 apud
1295 683 1512 739 Theopha-

35 749 131 779 nem
149 735 447 779 Antemuralia
468 735 608 778 vertit.
655 735 706 778 In
728 735 940 779 Glossario
966 736 1204 781 Graecolat.
1222 738 1514 784 Procas-trium

35 788 182 892 {gi-²12?
208 787 1110 904 ἔιῆἕθέἔέεῆἰέλίἓθῖἐξθὶιθξῖὲοῗέἢέέ
1128 792 1514 895 ξέῗῖῑξξῗέολω

35 907 107 948 tur
135 906 178 948 et
205 905 467 957 muniuntur,
489 918 540 948 ne
567 904 622 948 ad
644 905 721 948 illa
749 906 898 948 statim
926 906 1115 950 hostibus
1143 920 1331 951 accessus
1349 866 1512 964 paffi:

37 961 148 1005 unde
176 963 220 1006 et
239 961 490 1016 promurale
517 961 753 1016 appellatur
777 963 831 1005 ab
849 962 1010 1005 Isidoro
1031 963 1104 1006 lib.
1127 964 1192 1007 15.
1222 963 1337 1020 Orig.
1367 978 1455 1021 cap.
1472 967 1512 1009 2.

36 1018 234 1078 eoquod,
271 1018 425 1074 inquit,
466 1019 525 1061 sit
556 1032 643 1072 pro
683 1019 916 1062 munitione
956 1020 1080 1062 muri.
1154 1019 1282 1064 Gesta
1313 1021 1514 1077 Stephani

34 1075 139 1130 Reg.
170 1075 299 1130 Angl.
328 1075 511 1118 exterius
533 1075 782 1129 promurale
816 1076 927 1130 quod
965 1076 1023 1119 ad
1064 1075 1290 1120 Castellmn
1325 1080 1514 1122 munien-

34 1132 137 1175 dum
164 1145 317 1188 aqyere
343 1131 673 1175 cumulatissimo
701 1132 750 1174 in
780 1132 915 1175 altum
942 1132 1248 1176 sustollebatur.
1296 1135 1513 1178 Interdum

34 1201 118 1231 non
147 1188 270 1232 modo
300 1189 433 1231 muris
451 1189 528 1231 aut
547 1188 777 1243 parietibus
797 1188 1064 1232 muniebatur
1087 1189 1193 1232 illud
1213 1190 1513 1244 Prooastrium,

34 1245 106 1288 sed
134 1257 255 1300 saepe
282 1245 404 1288 fossis
432 1245 474 1288 et
502 1244 640 1288 vallis.
691 1245 933 1288 Willehnus
963 1246 1084 1288 Brito
1112 1246 1186 1289 lib.
1207 1247 1247 1289 2.
1274 1247 1456 1303 Philipp.

238 1311 445 1367 Opposuit
470 1313 654 1356 medium
675 1312 834 1364 flumen
860 1316 1020 1356 natura
1042 1313 1248 1367 fluentem,

237 1368 320 1423 Qui
348 1369 527 1425 buryum
557 1369 669 1413 vallo
697 1369 965 1413 disterminat
992 1370 1204 1414 exteriori.

35 1437 91 1480 Et
119 1437 218 1481 ante
231 1470 242 1480 ⁸
502 1504 674 1548 Vallum
702 1506 814 1561 quod
841 1509 933 1549 erat
959 1507 1138 1550 munitio
1159 1507 1320 1561 prima.
1408 1503 1415 1510 “

34 1572 185 1616 Petrus
229 1572 460 1616 Monachus
479 1572 616 1616 Vallis
645 1572 820 1617 Sarnaei
852 1586 942 1629 cap.
961 1575 1028 1618 63.
1086 1573 1337 1618 Adversarii
1378 1578 1515 1618 autem

37 1629 244 1684 quaedam
271 1633 392 1673 extra
417 1630 581 1683 fossata
606 1629 815 1685 repayula
845 1631 897 1673 de
925 1630 1059 1686 liquis
1096 1631 1296 1685 fecerant,
1340 1635 1379 1674 et
1413 1635 1514 1685 post

33 1686 114 1729 illa
141 1685 350 1741 repayula
378 1686 500 1730 aliud
523 1686 742 1740 fossatum,
772 1687 1077 1743 manebantque
1104 1701 1266 1742 semper
1292 1688 1403 1730 inter
1430 1688 1513 1731 duo

31 1742 112 1785 illa
133 1744 300 1796 fossata
342 1747 381 1786 et
407 1743 508 1786 inde
534 1743 706 1786 exibant
731 1744 901 1797 saepius
960 1749 999 1787 et
1040 1744 1296 1798 infestabant
1338 1748 1514 1787 nostros.

35 1798 152 1853 Quae
180 1799 349 1854 quidem
373 1799 532 1843 fossata
563 1801 605 1843 et
632 1800 838 1855 repagula
867 1800 1001 1843 eidem
1021 1800 1222 1855 Scriptori
1251 1801 1376 1855 paulo
1403 1800 1515 1843 infra

37 1855 314 1899 Barbecanae
342 1855 555 1899 dicuntur.
614 1857 722 1900 Vide
760 1857 922 1900 Notata
954 1857 1009 1900 ad
1048 1870 1144 1912 pag.
1170 1857 1238 1900 54.
1278 1858 1319 1900 et
1360 1856 1515 1900 Cinna-

38 1925 155 1957 mum
184 1912 258 1956 lib.
277 1913 318 1956 4.
347 1913 402 1956 N.
423 1914 464 1957 4.

175 1976 238 2022 Τό
266 1984 347 2039 τῆς
362 1978 539 2036 λίμνης]
568 1981 727 2024 Lacum
746 1981 978 2036 Lopadium
998 1981 1213 2036 intelligit,
1234 1993 1256 2024 e
1275 1992 1357 2036 quo
1377 1980 1513 2023 amnis
1525 1984 1744 2032 Pag.181.A

36 2036 219 2092 profluit,
250 2036 502 2091 Rhyndacus
522 2037 623 2081 olim
644 2037 796 2090 dietuS,
821 2038 874 2081 ad
894 2038 1011 2080 cuius
1041 2038 1194 2080 ostium
1214 2037 1404 2080 extructa
1433 2036 1515 2079 fuit

36 2093 298 2148 Apollonias,
325 2094 376 2136 ut
404 2096 468 2137 oet
496 2094 607 2149 apud
638 2094 839 2146 Plinium,
863 2094 1152 2137 Ptolemaeum
1182 2095 1223 2136 et
1242 2093 1511 2148 Stephanum.

35 2149 173 2192 Huius
202 2150 357 2205 stagni,
386 2150 455 2193 vel
484 2150 614 2203 lacus,
639 2151 688 2192 ut
717 2151 758 2193 et
787 2151 927 2205 pontis
954 2150 1009 2194 ad
1047 2163 1211 2193 amnem
1243 2150 1432 2201 extructi,
1462 2149 1513 2192 de

36 2219 119 2260 quo
145 2206 284 2259 Anna,
320 2207 479 2250 mentio
517 2207 567 2250 fit
602 2207 713 2262 apud
742 2207 970 2250 Laonieum
1008 2207 1081 2250 lib.
1107 2207 1147 2249 4.
1202 2205 1309 2249 Vide
1345 2205 1512 2249 Leunel.

36 2262 91 2306 N.
112 2264 181 2306 86.
212 2263 255 2306 et
282 2262 418 2306 Notas
446 2265 611 2306 nostras
639 2263 693 2306 ad
714 2263 921 2306 Villhard.
950 2263 1005 2306 N.
1030 2264 1123 2306 169.

113 2370 125 2386 =
168 2312 443 2387 ᾈγρᾳρίοις]
495 2320 749 2387 Persuasum
779 2320 974 2384 haberem
1015 2312 1197 2384 ἇγρᾴρια
1224 2319 1288 2383 ita
1314 2317 1428 2360 dicta
1456 2313 1556 2382 edA

34 2390 169 2475 iffi.
189 2377 736 2476 ‘tit‘i'zsszfflata‘zssffe
778 2376 833 2475 3³
846 2374 1513 2494 offitiigoeasrpfflfssssffiz

37 2488 163 2531 Adm.
192 2488 299 2544 Imp.
330 2501 419 2544 cap.
441 2490 509 2533 51.
548 2490 838 2544 Imperatores,
876 2501 970 2531 eum
1012 2500 1192 2543 peregre,
1229 2485 1355 2541 (unde
1384 2486 1512 2528 etiam

36 2544 144 2588 forte
177 2545 383 2588 eiusmodi
410 2546 581 2601 navigio
615 2543 785 2601 nomen)
816 2546 858 2588 et
888 2545 933 2587 in
962 2544 1199 2588 suburbana
1231 2542 1399 2597 praedia
1429 2542 1465 2584 Β
1495 2564 1516 2571 -

35 2601 168 2644 zantii
193 2601 309 2645 ultra
337 2602 569 2658 Bosporum
600 2602 857 2654 secedebant,
890 2601 943 2644 iis
972 2601 1067 2644 vehi
1110 2599 1268 2643 solitos.
1332 2598 1461 2640 Proin
1492 2610 1514 2640 e

36 2657 184 2700 malim
213 2659 414 2714 ayrarias
441 2659 645 2703 eiusmodi
689 2670 815 2701 naves
855 2657 1017 2701 easdem
1059 2669 1155 2707 esse,
1193 2655 1267 2698 aut
1297 2654 1350 2697 iis
1385 2653 1515 2708 persi-

36 2713 170 2766 mileS,
201 2727 305 2769 quas
333 2715 617 2771 Ayrarienses
645 2715 773 2758 vocat
801 2714 895 2757 Lex.
924 2727 994 2756 un.
1027 2712 1126 2756 Cod.
1158 2711 1233 2753 Th.
1263 2710 1313 2752 de
1333 2709 1515 2752 Lusoriis

0 2821 2 2823 ¹
37 2769 243 2813 Danubii:
274 2771 337 2815 ita
365 2773 414 2815 ut
439 2772 492 2815 iis
519 2772 749 2823 uterentur,
780 2783 875 2814 cum
905 2764 1157 2825 ἆγραρεὺειν
1186 2766 1351 2818 vellent,
1374 2765 1418 2808 id
1438 2766 1513 2816 est,

36 2825 83 2869 in
111 2827 351 2872 suburbana
379 2828 549 2884 praedia
576 2828 774 2871 secedere.
821 2826 1066 2882 Hesychius,
1086 2818 1357 2880 α’γραρεύεις,
1388 2836 1515 2877 περι-

111 2912 229 2949 Anna
250 2912 449 2950 Comma.
497 2914 554 2950 Π
1203 2908 1249 2943 36
