1734 3120
202 227 283 268 318
702 235 868 270 ANNAE
891 234 1158 269 COMNENAE

202 348 541 405 ἑπιγανυμένους
572 344 671 393 οἷον
702 350 769 409 ἐφ’
803 345 874 402 οἷς
903 348 927 394 ὁ
959 348 1163 406 βασιλεὺς
1192 345 1463 409 η’πρακτήκει
1483 352 1555 395 καὶ
1575 367 1686 394 παν-

199 420 334 472 ταχοῦ
350 418 790 474 διαλοιδορουμένους
808 420 870 476 τῷ
890 419 1064 474 βασιλεῖ
1081 420 1153 462 καὶ
1173 416 1601 476 ὗποψιθυρίζοντας,
1627 417 1688 472 ὥς

46 499 92 534 V,
116 500 186 536 369
199 478 284 541 ἄρα
327 485 437 528 κατὰ
479 488 569 529 τιῦν
607 484 843 541 βαρβάρων
872 489 1087 530 τοσοῦτον
1128 484 1576 543 παρασκευασάμενος
1617 487 1688 530 καὶ

199 550 368 605 πολλὰς
397 550 661 607 evvetstoxnig
682 550 886 609 δυνάμεις
912 555 982 597 καὶ
1002 554 1136 610 μηδὲν
1164 554 1274 610 μέγα
1295 549 1463 614 ἦνυκώς
1482 549 1687 598 ἆπέκλινε

200 637 316 676 προς
344 619 422 679 τὴν
466 619 772 679 Νικοιιήὸειαι,
822 622 894 664 καὶ
937 625 1069 665 τοῦτο
1117 639 1196 665 οικ
1244 623 1288 666 ἐν
1318 622 1493 679 γωνίαις
1535 619 1724 678 μόνον,5

199 685 308 731 ἀλλὰ
335 690 408 732 καὶ
436 688 481 732 ἐν
510 689 739 741 πλατείαις
767 689 839 732 καί
879 686 1101 748 αμφόόοις
1132 690 1204 733 καὶ
1238 688 1432 746 τριόδοις
1461 706 1688 744 αναισχιν-

200 772 384 812 τοτερον
411 757 614 813 λέγοντας
639 751 789 815 ἠνιᾶτο
820 774 891 800 και
922 752 1145 814 ἤσχαλλεν.
1193 755 1217 801 ὁ
1249 758 1297 801 δὲ
1325 754 1613 816 αὐτοκράτωρ
1635 755 1686 801 τὸ

200 824 338 880 πέρας
368 827 444 884 τῆς
474 823 583 868 κατὰ
622 828 711 867 τῶν
742 825 919 882 ἐχθρῶν
958 819 1093 868 αυτοῦ
1137 822 1277 883 ορμῆς
1314 822 1460 870 αι’σιον
1501 824 1689 870 ἔσεσθαι

161 890 531 948 Οστοχαζόμενος,
571 891 714 945 δεινός
753 889 814 935 ὢν
851 893 958 949 περὶ
994 892 1048 936 τὰ
1077 897 1260 937 τοιαῦτα
1298 895 1402 952 παρ’
1455 889 1581 938 οῦδὲν
1609 893 1689 950 μὲν

199 957 278 1012 τὰς
307 959 533 1018 διατριβὰς
561 962 736 1005 ἐκείνων
766 963 838 1006 καὶ
882 963 1078 1018 νεμέσεις
1109 962 1300 1016 ἐτίθετο,
1347 960 1407 1016 ὥς
1440 962 1689 1019 παιδαρίων
1706 975 1734 1008 κ

199 1024 473 1086 ἀθυρμάτων
503 1028 692 1087 πάμπαν
722 1034 811 1074 τῶν
841 1029 1056 1075 τοιούτων
1086 1035 1377 1090 καταφρονῶν
1405 1033 1477 1076 καὶ
1507 1034 1587 1075 τοῦ
1618 1049 1690 1089 νη-

201 1095 398 1151 πιώὸους
417 1094 563 1142 αι’-τῶν
584 1101 834 1157 καταγελῶν
859 1098 1165 1159 φρονήματος’
1194 1098 1273 1158 τὴν
1294 1100 1342 1144 δέ
1361 1116 1408 1157 γε
1425 1094 1690 1157 Αὕγουσιαν

198 1166 444 1248 κρείττοσιν
472 1168 680 1211 ἀνεκτᾶτο
712 1169 940 1225 λογισμοῖς
971 1164 1026 1212 αὖ
1029 1166 1079 1212 τι)
1111 1169 1229 1212 τοῦτ’
1264 1167 1454 1213 ἔσεσθαι
1488 1168 1690 1224 μείζονος

199 1237 318 1293 νίκης
355 1233 497 1280 αι’τιον
535 1234 867 1318 ἐπομνύμενος,
894 1235 1009 1293 ὅπερ
1047 1237 1205 1281 εκεῖνοι
1248 1234 1542 1293 ὄιασίροισιν
1604 1234 1686 1293 ἐγώ

198 1306 278 1361 μὲν
310 1297 390 1348 οὖν
428 1300 630 1361 ανδρείαν
675 1307 809 1361 οἶμαι,
851 1303 955 1348 όταν
995 1323 1060 1357 τις
1090 1322 1169 1349 συν
1211 1300 1418 1364 εὖβοιλια
1456 1307 1532 1364 τῆς
1573 1304 1691 1362 νίκης
1706 1324 1734 1357 1¹

200 1371 457 1431 κρατήσειε·
501 1391 552 1416 το
594 1390 673 1430 γαρ
717 1375 955 1430 θυμοειδὲς
1000 1377 1077 1432 τῆς
1123 1376 1267 1430 ψυχνς
1313 1375 1383 1416 καὶ
1422 1370 1689 1430 δραστήριον

155 1459 301 1494 Βανευ
333 1459 411 1486 τοι)
440 1446 622 1501 φρονεῖν
661 1440 1039 1500 κατηγορούμενον
1077 1443 1238 1500 γίνεται
1269 1442 1342 1486 καὶ
1370 1439 1543 1499 θράσος
1574 1441 1691 1486 ἐστὶν

49 1529 89 1565 Ρ,
116 1506 295 1565 467ἆντὶ
325 1508 536 1566 θάρσους.
594 1515 849 1568 θαρροῦμεν
890 1509 969 1568 γὰρ
1008 1515 1105 1563 τοῖς
1142 1508 1299 1563 όπλοις
1331 1511 1436 1554 καθ’
1471 1528 1534 1553 ων
1563 1507 1691 1554 δυνά-

199 1584 339 1635 μεθα·
387 1577 711 1635 θρασυνόμεθα
743 1581 893 1623 δὲκαὶ
931 1582 1036 1624 καθ’
1080 1573 1142 1623 ὦν
1187 1575 1240 1623 οὐ
1287 1576 1529 1635 δυνάμεθα,
1575 1576 1689 1623 ὥσθ’

201 1644 372 1691 ὁπόταν
401 1647 598 1701 κίνδυνος
637 1646 742 1706 ἡμῖν
772 1649 1072 1704 ἐπικρέμαται,
1106 1653 1132 1702 †
1163 1644 1255 1692 ἀπὸ
1298 1647 1407 1692 κατὰ
1440 1646 1691 1703 πρόσωπον
1705 1664 1734 1698 2¹

200 1717 472 1771 προσβαλεῖν
499 1737 562 1760 Η
593 1714 694 1761 τότε
727 1715 898 1773 τρόπον
929 1716 1080 1774 ἕτερον
1110 1716 1188 1761 τόν
1216 1715 1417 1773 πόλεμον
1447 1732 1693 1773 μεταχειρι-

201 1783 374 1840 ζόμεθα
417 1785 488 1828 καὶ
519 1781 677 1840 ἀμαχεὶ
714 1787 804 1829 τῶν
835 1786 1013 1843 ἐχθρῶν
1052 1790 1228 1842 κρατεῖν
1267 1784 1558 1843 ἐπειγόμεθα
1621 1783 1693 1827 καὶ

339 1874 368 1907 1
395 1873 688 1927 ἐπιγανυιιέιους
714 1873 750 1915 C,
779 1874 1094 1932 ἒπιΖαυιυιιι-ῗνους
1118 1873 1157 1909 P.
1246 1875 1279 1909 6.
1307 1869 1639 1920 ἀναισχυντότεοοι
1653 1871 1690 1908 C.

335 1918 674 1967 ἀναισχυντώτερον
698 1922 737 1956 Ρ.
838 1925 868 1958 7.
897 1918 1081 1968 ἤσχαλλεν
1107 1924 1144 1966 C,
1171 1917 1332 1976 ἤσχαλεν
1356 1921 1394 1957 Ρ.
1503 1923 1557 1957 10.
1585 1923 1691 1967 νεμέ-

337 1969 425 2015 σεις]
453 1982 469 2004 ε
495 1971 696 2005 secundum
722 1971 760 2005 in
785 1982 855 2006 ras.
886 1983 933 2006 m.
962 1973 983 2005 2
1011 1968 1413 2015 Ο.18.θοάσους
1436 1969 1503 2014 ΟΡ,
1531 1970 1688 2006 correxi.

336 2018 393 2053 20.
429 2022 515 2064 pcst
550 2016 626 2053 ἀπὸ
663 2017 732 2063 (sic
758 2018 799 2064 C)
831 2019 974 2065 aliquid
1007 2019 1241 2055 intercidisse
1273 2020 1463 2065 suspicor:
1500 2016 1690 2053 ἀποκατα-

334 2063 541 2113 πρόσωπον
566 2067 604 2102 Ρ.
755 2068 812 2102 21.
838 2068 1007 2103 lacunam
1035 2068 1189 2114 signavi.

200 2155 316 2190 laetos
341 2156 447 2201 quasi
471 2155 517 2190 de
543 2156 781 2201 imperatoris
808 2157 969 2202 segnitia.
994 2157 1091 2192 vidit
1117 2161 1154 2192 et
1176 2157 1315 2203 ubique
1350 2156 1563 2192 deridentes
1605 2168 1689 2191 eum

202 2208 561 2248 murmurantesque,
602 2204 701 2248 quod
737 2205 776 2239 in
807 2207 914 2241 tanto
952 2208 1085 2241 contra
1122 2206 1302 2241 barbaros
1341 2208 1525 2251 apparatu
1563 2205 1691 2240 multis

201 2253 318 2298 copiis
342 2252 506 2288 collectis
528 2252 632 2287 nulla
658 2256 784 2288 tamen
813 2264 947 2300 magna
972 2265 1012 2288 re
1037 2257 1142 2300 gesta
1167 2253 1422 2290 Nicomediam
1459 2253 1688 2289 devertisset.

201 2312 320 2346 neque
346 2302 385 2336 in
411 2300 557 2346 angulis
583 2304 744 2345 tantum,
770 2301 834 2337 sed
858 2302 972 2337 etiam
1007 2302 1046 2337 in
1072 2303 1205 2348 plateis
1231 2306 1269 2338 et
1294 2303 1333 2337 in
1359 2302 1470 2338 biviis
1494 2302 1690 2347 triviisque

202 2349 457 2395 impudentius
483 2349 574 2384 haec
599 2350 848 2392 metabantur,
889 2351 929 2386 id
967 2351 1067 2395 quod
1107 2355 1144 2386 et
1181 2351 1331 2386 dolebat
1370 2354 1408 2386 et
1445 2351 1690 2386 irascebatur.

201 2400 456 2433 verumtamen
499 2398 705 2443 imperator
743 2410 964 2444 prosperum
1003 2399 1175 2435 adversus
1212 2400 1336 2434 hostes
1374 2410 1584 2435 successum
1611 2398 1692 2434 fore

201 2457 351 2491 sperans
377 2458 445 2491 pro
474 2458 540 2481 sua
565 2447 603 2481 in
629 2448 812 2482 eiusmodi
838 2448 948 2483 rebus
974 2448 1186 2484 constantia
1212 2447 1323 2482 nihili
1349 2459 1478 2483 eorum
1503 2448 1689 2483 obtrecta-

201 2496 322 2529 tiones
348 2496 609 2540 vituperiaque
629 2495 791 2531 faciebat
807 2499 995 2542 tamquam
1022 2508 1225 2542 puerorum
1243 2497 1371 2532 nenias
1391 2508 1433 2532 ea
1450 2499 1690 2532 contemnens

202 2554 244 2577 ac
269 2543 404 2578 stolida
430 2555 558 2578 eorum
585 2543 687 2580 dicta
712 2544 884 2580 irridens.
940 2545 1149 2591 Augustam
1176 2549 1298 2580 autem
1327 2545 1543 2580 melioribus
1583 2556 1691 2589 argu-

201 2593 336 2626 mentis
374 2593 493 2627 erexit
532 2592 601 2627 hoc
637 2592 748 2633 idem,
788 2593 887 2638 quod
928 2593 985 2628 illi
1023 2596 1293 2639 vituperarent.
1333 2594 1486 2629 maioris
1512 2594 1691 2628 victoriae

200 2651 346 2674 causam
383 2640 460 2675 fore
498 2640 696 2676 affirmans.
772 2641 943 2687 equidem
981 2642 1161 2678 virtutem
1199 2654 1280 2678 eam
1318 2642 1504 2684 existimo,
1539 2642 1570 2676 si
1608 2641 1691 2686 quis

201 2688 355 2723 consilio
387 2700 473 2723 usus
498 2690 658 2724 victoria
683 2690 870 2734 potiatur3
911 2691 1026 2725 animi
1068 2691 1167 2726 enim
1204 2690 1439 2726 vehementia
1479 2692 1517 2725 et
1555 2689 1690 2736 agendi

201 2736 387 2781 cupiditas
411 2738 488 2772 sine
522 2738 678 2773 consilio
704 2738 785 2772 iure
811 2739 1049 2784 vituperatur
1079 2751 1146 2775 nec
1180 2739 1296 2774 fortes
1321 2740 1350 2774 ii
1375 2741 1462 2773 sunt
1487 2738 1551 2773 sed
1577 2738 1689 2773 auda-

201 2795 270 2819 ces·
322 2785 459 2819 etenim
484 2785 600 2821 fortes
625 2797 750 2821 sumus
776 2788 814 2821 in
842 2787 939 2822 bello
977 2791 1108 2823 contra
1143 2799 1205 2823 eos
1240 2798 1332 2833 quos
1361 2798 1537 2833 superare
1563 2798 1688 2832 possu-

201 2843 293 2878 mus,
311 2833 465 2868 audaces
479 2838 611 2870 contra
629 2845 689 2869 eos
704 2847 797 2880 quos
817 2847 892 2871 non
907 2847 1112 2881 possumus,
1126 2836 1180 2871 ita
1196 2839 1239 2871 ut
1252 2836 1471 2870 imminente
1489 2834 1655 2881 periculo
1671 2850 1688 2865 ψ

203 2881 282 2917 sine
297 2884 399 2917 metu
417 2884 555 2917 temere
569 2883 850 2928 aggrediamur:
870 2900 910 2916 m
929 2887 1009 2925 tum
1025 2885 1097 2920 alio
1111 2884 1221 2920 modo
1237 2884 1375 2920 bellum
1391 2886 1596 2919 tractantes
1612 2883 1690 2919 sine
