1780 3138
227 228 280 268 86
732 230 833 264 ΑΝΝ
835 230 898 262 ΑΕ
922 227 1189 262 ΟΟΜΝΕΝΑΕ

188 362 214 397 C
340 355 379 396 4.
444 350 498 393 Τι’
521 346 572 392 τό
606 349 843 400 ε’ντεῧθενς
874 341 1283 402 καταλαμβάνοισιν
1314 341 1358 388 οἱ
1384 347 1579 389 Λατῖνοι
1609 342 1722 400 μετὰ

227 424 305 480 τῆς
332 418 574 477 Ῥωμαϊκῆς
604 419 811 473 στρατιᾶς
840 412 918 476 τὴν
935 409 1209 470 Ἀντιόχειαν
1240 412 1313 458 διὰ
1338 416 1419 458 τοῦ
1447 413 1719 470 καλουμένου

224 485 378 545 Ὀξέως
409 484 589 544 Δρόμου
619 489 708 529 τῶν
749 483 821 544 ἐφ’
854 481 1038 540 ἑκάτερα
1068 483 1232 541 μηδένα
1261 483 1393 540 λόγον
1425 480 1718 539 ποιούμενοι·

224 553 357 615 ἀγχοῦ
388 557 436 601 δὲ
463 559 552 600 τῶν
582 556 738 609 τειχῶν
767 549 944 612 τάφρον
964 550 1236 610 ποιήσαντες
1263 548 1342 605 τὰς
1373 549 1532 604 σκευὰς
1564 550 1717 596 ἐναπέ-

225 632 362 671 θεντο
391 625 463 669 καὶ
494 620 785 679 ἐπολιόρκουν
809 621 986 679 ταυτηνὶ
1016 619 1097 679 τήν
1130 618 1263 665 πόλιν
1295 621 1573 679 σεληνιακαῖς
1601 619 1755 678 τρισὶὸ

225 692 466 751 περιόδοις.
512 690 554 736 οὶ
584 691 631 736 δὲ
657 694 852 748 Τοῦρκοι
873 690 1152 749 πτοηθέντες
1167 689 1273 745 περὶ
1293 691 1375 747 τῆς
1389 685 1721 745 καταλαβούσης

226 758 385 815 αὐτοὺς
415 756 598 819 ἀνάγκης
625 763 687 819 τῷ
717 762 795 804 τοῦ
826 757 1038 815 Χοροσάν
1071 755 1299 816 σουλτάνῳ
1338 755 1578 816 μηνύουσιν
1607 752 1720 802 α’πο·

225 828 395 887 χρώσας
421 826 625 886 δυνάμεις
665 823 928 873 ἀποστεῖλαι
974 824 1091 882 πρὸς
1136 822 1357 884 βοήθειαν
1404 821 1719 882 ἐξαιτούμενοι,

227 900 295 959 ἐφ’
330 889 365 957 ᾧ
394 901 492 950 τοῖς
519 914 566 942 τε
600 891 905 951 Ἀντιοχεῦσιν
935 892 1170 954 ἐπαρήξειν
1200 894 1273 939 καὶ
1295 892 1401 947 τούς
1430 893 1606 950 ἔξωθεν
1635 911 1722 937 πο-

226 969 509 1024 λιορκοῦντας
536 966 761 1018 Λατίνους
790 960 1052 1020 ἆποδιῶξαι.
1105 962 1230 1018 ἔτυχε
1262 963 1310 1008 δέ
1339 980 1407 1016 τις
1433 956 1613 1008 ἄνωθεν
1641 964 1722 1006 τοῦ
1737 969 1780 1005 10

230 1034 400 1094 πύργου
427 1030 658 1092 Ἀρμένιος
687 1038 832 1093 τηρῶν
861 1032 912 1078 τὸ
944 1033 1178 1092 κληρωθὲν
1207 1035 1271 1092 τῷ
1294 1029 1560 1091 Βαϊμούντῳ
1587 1032 1723 1090 μέρος

182 1108 308 1149 Βτοῦ
339 1105 521 1160 τείχους.
581 1107 739 1148 τοῦτον
767 1097 945 1148 &masaa
975 1099 1191 1155 πολλάκις
1219 1099 1540 1159 προκύπτοντα
1569 1098 1592 1146 ὁ
1618 1103 1724 1146 Βαῖ-

228 1177 417 1231 μοῦντος
449 1170 833 1229 ἑκμειλισσόμενος
857 1172 928 1216 καὶ
961 1170 1229 1227 ὑποσχέσεσι
1254 1172 1445 1224 πολλαῖς
1465 1169 1723 1216 ὑποσαίνων

228 1237 433 1287 ἀνέπεισε
479 1242 725 1300 προδοῦναί
769 1239 809 1286 οἳ
849 1239 927 1303 τὴν
968 1239 1116 1286 πόλιν.
1193 1238 1216 1286 ὁ
1261 1241 1310 1285 δὲ
1339 1235 1577 1297 Ἀρμένιος
1607 1237 1723 1296 πρὸς

228 1306 361 1356 αὐτὸν
405 1308 629 1369 “ὁπηνίκα
673 1307 725 1354 ἃν
764 1308 912 1366 βούλει
958 1311 1030 1354 καὶ
1075 1307 1261 1369 σημεῖόν
1302 1327 1345 1354 τι
1379 1308 1555 1365 ἔξωθεν
1586 1303 1720 1362 αὐτὸς
1740 1313 1780 1352 15

230 1378 484 1435 ὑποδείξεις
510 1397 599 1436 μοι,
644 1377 909 1440 παραχρῆμά
941 1397 1013 1425 σοι
1042 1380 1200 1424 τουτοϊ
1231 1375 1488 1436 παραδώσω
1529 1378 1582 1422 τὸ
1612 1396 1726 1435 πυρ-

229 1449 348 1506 yt'ov'
380 1445 517 1505 μόνον
547 1447 724 1504 ἕτοιμος
758 1447 835 1493 ἔσο
867 1446 919 1493 σύ
965 1465 1012 1492 τε
1053 1450 1126 1493 καὶ
1167 1446 1191 1492 ὃ
1223 1445 1313 1492 ὑπὸ
1343 1445 1470 1504 χεῖρά
1502 1463 1578 1492 σοι
1607 1443 1728 1499 ἅπας

233 1514 338 1569 λαὸς
382 1511 729 1574 ηὖτρεπισμένας
774 1514 887 1572 ἔχων
931 1514 1021 1573 ἅμα
1065 1517 1136 1561 καὶ
1179 1517 1406 1573 κλίμακας.
1486 1510 1538 1560 οὗ
1583 1515 1633 1560 σὲ
1677 1515 1725 1560 δὲ

229 1583 366 1642 μόνον
397 1585 576 1642 ἕτοιμον
605 1581 716 1630 εἶναι
746 1583 843 1644 χρή,
877 1584 987 1630 ἀλλὰ
1016 1587 1088 1631 καὶ
1113 1583 1233 1630 ἅπαν
1267 1583 1319 1630 τὸ
1349 1582 1600 1643 στράτευμα
1629 1588 1724 1629 θω-

230 1651 462 1715 ρήξασθαι,
499 1655 554 1698 ἵν’
588 1649 726 1707 εὐθὺς
771 1649 1043 1708 ἀνελθόντας
1077 1653 1191 1712 ὑμᾶς
1232 1652 1274 1699 οἶ
1323 1657 1514 1711 Τοῧρκοι
1554 1650 1780 1698 &wod-20

75 1729 116 1764 P.
143 1729 353 1785 319μενοι
383 1722 454 1766 καὶ
481 1720 532 1766 τι)
565 1720 761 1767 ἐνυάλιον
793 1718 1088 1780 ἀλαλάζοντας
1116 1723 1521 1781 ἐκδειματωθέντες
1551 1720 1615 1775 εἷς
1645 1738 1723 1780 φυ-

228 1790 305 1850 γὴν
320 1787 654 1838 οἷπονεύσειαν.”
687 1788 776 1848 εἶχε
795 1794 874 1850 μὲν
896 1787 973 1837 οὖν
998 1791 1021 1838 ὁ
1046 1796 1326 1850 Βαϊμοῢντος
1345 1789 1397 1837 τι)
1416 1788 1726 1847 σκοπούμενον

365 1932 398 1967 3.
429 1927 534 1971 ὀξέος
558 1931 630 1976 FC,
656 1929 766 1972 ὀξέως
792 1933 831 1970 P.
1087 1934 1121 1969 9.
1150 1928 1346 1980 ἐπαρήξειν
1367 1932 1412 1978 F,
1439 1927 1662 1980 ἔπαρῥήξειν
1686 1929 1725 1965 P.

366 1981 434 2063 ἓΞν
452 1976 631 2071 {erog}
650 1977 732 2065 trote
757 1982 796 2018 Ρ.
954 1983 1010 2018 18.
1041 1979 1084 2017 οὐ
1111 1982 1153 2018 σὲ
1179 1982 1222 2020 F.
1251 1978 1339 2017 οὐδὲ
1365 1980 1404 2017 P.
1568 1980 1627 2014 22.
1653 1978 1728 2026 μὲν

326 2163 359 2197 4.
409 2162 499 2199 Post
524 2163 615 2200 haec
641 2164 770 2201 Latini
797 2178 872 2202 una
896 2178 982 2202 cum
1009 2166 1180 2202 Romano
1199 2166 1368 2202 exercitu
1382 2163 1625 2201 Antiochiam
1643 2174 1726 2209 per-

229 2211 385 2265 yeniunt
411 2223 432 2245 a
457 2215 577 2257 parte,
603 2214 663 2249 cui
689 2226 710 2249 a
736 2215 878 2260 pernici
905 2227 1015 2251 cursu
1041 2227 1177 2251 nomen
1202 2218 1277 2261 est3
1323 2214 1638 2261 neglegentesque
1663 2212 1727 2248 ob·

231 2262 412 2295 lacentem
439 2261 630 2307 utrimque
655 2265 845 2309 regionem
891 2265 988 2300 vallo
1014 2276 1132 2310 prope
1156 2276 1284 2300 muros
1318 2263 1394 2299 fixo
1429 2262 1592 2298 sarcinas
1615 2261 1728 2307 depo·

231 2311 327 2343 nunt
353 2309 558 2363 urbemque
582 2322 649 2356 per
672 2314 750 2347 tres
775 2324 917 2348 menses
943 2313 1126 2349 obsident.
1178 2316 1218 2349 at
1244 2312 1389 2348 Turcae
1414 2311 1484 2347 hac
1508 2310 1728 2347 necessitate

231 2356 392 2401 perculs1
419 2361 554 2403 petunt
580 2371 601 2394 a
627 2360 773 2395 sultano
799 2360 1029 2405 Chorosanis,
1055 2365 1098 2397 ut
1124 2365 1181 2397 sat
1207 2361 1279 2397 sibi
1305 2360 1532 2397 auxiliorum
1558 2359 1729 2394 mitteret

232 2416 316 2439 cum
351 2405 399 2440 ad
427 2406 584 2442 tuendos
610 2408 909 2451 Autiochieuses.
951 2414 1031 2446 tum
1071 2410 1118 2446 ad
1151 2410 1243 2446 foris
1281 2412 1544 2456 oppugnantes
1569 2407 1727 2444 Latinos

233 2453 433 2498 pellendos.
485 2458 566 2490 erat
591 2457 690 2492 inter
714 2458 881 2494 obsessos
907 2459 1106 2494 Armenius
1132 2459 1296 2505 quidam,
1318 2459 1384 2505 qui
1410 2470 1490 2494 eam
1520 2457 1620 2492 muri
1644 2467 1728 2502 par-

232 2506 309 2537 tem
335 2502 580 2549 custodiebat,
608 2518 719 2551 quam
746 2518 965 2553 oppugnare
987 2507 1202 2544 Boemundo
1230 2508 1443 2544 obvenerat.
1494 2506 1596 2542 hunc
1621 2515 1730 2550 saepe

233 2550 278 2585 de
304 2562 412 2586 muro
438 2551 715 2599 despectantem
753 2556 808 2590 ita
834 2556 1069 2592 Boemundus
1107 2556 1331 2592 deliniverat
1366 2559 1499 2602 totque
1535 2553 1730 2601 promissis

233 2602 493 2644 temptaverat,
537 2605 580 2637 ut
617 2603 749 2638 urbem
786 2616 823 2640 se
865 2606 899 2640 ei
932 2606 1177 2651 proditurum
1220 2606 1475 2650 promitteret.
1543 2603 1607 2638 ille
1640 2613 1729 2639 vero

234 2647 597 2703 “Quandocumque'’
622 2652 747 2698 inquit
773 2652 907 2698 “voles,
934 2654 966 2689 si
991 2655 1139 2700 signum
1166 2654 1261 2689 mihi
1289 2653 1448 2699 dederis,
1474 2652 1604 2688 statim
1634 2651 1730 2686 hanc

233 2695 307 2731 tibi
332 2699 475 2732 turrem
502 2699 668 2745 tradam3
702 2701 814 2737 modo
848 2705 930 2737 tum
962 2706 1000 2738 et
1032 2703 1112 2748 ipse
1147 2704 1196 2738 sis
1230 2705 1385 2749 paratus
1419 2706 1457 2738 et
1494 2701 1621 2747 copias
1645 2702 1730 2735 tuas

234 2756 361 2780 omnes
394 2746 587 2791 expeditas
624 2749 804 2795 scalisque
842 2751 1045 2786 instructas
1083 2752 1230 2787 habeas.
1293 2763 1360 2787 nec
1393 2750 1513 2786 solum
1549 2753 1587 2785 te
1622 2760 1730 2795 para-

234 2796 316 2828 tum
341 2805 429 2839 esse,
468 2795 531 2830 sed
558 2800 681 2832 totum
710 2810 856 2844 quoque
892 2800 1098 2835 exercitum
1139 2800 1295 2842 armari.
1313 2799 1477 2846 expedit,
1516 2800 1559 2833 ut
1587 2797 1731 2833 Turcae

234 2853 386 2877 murum
412 2854 475 2879 vos
501 2845 707 2881 ascendisse
733 2847 939 2892 conspicati
972 2848 1208 2894 clamoreque
1231 2848 1428 2895 perterriti
1453 2846 1581 2883 statim
1607 2846 1649 2882 in
1674 2845 1730 2881 fu·

233 2902 319 2939 gam
346 2894 496 2929 vertant
508 2894 588 2927 ur.’⁷
616 2906 711 2940 quae
736 2899 988 2933 convenerant
1015 2897 1091 2934 auo
1108 2897 1347 2935 Boemundus
1360 2896 1556 2945 premebat
1569 2895 1731 2931 silentio.
1765 2908 1780 2926 ’τ
