1768 3152
204 247 259 296 28
722 255 888 294 ANNAE
917 255 1185 294 coMNENAE

202 376 420 435 γεγονέναι
453 372 504 419 τὸ
536 376 684 429 τεῖχος
712 373 785 416 καὶ
814 367 1120 430 ἆπρόσμαχον,
1154 372 1259 424 τούς
1279 369 1499 429 σύροντας
1514 370 1702 417 ἕκαστον

202 447 293 490 τῶν
322 444 480 496 λίθων,
525 439 567 487 εἶ
608 440 760 497 ἔτυχεν
800 436 912 486 εἶναι
956 438 1232 499 πεντήκοντα
1275 437 1301 500 ἢ
1331 438 1487 486 ἑκατὸν
1525 435 1701 498 ἄνδρας,

203 514 408 572 δαψιλῶς
438 507 903 571 ἐπιφιλοτιμούιιενος.
947 508 1156 553 ἐντεῦθεν
1186 509 1235 553 δὲ
1265 510 1317 553 οὐ
1348 511 1439 554 τῶν
1466 506 1701 565 τυχόντων,

204 578 315 627 αλλὰ
345 582 420 625 καὶ
449 575 724 638 στρατιώτης
742 575 862 630 ἅπας
886 578 959 621 καὶ
980 574 1202 635 ὑπηρέτης
1221 571 1467 632 αυτόχθων
1485 594 1534 621 τε
1561 577 1635 621 καὶ
1658 577 1707 631 ἐξ

205 650 463 708 ἀλλοδαπῆς
494 645 755 705 ὁρμώμενος
785 643 901 703 πρὸς
930 663 1008 704 την
1028 648 1119 689 τῶν
1148 642 1366 690 τοιούτων
1395 646 1541 690 λίθων
1573 642 1740 703 ὁλκὴνῐ)

207 719 428 777 ἐκεκίνητο
461 717 670 775 δαψιλεῖς
701 713 892 772 ὁρῶντες
920 731 1025 767 τους
1044 711 1243 771 μισθους
1272 731 1345 758 και
1377 709 1511 759 αὖτόν
1530 731 1610 758 τον
1629 708 1702 758 αὗ-

205 784 453 846 τοκράτορα
497 782 709 870 καθάπερ
752 779 871 828 ἆθλο
876 784 1014 841 9έτην
1061 780 1160 827 τινὰ
1205 780 1512 843 ἐφιστάμενον.
1578 781 1704 840 τέχνη

205 854 285 914 γὰρ
317 847 372 913 ἦν
401 856 472 899 καὶ
502 871 651 907 τουτο,
685 854 758 896 ι’να
786 853 967 897 πολλων
998 848 1278 910 συρρεόντων
1308 856 1415 932 ῥᾷον
1435 870 1460 935 η
1480 849 1586 910 ὁλκὴ
1616 854 1706 895 τῶν

163 925 515 982 Βπαμμεγέθων
548 923 727 967 ἐκείνων
756 922 902 966 λίθων
931 921 1111 979 γίνοιτο.
1173 918 1316 974 ου’τως
1351 939 1403 979 ην
1434 920 1602 973 ἐκεῖνος
1632 921 1704 964 καὶ

207 993 444 1051 ἐπινοῆσαι
469 989 732 1048 βαθύτατος
762 991 837 1034 καὶ
862 991 1140 1046 καταπρᾶξαι
1170 986 1595 1047 μεγαλουργότατος.
1650 1006 1704 1032 τα
1721 999 1766 1034 10

204 1062 285 1119 μὲν
331 1053 408 1107 οὖν
444 1058 555 1105 κατὰ
593 1058 672 1104 τὸν
715 1054 1021 1117 αὐτοκράτορα
1063 1059 1190 1117 μέχρι
1227 1061 1306 1119 τῆς
1341 1078 1365 1104 *
1399 1056 1705 1119 ἐπινεμήσεως

205 1134 286 1175 τοῦ
330 1148 353 1174 *
391 1149 414 1175 *
460 1128 589 1182 ἔτους
632 1127 743 1172 κατὰ
787 1126 866 1172 τὸν
906 1127 1136 1186 εἰρημένον
1190 1125 1363 1185 τρόπον
1414 1128 1704 1185 προβέβηκεν.

207 1194 336 1243 οὔπω
367 1197 416 1243 δὲ
444 1196 603 1255 μικρὸν
634 1194 790 1241 ἑαυτὸν
819 1193 1078 1249 ἀναπαύσας
1113 1195 1494 1254 λογοποιουμένην
1525 1191 1706 1254 ἠκηκόει

206 1262 407 1323 απείρων
450 1269 706 1325 Φραγγικιῦν
749 1262 1093 1323 στρατευμάτων
1129 1265 1372 1310 ἑπέλευσιν
1436 1264 1596 1309 ἐδεδίει
1625 1265 1706 1321 μὲν

206 1328 284 1380 οὖν
316 1333 395 1394 τὴν
422 1333 594 1380 τούτων
626 1334 795 1394 ἔφοδον
815 1334 1032 1392 γνωρίσας
1051 1329 1199 1378 αὐτῶν
1224 1331 1276 1378 τὸ
1307 1329 1608 1389 ακατάσχετον
1627 1335 1705 1394 τῆς
1721 1344 1764 1378 15

207 1402 367 1466 ὄρμης,
409 1401 461 1449 τὸ
495 1410 572 1464 τῆς
616 1401 790 1461 γνώμης
834 1420 1027 1448 αστατον
1073 1404 1146 1446 καὶ
1194 1398 1417 1461 εὗάγωγον
1457 1419 1531 1447 και
1567 1396 1705 1446 ταλλα

206 1471 358 1519 οπόσα
388 1491 414 1531 η
445 1476 534 1517 τῶν
566 1474 751 1516 Κελτῶν
781 1471 916 1532 φύσις
945 1469 1008 1525 ὦς
1053 1469 1145 1516 ι’δια
1192 1469 1219 1530 ἢ
1260 1467 1705 1532 παρακολουθήματά

166 1554 302 1591 Οτινα
332 1541 421 1598 ἔχει
451 1542 524 1586 διὰ
554 1539 723 1594 παντὸς
768 1542 841 1585 καὶ
883 1538 1013 1594 ὅπως
1042 1541 1118 1585 ἐπὶ
1147 1538 1336 1599 χρήμασι
1375 1538 1607 1599 κεχηνότες
1635 1534 1706 1584 ἀεὶ

144 1649 146 1651 ,
207 1610 282 1657 διὰ
310 1610 390 1672 τὴν
421 1614 639 1667 τυχοῦσαν
666 1610 811 1656 αἰτίαν
840 1608 919 1663 τὰς
955 1613 1085 1670 σφῶν
1123 1607 1351 1668 συνθήκας
1379 1605 1575 1662 εὐκόλως
1604 1605 1703 1653 α’να-

206 1682 448 1740 τρέποντες
488 1681 736 1740 φαίνονται.
810 1675 900 1734 εἶχε
949 1679 1028 1737 γὰρ
1078 1674 1149 1723 ἀεὶ
1190 1680 1325 1724 τοῦτο
1371 1674 1591 1739 ᾀδόμενον
1632 1678 1767 1724 nabeo

346 1811 376 1844 1.
403 1811 583 1864 γενέσ9αι
614 1807 687 1843 CG.
792 1809 826 1843 2.
859 1809 892 1841 εἰ
917 1806 988 1850 FC,
1017 1819 1089 1843 om
1114 1807 1153 1843 P.
1264 1809 1295 1842 3.
1324 1802 1645 1854 φιλοτιμούμενον
1661 1806 1705 1842 G.

342 1859 375 1893 7.
404 1853 663 1905 ἒᾳιστιίιιενον
690 1855 761 1901 Ic,
788 1851 1044 1912 ἑπιστιιμενον
1067 1855 1107 1890 P.
1278 1857 1311 1890 9.
1337 1857 1455 1891 λίθων
1482 1857 1635 1891 ἐκείνων
1661 1855 1703 1891 G.

341 1910 483 1952 γινοιτο
511 1906 583 1962 FC,
609 1908 755 1951 γείοιτο
781 1905 822 1941 Ρ.
922 1905 969 1949 ἠν
994 1904 1035 1948 F,
1062 1899 1129 1939 οὖν
1147 1904 1191 1941 Ρ.
1335 1907 1388 1940 10.
1416 1900 1606 1949 firm-huam
1633 1904 1704 1940 CG.

341 1951 579 2002 μεγαλοι·ργ’
559 1967 671 1989 orara
698 1953 770 1988 CG.
962 1955 1016 1988 11.
1042 1953 1105 1997 τῆς
1224 1952 1267 1989 F.
1389 1954 1454 1988 τοῦ
1634 1953 1704 1988 .F.

343 2005 408 2038 τοῦ
504 2005 557 2039 C.:
575 2003 690 2038 etiam
703 2002 746 2037 G.
762 2001 930 2037 hocloco
947 2002 1119 2038 lacunam
1137 2002 1320 2048 agnoscit.
1336 2001 1382 2038 cf.
1397 2002 1566 2048 Ducang.
1574 2002 1622 2037 ad
1636 2002 1703 2037 h.1.

345 2054 401 2087 12.
427 2048 546 2088 τόπον
570 2052 612 2088 G.
724 2053 778 2086 13.
804 2047 1126 2098 λογοποιούμενον
1153 2051 1196 2086 G.
1299 2052 1352 2086 18.
1380 2051 1443 2085 ἐπὶ
1465 2049 1637 2098 χρήμασι
1660 2051 1702 2094 F,

347 2098 610 2148 ἐπιχειρήμασι
638 2100 678 2136 Ρ.

207 2211 371 2259 gnabilis
395 2210 520 2255 fieret,
554 2211 753 2257 amplaque
778 2210 952 2246 mercede
977 2210 1025 2246 ad
1051 2222 1236 2257 quemque
1269 2210 1440 2257 lapidum
1465 2210 1706 2256 trahendum,

209 2262 288 2296 sive
315 2260 593 2307 quinquaginta
628 2259 707 2295 sive
738 2262 889 2296 centum
914 2260 987 2296 viri
1021 2263 1147 2306 eraut,
1173 2260 1418 2307 provocabat.
1481 2270 1596 2304 quare
1629 2271 1705 2294 non

208 2310 384 2355 vulgares
409 2308 678 2353 mercennarii,
716 2308 782 2344 sed
816 2309 956 2344 milites
990 2320 1119 2344 omnes
1152 2313 1192 2344 et
1222 2309 1460 2355 apparitores
1493 2320 1578 2344 cum
1609 2308 1706 2343 indi-

210 2369 327 2404 genae
352 2361 435 2393 tum
459 2357 609 2393 aliunde
636 2357 761 2393 allecti
787 2357 835 2393 ad
865 2360 993 2393 tantos
1026 2357 1171 2403 lapides
1200 2357 1407 2394 trahendos
1435 2357 1706 2402 incitabantur,

209 2418 296 2442 cum
322 2409 360 2441 et
383 2406 547 2452 amplam
575 2405 786 2441 mercedem
811 2408 850 2441 et
871 2407 995 2452 ipsum
1027 2406 1297 2452 imperatorem
1324 2407 1427 2442 velut
1449 2405 1705 2451 praemiorum

209 2455 398 2491 arbitrum
424 2455 613 2500 viderent;
654 2454 768 2500 idque
809 2466 897 2490 sane
934 2454 1139 2491 artificium
1164 2455 1258 2502 fuit,
1296 2466 1371 2501 quo
1400 2454 1550 2490 facilius
1575 2455 1706 2490 multis

209 2504 493 2540 accurrentibus
526 2504 659 2549 ingens
699 2502 869 2548 lapidum
899 2503 1016 2539 moles
1049 2504 1278 2540 traheretur.
1337 2502 1535 2549 sicigitur
1569 2503 1632 2538 ille
1658 2503 1706 2538 ad

208 2552 494 2588 deliberandum
520 2552 816 2596 sollertissimus,
854 2552 902 2587 ad
927 2552 1115 2598 agendum
1141 2552 1423 2589 efficacissimus
1449 2555 1542 2588 erat.
1591 2554 1706 2598 atque

208 2600 310 2637 hunc
335 2601 375 2636 in
399 2601 553 2637 modum
580 2612 698 2646 usque
724 2600 772 2635 ad
797 2600 1045 2636 indictionem
1065 2617 1082 2633 *
1104 2603 1194 2637 anni
1213 2615 1255 2636 *ιιι
1273 2613 1334 2637 res
1359 2601 1407 2636 ab
1423 2601 1557 2636 Alexio
1574 2605 1705 2647 gestae

209 2651 309 2685 sunt.
357 2650 516 2685 necdum
541 2649 631 2684 inde
657 2652 848 2684 recreatus
865 2650 1084 2686 innumeros
1103 2650 1337 2686 Francorum
1359 2650 1547 2685 exercitus
1569 2661 1704 2695 appro-

207 2698 395 2744 pinquare
417 2698 520 2734 fama.
545 2698 713 2742 audivit3
736 2709 895 2744 quorum
922 2698 1175 2734 incursionem
1202 2699 1376 2743 timebat,
1402 2710 1488 2734 cum
1512 2703 1642 2734 nosset
1667 2701 1705 2733 et

208 2746 558 2783 vehementissimos
584 2758 714 2782 eorum
739 2747 904 2792 impetus
932 2750 971 2782 et
997 2747 1220 2783 facilitatem
1246 2749 1287 2784 in
1313 2747 1496 2783 mutanda
1519 2747 1706 2782 sententia

209 2798 248 2830 et
265 2794 514 2831 mobilitatem
534 2798 572 2830 et
589 2800 728 2838 cetera,
757 2806 850 2840 quae
868 2795 1062 2831 Gallorum
1080 2799 1238 2832 naturae
1256 2799 1447 2842 tamquam
1465 2796 1622 2842 propria
1638 2798 1705 2830 aut

209 2846 455 2880 consectanea
477 2844 658 2889 quaedam
675 2844 817 2888 ubique
836 2844 1044 2887 inhaerent,
1069 2856 1206 2892 eosque
1231 2845 1376 2882 divitiis
1399 2845 1588 2881 inhiantes
1614 2855 1706 2880 sem-

209 2903 279 2940 per
306 2892 436 2938 quavis
451 2903 563 2928 causa
580 2892 709 2928 oblata
722 2892 874 2928 foedera
891 2892 1001 2929 facile
1019 2905 1205 2940 rumpere.
1244 2906 1394 2941 semper
1408 2894 1508 2930 enim
1524 2893 1564 2930 in
1580 2895 1706 2930 mente
