1734 3120
523 214 787 251 ALEXIADIS
815 218 909 252 LIB-
937 220 1017 255 XV.
1047 218 1085 256 2.
1457 219 1538 262 313

54 334 202 389 παρῆν
226 333 292 389 τῷ
319 327 611 388 αὖτοκράτορι
661 333 871 378 δειλιιῦσα
898 335 979 390 μὲν
1023 334 1085 390 ὦς
1128 337 1257 394 εἰκός,
1305 339 1538 402 ἐξεχομένη

53 401 103 444 δὲ
131 397 255 457 ὅμως
279 403 359 457 τῆς
387 401 555 446 ἐκείνου
583 400 768 461 γνώμης.
816 404 928 449 ἐπὰν
955 406 1005 451 δὲ
1033 405 1151 463 πρὸς
1178 402 1359 464 ἶὶριστον
1387 408 1428 455 οἱ
1458 410 1581 467 ,θα-Β

54 470 192 522 σιλεῖς
221 469 464 527 ἐπείγοντο,
495 469 647 528 ἕτερος
673 469 920 532 ᾑμαγμένος
952 474 1211 531 καταλαβών
1238 480 1540 534 προσουδίσας

53 541 151 591 τοῖς
178 539 291 584 ποσὶ
317 541 398 584 τοῦ
425 533 752 595 οὗτοκράτορος
779 539 936 585 ἑαυτὸν
969 541 1082 600 ὑπὲρ
1113 547 1310 604 κεφαλῆς
1344 547 1422 590 τόν
1450 549 1539 591 κίν-

18 607 184 650 ,samm
211 608 427 652 ἵστασθαι
458 604 695 662 ἐπώμνυτο
721 612 812 653 τῶν
829 609 1064 666 βαρβάρων
1083 607 1164 672 ἤδη
1185 613 1538 671 ἐπικαταλαμβα-

53 672 231 720 νόντων.
270 672 296 720 ὁ
324 675 373 719 δέ
387 671 672 733 αὖτοκράτωρ
689 674 825 731 εὖθῠς
846 677 925 738 τὴν
944 678 1061 735 πρὸς
1077 680 1129 723 τό
1148 679 1386 738 Βυζάντιον
1402 681 1535 727 ἐπάν-

53 745 159 788 οδον
184 740 263 804 τήν
278 740 680 800 αὗτοκρατόρισσαν
696 746 957 806 ἐπέτρεψεν.
993 746 1019 805 ἦ
1041 750 1089 793 δὲ
1105 755 1363 808 managam
1388 752 1433 795 ἐν
1456 770 1539 808 μυ-

50 816 148 867 χοῖς
162 813 344 869 καρδίας
359 810 484 869 ὅμως
498 809 587 868 εἶχε
598 812 678 857 τὸν
692 811 839 874 φόβον
850 816 922 860 καὶ
940 811 1042 861 οἷῖτε
1057 815 1204 875 λόγοις
1226 813 1326 863 aifre
1347 818 1533 880 σχήμασι

51 884 210 925 τοῦτον
237 881 474 940 ἐνέφαινεν.
523 877 702 939 ἅνδρεία
729 881 809 941 γὰρ
831 885 903 928 καὶ
923 883 1139 942 στάσιμος
1165 880 1276 932 οὖσα
1301 887 1380 946 τὴν
1399 890 1538 948 φρένα

0 958 39 993 10
50 947 260 1006 καθάπερ
280 948 310 1008 ἦ
345 952 467 1006 παρὰ
493 954 575 995 τοῦ
595 953 887 1007 Σολομῶντος
921 953 967 997 ἐν
998 955 1259 1011 παροιμίαις
1293 957 1537 1016 ὗμνουμένη

51 1017 191 1076 ἐκείνη
225 1016 328 1077 γυνὴ
359 1014 413 1063 οὔ
441 1020 705 1077 γυναικῶδές
734 1037 778 1064 τι
808 1021 1053 1077 ἐνεδείξατο
1087 1024 1158 1067 καὶ
1186 1018 1383 1080 ἀθαρσὲς
1403 1017 1533 1083 ἦθος,

50 1080 128 1129 οἷα
146 1083 202 1130 τὰ
221 1084 368 1131 πολλὰ
386 1085 465 1141 τὰς
483 1091 687 1146 γυναῖκας
706 1086 882 1145 ὁρῶμεν
903 1088 1169 1145 πασχούσας,
1193 1090 1374 1137 ἐπειδάν
1390 1111 1432 1138 τι
1453 1111 1539 1153 φο·
1552 1098 1579 1134 C

48 1152 183 1210 βερὸν
210 1151 463 1201 α’κούσωσι·
506 1158 579 1201 καὶ
609 1152 717 1202 αὐτὰ
756 1155 810 1202 τὰ
841 1161 996 1214 χρῶμα
1027 1164 1259 1217 κατηγορεῖ
1286 1164 1364 1219 τῆς
1395 1165 1539 1220 ψυχῆς

48 1220 128 1281 τὴν
155 1223 330 1276 δειλίαν,
358 1225 431 1268 καὶ
459 1222 663 1279 συχνάκις
689 1220 990 1271 ἀνακωκύουσι
1021 1226 1178 1284 γοερὸν
1207 1226 1362 1285 ὥσπερ
1387 1230 1434 1274 ἐκ
1458 1233 1538 1274 τοῦ

0 1300 37 1335 [5
49 1289 206 1345 σχεδόν
242 1287 397 1345 αὐταῖς
423 1295 514 1336 τῶν
545 1294 703 1338 δεινῶν
731 1292 1054 1353 ἐφεστηκότων.
1112 1290 1207 1340 ἀλλ’
1238 1294 1266 1355 ἤ
1294 1315 1339 1354 γε
1366 1298 1539 1352 βασιλὶς

51 1359 204 1418 ἐκείνη,
235 1357 316 1404 κᾶν
343 1361 568 1414 ἐδεδοίκει,
597 1363 704 1418 περὶ
732 1365 798 1421 τῷ
829 1359 1123 1420 αι’τοκρὰτορι
1145 1363 1371 1418 ἐδεδοίκει,
1403 1363 1462 1424 μή
1493 1384 1537 1410 τι

49 1425 181 1487 πάθῃ
221 1423 416 1474 &conm-
465 1430 682 1486 δευτέρως
717 1431 766 1475 δὲ
803 1432 909 1487 περὶ
950 1430 1107 1486 ἑαυτῆς
1146 1431 1416 1493 ἐπεφόβητο.
1484 1431 1538 1479 οὔ

47 1496 196 1540 τοίνυν
224 1497 365 1554 ἐκείνη
391 1501 487 1541 κατ’
518 1498 659 1543 ἐκεῖνο
692 1506 847 1555 καιροῦ
875 1495 1052 1556 ἀνάξιόν
1081 1518 1121 1545 τι
1150 1505 1229 1561 τῆς
1257 1500 1414 1546 ἑαυτοῦ
1443 1519 1538 1559 γεν-

52 1561 280 1622 ναιότητος
310 1563 575 1619 ἐπεπόνθει,
607 1567 701 1611 ἀλλ’
732 1568 964 1624 ἐχωρίζετο
993 1569 1075 1625 μὲν
1103 1573 1182 1614 τοῦ
1210 1565 1536 1627 αὖτοκράτορος

0 1627 216 1678 Ξοῖίκουσα
241 1635 314 1679 καὶ
345 1633 490 1679 πυκνὰ
516 1638 900 1695 περιστρεφομένη
933 1636 1050 1694 πρὸς
1092 1638 1260 1682 ἐκεῖνον
1297 1640 1370 1683 καὶ
1408 1637 1536 1694 θαμὰ

48 1702 409 1758 προσβλέπουσα,
453 1701 576 1759 ὅμως
617 1705 766 1760 μέντοι
820 1707 1077 1751 σι·ντει’νασα
1121 1705 1278 1766 ἑαυτὴν
1320 1709 1391 1752 καὶ
1437 1703 1536 1752 οἷον

47 1767 280 1816 τονώσασα
308 1768 437 1829 μόγις
473 1768 703 1832 ἀπηλλάγη
744 1777 826 1818 τοῦ
863 1776 1092 1830 βασιλέως.
1161 1771 1372 1821 κάκεῖθεν
1405 1777 1582 1821 κατα-Ι)

181 1917 215 1949 5.
240 1910 440 1961 ἓπῶμνητο
463 1915 509 1962 C;
533 1928 630 1953 eorr.
659 1930 707 1953 m.
724 1919 758 1954 2.
848 1917 1274 1965 ἓπικιιταλαμβανόντων
1288 1919 1325 1962 C,
1351 1922 1535 1967 καταλαμ-

181 1960 371 2006 βανόντων
381 1963 422 1999 P.
565 1967 616 2000 10.
643 1965 665 2009 ἡ
691 1965 795 2012 παρὰ
819 1968 884 2002 τοῦ
907 1968 1058 2014 scripsi:
1084 1967 1106 2010 ἡ
1132 1966 1281 2014 παρὰΡ,
1310 1970 1394 2013 περὶ
1419 1968 1483 2003 τοῦ
1495 1969 1535 2004 C.

186 2013 242 2047 11.
267 2012 451 2052 ἐνδείξαιτο
466 2013 507 2056 Ρ,
533 2015 691 2050 correxi.
795 2017 848 2052 12.
876 2015 1075 2051 ἔπειδὰνιε
1092 2017 1130 2053 C.
1232 2017 1296 2053 .15.
1321 2015 1534 2062 βασιλὴςο;

182 2071 278 2096 eorr.
292 2073 340 2096 m.
356 2063 390 2096 2.
531 2064 585 2097 17.
610 2059 727 2098 πάθοι
744 2063 789 2108 C;
814 2076 911 2100 corr.
926 2077 974 2100 m.
990 2066 1022 2100 2.
1126 2060 1338 2100 ‚statanor
1350 2065 1390 2101 C.

47 2201 221 2244 peratore
245 2199 360 2234 etiam
384 2203 465 2235 tum
500 2201 724 2247 imperatrix
747 2206 786 2238 et
815 2203 902 2239 lieet
940 2215 1077 2249 pavens
1117 2203 1217 2238 illius
1256 2202 1456 2238 arbitrium
1482 2213 1536 2238 se·

47 2247 255 2292 quebatur3
280 2259 439 2294 eumque
464 2251 640 2295 pransuri
665 2255 798 2293 essent,
841 2252 938 2287 alius
963 2263 1099 2287 eruore
1126 2251 1297 2286 madidus
1336 2251 1382 2286 ad
1419 2251 1533 2296 impe-

47 2296 186 2331 ratoris
226 2295 339 2341 pedes
380 2298 630 2343 procumbens
670 2300 878 2345 perieulum
928 2300 1123 2335 imminere
1165 2301 1309 2334 iuratus
1351 2297 1534 2342 affirmat3

45 2344 228 2379 barbaros
252 2345 353 2380 enim
378 2346 530 2381 iamiam
549 2348 817 2393 supervenisse.
860 2352 942 2383 tum
958 2349 1086 2383 statim
1103 2349 1307 2393 imperator
1322 2346 1533 2393 Augustam

46 2391 268 2438 Byzantium
289 2394 404 2438 misit,
429 2407 524 2440 quae
549 2397 718 2442 quamvis
742 2400 937 2441 metueret,
956 2400 1080 2432 tamen
1106 2396 1241 2431 intimo
1257 2398 1408 2440 pectore
1424 2396 1534 2431 timo-

45 2452 126 2476 rem
150 2441 341 2476 continuit
364 2453 524 2489 eumque
539 2456 608 2480 nee
625 2457 715 2480 voce
731 2457 800 2480 nec
815 2449 924 2490 gestu
950 2444 1125 2480 ostendit.
1163 2443 1271 2479 fortis
1296 2444 1395 2478 enim
1419 2447 1533 2489 atque

45 2489 251 2524 constantis
274 2490 403 2534 animi,
427 2495 471 2526 ut
497 2491 561 2528 illa
583 2493 623 2528 in
651 2492 859 2528 Solomonis
884 2494 1093 2539 proverbiis
1115 2492 1266 2527 laudata
1282 2491 1432 2531 femina,
1457 2491 1533 2528 fuit

45 2549 115 2573 nee
146 2537 351 2584 quidquam
383 2539 565 2576 muliebre
604 2541 826 2577 timidumve
851 2553 941 2586 prae
973 2553 1012 2576 se
1035 2540 1136 2584 tulit,
1162 2544 1205 2575 ut
1229 2540 1429 2585 pleraeque
1451 2552 1532 2576 mu-

44 2586 155 2621 lieroe
191 2585 240 2621 de
275 2587 444 2632 periculo
472 2588 682 2627 audientes:
719 2601 875 2634 quarum
916 2589 1029 2625 facies
1065 2590 1147 2634 ipsa
1183 2588 1373 2623 insimulat
1413 2588 1529 2624 animi

44 2634 231 2678 timorem,
267 2640 496 2682 gemuntque
528 2649 636 2684 saepe
661 2637 849 2680 flebiliter,
885 2649 928 2673 ac
965 2639 995 2672 si
1033 2649 1150 2683 prope
1187 2636 1352 2682 pericula
1390 2637 1528 2672 adsint.

45 2682 109 2717 sed
145 2682 379 2728 imperatrix,
417 2696 503 2720 eum
541 2687 743 2729 metuebat,
782 2686 1004 2731 imperatori
1041 2685 1242 2727 metuebat,
1280 2695 1327 2719 ne
1365 2684 1457 2730 quid
1496 2685 1531 2720 ei

46 2730 248 2776 accideret3
285 2732 446 2768 seeundo
482 2733 565 2770 loeo
590 2738 628 2770 et
653 2734 726 2779 ipsi
753 2734 824 2770 sibi
849 2734 1017 2769 timebat.
1060 2745 1128 2768 nec
1162 2736 1288 2768 tamen
1326 2733 1531 2778 quidquam

48 2782 138 2815 tune
162 2791 229 2814 sua
251 2780 394 2816 virtute
416 2781 615 2828 indignum
641 2794 747 2828 passa
783 2786 876 2825 erat,
902 2781 965 2817 sed
999 2782 1119 2816 invita
1151 2781 1199 2816 ab
1223 2781 1449 2826 imperatore
1475 2793 1531 2816 re-

46 2827 158 2863 eessit
180 2839 291 2874 saepe
312 2840 352 2864 se
374 2832 477 2865 retro
501 2834 651 2867 vertens
676 2831 855 2876 illumque
877 2841 987 2876 saepe
1011 2829 1232 2875 respiciens3
1258 2831 1424 2865 attamen
1446 2841 1531 2864 cum

48 2876 128 2922 ipsa
152 2887 191 2912 se
214 2879 365 2923 cogeret
389 2876 694 2926 obfirmaretque,
718 2890 828 2925 aegre
864 2878 971 2914 abiit.
1036 2889 1078 2913 ac
1117 2879 1314 2925 postquam
1352 2877 1399 2912 ad
1433 2888 1533 2913 mare
