1768 3152
221 257 272 302 12
728 265 895 302 ANNAE
924 264 1192 301 coMNENAE

217 381 267 427 δὲ
308 377 645 443 εὖφημήσαντες
679 374 866 438 ἅσμενοι
908 377 1095 433 τούτους
1135 376 1419 434 ὑπεδέξαντο.
1480 374 1505 422 ὁ
1537 378 1586 423 δέ
1618 379 1714 421 Κα-

218 447 419 495 τακαλων
449 453 789 503 Κωνσταντῖνος
819 446 1028 502 ἐναύλους
1067 445 1147 500 τοὶς
1175 448 1254 492 τοῦ
1288 445 1506 503 βασιλέως
1534 443 1715 504 ὕποθη-

217 517 413 579 μοσίνας
444 517 557 575 ἔχων
587 516 815 576 Κομάνοις
846 515 1035 572 ἐντυχών
1071 514 1134 569 εἷς
1158 512 1390 574 προνομὴν
1412 514 1715 572 ἐξερχομένοις

219 588 293 632 καὶ
322 584 593 646 προσβαλών
637 586 902 644 θαρσαλέως
938 585 1125 642 ζωγρίαν
1162 579 1302 637 ευθῦς
1341 583 1388 628 ἐκ
1417 579 1590 627 τούτων
1620 576 1714 640 ἄγει

221 654 286 709 εἶς
312 653 470 701 ἑκατὸν
499 655 817 712 ποσουμένους.
877 656 1037 698 τοῦτον
1077 670 1102 696 ο
1139 649 1346 708 Ιὅάσιλευς
1384 648 1749 708 ὑποδεξάμενοςὸ

219 719 358 778 εὐθυς
387 725 450 784 τῷ
482 727 562 769 τοῦ
600 723 949 779 νωβελλισσίμου
989 724 1095 782 τιμᾷ
1129 717 1358 778 ἀξιώματι.
1417 717 1716 776 κατασχόντας

218 793 267 838 δέ
296 791 375 854 τὴν
405 790 574 851 Ιόλόην
605 789 710 844 τούς
735 788 973 847 Κομάνους
1001 786 1278 845 θεασάμενοι
1309 786 1351 833 οἳ
1382 790 1474 833 τῶν
1503 805 1715 846 παρακει-

218 862 363 919 μένων
393 858 572 905 πόλεων
604 858 806 914 ἔποικοι,
851 854 1152 915 Διαμπόλεώς
1199 874 1247 901 τε
1286 858 1360 902 καὶ
1393 860 1483 902 τῶν
1527 858 1713 911 λοιπῶν,

216 926 610 988 προσεληλυθότες
639 923 800 980 αὐτοὺς
830 921 1015 984 ἅσμενοι
1046 923 1316 981 ὑπεδέχοντο
1340 927 1414 970 καὶ
1443 926 1714 984 παρεδίδουν

216 996 295 1052 τὰς
325 995 481 1052 πόλεις
512 994 801 1057 ἐπευφήμουν
844 1013 892 1040 τε
933 994 1012 1039 τὸν
1050 992 1347 1053 ψευδώνυμον
1379 996 1602 1054 Διογένην.
1665 989 1715 1048 ὃς
1730 1005 1768 1041 10

65 1085 106 1122 p,
133 1086 204 1122 275
216 1065 330 1125 μετα
357 1065 408 1111 τὸ
443 1063 625 1111 πάντων
656 1063 870 1123 ἐγκρατής
902 1063 1111 1122 γενέσθαι
1143 1061 1476 1121 οἷναλαβόμενος
1514 1061 1635 1108 ἅπαν
1661 1061 1714 1109 τὸ

218 1135 474 1192 Κομανικὸν
504 1132 756 1192 στράτευμα
799 1130 1125 1190 καταλαμβάνει
1156 1131 1235 1194 τὴν
1261 1128 1492 1191 Ἀγχίαλον
1522 1128 1714 1178 ἀποπει-

218 1207 386 1262 ρᾶσθαι
415 1200 526 1259 τάχα
553 1199 827 1259 βουλόμενος
847 1195 936 1246 τῶν
950 1198 1116 1260 ταύτης
1147 1202 1317 1256 τειχῶν.
1379 1198 1403 1245 ὃ
1434 1201 1483 1246 δὲ
1508 1199 1716 1258 βασιλεύς

218 1270 342 1326 ἐντὸς
386 1268 446 1316 ὢν
492 1272 564 1316 καὶ
594 1268 764 1324 πολλὴν
806 1270 1040 1328 ἐμπειρίαν
1079 1271 1185 1328 περὶ
1227 1267 1282 1313 τὰ
1327 1267 1624 1327 στρατιωτικοὶ
1667 1270 1715 1315 ἐκ

218 1341 379 1399 νηπίου
409 1341 685 1398 κεκτημένος,
716 1340 817 1384 ἐπεὶ
846 1336 928 1397 τήν
957 1341 1038 1383 τοῦ
1075 1336 1222 1383 τόπου
1263 1339 1395 1384 θέσιν
1425 1339 1579 1397 διέγνω
1610 1336 1715 1392 τούς
1729 1350 1768 1387 15

218 1407 299 1465 μὲν
328 1405 568 1465 Κομάνους
610 1402 910 1464 ἀπείργουσαν
956 1409 1035 1467 τῆς
1075 1404 1236 1466 ὁρμῆς,
1289 1402 1500 1465 ὀχύρωμα
1543 1408 1592 1452 δὲ
1633 1410 1714 1452 τοῦ

217 1477 391 1532 τείχους
420 1468 567 1530 οὖσαν,
613 1473 772 1520 διελών
799 1473 879 1528 τὰς
909 1473 1114 1532 δυνάμεις
1158 1477 1231 1520 καὶ
1268 1474 1347 1529 τὰς
1376 1473 1520 1529 πύλας
1549 1471 1715 1520 ἀναπε-

217 1542 355 1598 τάσας
384 1552 465 1590 τοῦ
492 1542 685 1603 κάστρου
729 1542 905 1599 ἔξωθεν
950 1541 1111 1588 τούτου
1144 1563 1168 1589 >k
1198 1542 1526 1602 συνησπικότας
1563 1542 1715 1590 ἶλαδὸν

218 1615 470 1672 κατέστησε,
506 1614 613 1671 περὶ
654 1612 703 1657 δὲ
732 1610 784 1656 τὸ
811 1606 946 1669 ἄκρον
973 1616 1054 1671 τῆς·
1082 1615 1343 1671 Κομανικῆς
1370 1611 1662 1671 παρατάξεως
1691 1633 1715 1660 *

177 1679 531 1740 Βέγκεκραγότος
574 1681 738 1739 μέρους
777 1684 859 1740 τῆς
887 1679 1132 1739 Ῥωμαϊκῆς
1160 1678 1383 1742 φάλαγγος
1413 1701 1437 1728 >k
1467 1681 1713 1740 ἐτρέψαντο
1728 1694 1768 1731 20

356 1816 386 1850 1.
417 1816 548 1863 τοῦτον
573 1815 644 1852 CG.
745 1817 779 1851 2.
806 1812 986 1854 Κώνστας
1011 1815 1053 1851 G.
1163 1816 1195 1851 3.
1223 1811 1415 1863 Κομάνοις
1516 1815 1714 1863 ἐξερχομέ-

351 1876 429 1903 νοις
453 1866 606 1911 scripsi:
637 1860 883 1912 Κομάνους..
889 1865 1029 1911 ,ἔξεογ
1015 1866 1189 1911 νᾶοιιένους
1213 1863 1254 1899 P.
1372 1866 1407 1901 4.
1435 1865 1654 1911 θαρσαλέως
1671 1863 1713 1909 F,

352 1915 563 1960 θαρσαλέος
586 1913 626 1949 Ρ.
764 1914 796 1948 7.
821 1891 903 1959 τὴν]
929 1925 999 1948 τινι
1001 1878 1067 1948 AG.
1142 1908 1254 1957 ὀλόην
1279 1911 1322 1948 G.
1446 1914 1480 1948 8.
1506 1924 1543 1948 τε
1569 1924 1641 1949 om.
1669 1913 1711 1948 G.

1560 1973 1584 1997 ν

353 2011 386 2045 9.
413 2006 730 2056 προσεληλυθότες
755 2010 798 2045 δὲ
825 2010 867 2046 G.
933 2007 1064 2049 αὐτοὺς
1089 2009 1127 2056 C,
1153 2006 1267 2045 αὐτὸν
1290 2009 1330 2045 P.
1457 2011 1512 2046 14.
1540 2006 1644 2048 ἐκτὸς
1669 2009 1711 2045 G.

353 2059 554 2107 ἐμπειρίαν
580 2070 652 2095 om.
679 2059 721 2095 G.
884 2061 940 2094 15.
967 2062 1151 2104 νηπίοθεν
1178 2058 1250 2095 CG.
1410 2060 1466 2096 18.
1494 2054 1642 2098 τούτους
1668 2058 1710 2093 F.

350 2107 502 2143 lacunas
521 2108 583 2143 hic
599 2111 637 2144 et
654 2111 785 2154 postea
803 2107 961 2154 signavi.
1060 2109 1116 2143 19.
1137 2110 1340 2152 κατέστησε
1357 2108 1400 2154 F,
1428 2110 1655 2153 κατέστησεν
1671 2106 1709 2143 Ρ.

353 2156 397 2191 δὲ
423 2167 496 2192 om.
522 2156 566 2192 G.
712 2158 771 2192 20.
796 2159 913 2204 μέρος
938 2156 981 2192 G.

216 2265 288 2301 bus
314 2268 560 2310 exceperunt.
604 2268 686 2301 tum
704 2266 974 2302 Constantinus
990 2266 1164 2303 Catacalo
1189 2277 1334 2303 memor
1354 2266 1620 2303 mandatorum
1645 2266 1711 2303 im-

217 2313 403 2359 peratoris
422 2313 595 2349 Comanis
616 2314 839 2359 pabulatum
865 2315 1090 2351 exeuntibus
1117 2316 1286 2351 occurrit
1314 2315 1470 2352 fortiter
1483 2319 1712 2362 centumque

217 2362 372 2398 circiter
396 2374 442 2398 ex
479 2363 526 2398 iis
558 2363 676 2409 cepit3
721 2374 830 2408 quem
865 2364 995 2399 statim
1033 2363 1082 2398 ad
1118 2375 1156 2399 se
1193 2367 1368 2400 vocatum
1407 2365 1616 2412 imperator
1645 2376 1711 2400 no·

215 2411 445 2447 bilissimatu
479 2412 641 2447 ornavit.
697 2412 850 2447 interim
889 2411 1099 2458 Diampolis
1138 2415 1424 2458 ceterarumque
1463 2413 1712 2449 finitimarum

217 2459 370 2495 urbium
402 2459 567 2506 incolae,
608 2460 672 2495 ubi
708 2463 929 2506 occupatam
961 2472 983 2496 a
1009 2460 1182 2496 Comanis
1209 2461 1354 2497 Goloen
1379 2462 1570 2508 viderunt,
1608 2462 1711 2498 ultro

216 2510 458 2544 accesserunt
482 2508 648 2554 laetique
674 2519 737 2543 eos
763 2510 992 2555 excipientes
1017 2509 1133 2544 urbes
1154 2509 1392 2555 dediderunt,
1410 2511 1711 2557 pseudonymum

216 2556 423 2612 Diogenem
451 2557 664 2604 Augustum
690 2557 948 2593 acclamantes.
999 2559 1063 2603 qui
1088 2559 1172 2593 tota
1196 2559 1351 2614 regione
1383 2561 1528 2606 potitus
1552 2559 1710 2596 collecto

216 2605 394 2641 universo
420 2605 669 2642 Comanorum
697 2606 869 2642 exercitu
889 2605 1112 2642 Anchialum
1136 2608 1264 2653 pergit
1289 2607 1369 2643 eius
1396 2609 1502 2644 urbis
1520 2619 1712 2654 expugna-

215 2654 359 2689 tionem
392 2657 630 2700 experturus.
681 2654 889 2700 imperator
922 2666 1030 2702 vero,
1062 2655 1127 2700 qui
1156 2656 1195 2690 in
1222 2656 1287 2691 illa
1313 2658 1411 2702 erat,
1445 2668 1620 2704 magnam
1656 2657 1711 2693 rei

215 2702 374 2738 bellicae
400 2703 597 2738 scientiam
628 2714 650 2738 a
676 2715 794 2749 puero
829 2706 1006 2750 nanctus,
1046 2715 1131 2739 cum
1165 2704 1239 2740 loci
1272 2707 1412 2740 natura
1449 2705 1631 2742 Comanos
1663 2706 1711 2741 ab

216 2751 362 2796 impetu
403 2752 524 2787 arceri
563 2753 601 2787 et
638 2753 738 2787 muri
772 2751 993 2788 firmitatem
1030 2753 1162 2798 augeri
1194 2754 1445 2800 perspiceret,
1479 2754 1612 2791 divisis
1649 2765 1712 2790 co-

215 2799 288 2845 piis
313 2800 513 2846 portisque
539 2800 646 2836 urbis
677 2800 819 2846 apextis
851 2800 947 2836 foris
975 2817 991 2832 α
1018 2801 1282 2846 manipulatim
1314 2802 1353 2837 in
1387 2803 1468 2838 acie
1496 2803 1710 2848 collocavit,

216 2848 320 2884 circa
362 2859 454 2884 vero
493 2848 657 2885 frontem
702 2849 952 2885 comanorum
984 2849 1173 2885 exercitus
1204 2866 1221 2883 α
1263 2850 1491 2887 clamoribus
1528 2851 1712 2888 incitante
1766 2893 1768 2896 ¹

217 2900 326 2944 parte
363 2897 554 2934 Romanae
591 2897 790 2945 phalangis
818 2914 835 2930 α
867 2897 968 2934 susos
994 2909 1112 2945 usque
1143 2899 1190 2935 ad
1228 2899 1351 2946 ipsum
1386 2912 1490 2938 mare
1518 2901 1710 2947 persecuti
