1806 3132
507 255 561 290 m
587 254 875 290 Annxmnnn
901 257 1062 292 NOTAE
1435 253 1520 295 675

48 371 136 415 tere
175 369 372 425 potuerit,
417 382 547 426 eaque
591 370 855 425 tempestate
873 371 1130 415 simultatem
1176 385 1268 415 cum
1298 373 1387 427 ipso
1415 374 1525 419 Boe-

49 427 204 470 mundo
249 438 443 478 exercere,
486 426 588 470 adeo
618 428 667 470 ut
695 427 833 470 Alexii
865 429 1003 482 partes
1033 429 1288 482 amplexatus
1316 430 1442 473 fuerit
1470 431 1522 474 iis

46 484 92 526 in
120 483 240 527 bellis
269 482 540 533 Dalmatici83
585 484 830 538 praesertim
859 496 954 527 cum
984 485 1154 539 Rogerii
1185 485 1312 527 Ducis
1345 486 1523 541 Apuliae

47 539 253 584 vassallus
283 539 325 582 et
355 539 484 582 cliens
513 541 631 591 esset,
673 553 852 595 quocum
884 541 924 583 et
954 541 1194 584 Boemundo
1227 542 1277 584 ob
1306 543 1521 596 paternam

46 595 347 639 haereditatem
383 608 467 639 non
495 596 671 639 minima
701 596 981 639 intercedebat
1012 597 1301 649 controversia,
1333 598 1397 641 uti
1426 612 1523 643 nar-

47 654 144 696 rant
168 652 412 705 Malaterra,
433 652 674 696 Willelmus
704 652 829 707 Apul.
859 653 1251 705 Malmesburiensis,
1283 654 1436 697 Vitalis
1483 656 1524 698 et

48 709 136 752 alii.
204 708 324 762 Quod
352 721 450 752 vero
480 709 641 763 spectat
670 709 724 752 ad
752 709 923 752 nomina
953 710 1205 764 appellativa
1236 709 1390 753 Graeco
1412 724 1524 754 more

49 765 282 818 efformata,
320 777 441 808 nemo
469 765 640 820 ignorat
670 765 714 807 in
753 778 801 808 ea
826 766 977 808 Italiae
1006 767 1139 820 parte,
1171 779 1295 821 quam
1325 767 1523 822 Magnam

49 821 268 866 Graeciam
300 822 520 875 vocabant,
562 834 645 864 non
675 821 798 865 modo
825 822 919 875 ista,
963 822 1033 864 sed
1063 822 1190 865 etiam
1219 823 1297 865 hac
1324 823 1414 877 ipsa
1443 837 1525 878 qua

49 878 230 922 vivimus
272 878 423 931 aetate,
469 877 660 934 linguam
708 877 910 922 Graecam
957 880 1005 920 ut
1049 878 1274 933 plurimum
1330 879 1523 934 viguisse,

51 935 262 990 etiamque
286 934 410 978 hodie
437 935 601 990 vigere;
635 934 698 978 ita
727 935 776 977 ut
805 935 1001 990 pleraque
1030 935 1194 977 Ducum
1225 935 1416 990 Apuliae,
1448 935 1523 979 Co-

48 991 202 1034 mitum
246 991 288 1034 et
313 991 479 1047 Regum
517 990 685 1035 Siciliae
711 991 954 1045 Diplomata
990 1004 1036 1034 eo
1066 991 1264 1034 idiomate
1293 992 1524 1046 conscripta

45 1048 91 1090 in
115 1047 397 1091 Ecclesiarum
426 1048 469 1091 et
487 1047 838 1090 Monasteriorum
865 1047 1099 1091 Tabulariis
1133 1047 1286 1102 passim
1315 1048 1524 1102 reperian-

48 1106 132 1147 tur.
205 1104 394 1159 Denique
431 1105 715 1147 coniecturam
750 1104 935 1147 nostram
975 1117 1057 1146 non
1091 1104 1312 1146 minimum
1355 1103 1523 1147 firmant

45 1162 138 1204 tum
165 1156 426 1216 Ῥισκάρόου
456 1173 618 1212 110111611,
650 1173 732 1215 (1110
762 1160 945 1213 Ricardi,
977 1160 1042 1203 vel
1071 1160 1271 1203 Richardi
1301 1161 1523 1215 appellatio

46 1217 329 1329 ἓὲῗέἶωὲἒὲἷέθ
342 1217 570 1317 tssffmssttd
578 1212 1271 1317 v{{”“1‘11“⁵12‘31‘i1²31212¹¹tffffi‘iffffl’i
1293 1217 1359 1316 {31
1373 1216 1524 1316 §.eur

49 1307 377 1399 tur)’dignitas;
407 1330 509 1386 quin
541 1330 584 1373 et
609 1330 717 1373 forte
747 1329 882 1373 Codex
910 1330 1107 1372 Annaeus
1126 1286 1525 1384 Σινισκέλδου,Ρ6111

46 1386 329 1430 Σινισκαλλου
355 1386 568 1442 praetulit.
646 1386 726 1430 Sed
765 1399 927 1429 omnem
960 1386 1212 1440 scrupulum,
1253 1386 1327 1429 aut
1357 1385 1524 1428 dubita-

46 1444 203 1487 tionem
233 1443 385 1487 adimit
414 1443 552 1498 ipsum
581 1443 632 1486 de
666 1456 747 1498 quo
785 1443 945 1498 egimus
975 1443 1171 1496 Diploma
1200 1442 1328 1496 ipsius
1354 1441 1524 1484 Ricardi

46 1501 127 1543 An.
153 1510 325 1545 MOVIH.
351 1500 506 1543 ’111(1161.
528 1510 559 1543 1.
589 1512 718 1542 mens.
749 1499 885 1554 April.
931 1499 1039 1554 quod
1077 1499 1352 1541 subscribitur
1381 1511 1405 1541 a
1434 1497 1525 1540 Ba-

42 1556 140 1600 silio
184 1557 406 1612 Imperiali
446 1556 850 1611 Protonobilissimo,
899 1556 970 1611 qui
999 1556 1069 1598 ille
1105 1555 1215 1597 idem
1243 1556 1305 1597 est
1340 1555 1411 1609 qui
1442 1555 1521 1596 hoc

46 1614 223 1668 ipsomet
261 1626 370 1657 anno
413 1613 581 1664 foederi,
625 1613 735 1668 quod
770 1613 962 1656 Alexium
1007 1612 1115 1654 inter
1157 1612 1198 1654 et
1234 1610 1522 1654 Boemundum

46 1683 186 1713 mense
206 1669 439 1725 Septembri
467 1669 620 1712 Indict.
642 1671 680 1712 2.
711 1670 879 1712 ineunte
903 1669 1055 1711 initum
1086 1668 1160 1720 est,
1182 1667 1384 1718 interfuit,
1414 1667 1525 1709 tam-

46 1739 173 1782 quam
202 1727 384 1782 Legatus
415 1726 599 1769 Ricardi.
677 1726 766 1769 Nec
802 1726 864 1768 est
893 1725 1002 1780 quod
1033 1724 1124 1779 quis
1154 1724 1334 1778 opponat
1365 1721 1523 1766 Graeca

46 1783 218 1826 nomina
263 1784 305 1826 et
331 1783 561 1838 dignitates
592 1781 879 1835 Graecanicas,
924 1781 1071 1836 quibus
1107 1781 1215 1835 apud
1251 1780 1420 1822 Annam
1450 1779 1523 1822 do-

45 1840 202 1882 nantur
245 1839 416 1882 Ricardi
455 1839 624 1894 Legati,
668 1852 762 1882 cum
808 1851 855 1882 ea
896 1838 1141 1892 tempestate
1184 1837 1225 1879 et
1256 1835 1523 1890 Neapolitani

46 1896 184 1940 Duces
225 1896 268 1939 et
314 1896 478 1951 aliquot
514 1896 588 1939 alii
626 1895 806 1950 Apuliae
849 1895 1043 1937 Proceres
1077 1894 1370 1948 Imperatorem
1415 1890 1523 1934 Con-

45 1952 468 2007 stantinopolitanum
539 1953 588 1994 ut
630 1952 857 1995 Dominum
901 1952 1187 2005 agnoscerent,
1234 1948 1523 2003 praetereaque

50 2009 236 2064 Augusti
255 2008 480 2064 Byzantini
501 2008 547 2050 in
576 2008 778 2051 eiusmodi
799 2006 1028 2050 honorariis
1050 2004 1395 2060 appellationibus
1425 2015 1521 2045 con-

46 2065 237 2108 cedendis
280 2065 392 2109 haud
424 2065 539 2120 parci
565 2065 732 2116 fuerint,
776 2063 1017 2118 praesertim
1056 2075 1154 2116 erga
1181 2061 1323 2111 Italos,
1353 2059 1398 2101 in
1429 2058 1521 2112 qui-

45 2122 123 2165 bus
143 2121 224 2165 sibi
243 2121 515 2164 conciliandis
545 2122 588 2164 et
620 2121 666 2162 in
686 2133 780 2163 suas
801 2121 936 2174 partes
957 2117 1187 2161 alliciendis
1217 2128 1381 2171 operam
1402 2127 1518 2157 suam

46 2190 206 2232 semper
234 2178 505 2230 collocarunt,
535 2190 629 2220 cum
650 2176 951 2230 recuperandae
973 2174 1122 2217 Italiae
1151 2186 1262 2227 spem
1292 2183 1517 2225 numquam

47 2234 286 2277 abiecerint.
359 2232 619 2277 Memoratur
647 2233 823 2287 denique
852 2231 1055 2274 Ricardus
1082 2231 1160 2272 iste
1191 2227 1446 2272 Sencscallus
1475 2226 1518 2268 in

46 2290 286 2345 Diplomate
314 2290 367 2333 A.
389 2299 571 2334 Mcxxv.
615 2289 725 2344 apud
755 2288 979 2343 Ughellum
1017 2287 1132 2329 Tom.
1156 2286 1193 2327 7.
1223 2297 1316 2339 pag.
1342 2283 1434 2325 116.
1477 2283 1518 2324 et

44 2346 131 2390 alio
161 2346 214 2390 A.
243 2356 458 2392 mcxxxv.
490 2347 607 2390 Tom.
630 2347 668 2388 9.
697 2358 794 2400 pag.
816 2344 909 2388 205.

253 2515 319 2560 IN
351 2515 574 2559 LIBRUM
611 2513 727 2557 XIV.
768 2508 1073 2555 ALEXIADIS
1104 2506 1307 2551 NOTAE.

184 2631 508 2672 XPHMATA
527 2623 673 2683 λαβὼν
694 2621 839 2682 ἱκανά]
862 2623 1058 2667 Albertus
1078 2622 1158 2675 Aq.
1179 2620 1250 2662 lib.
1270 2619 1334 2661 10.
1355 2617 1745 2672 cap.44.Pag.419.B

46 2687 96 2730 (16
128 2686 392 2730 Boemundo:
422 2686 484 2728 Et
510 2687 570 2729 sie
600 2682 853 2737 Imperatori
883 2682 929 2723 in
956 2677 1310 2740 maymfudirrcet
1331 2673 1520 2728 pondere

45 2743 251 2797 ineffabili
280 2743 379 2786 auri
406 2746 445 2786 et
474 2741 640 2797 arqenti
668 2744 705 2783 et
736 2738 838 2781 ostri
858 2736 1038 2791 pretiosi
1066 2732 1356 2795 reconc‘olzfztus
1384 2733 1454 2773 est.

166 2793 250 2853 Ἓξ
275 2802 440 2855 μηνῶν]
463 2797 741 2848 Boemundus,
755 2795 839 2837 icto
859 2792 1019 2836 foedere
1041 2802 1133 2832 cum
1151 2789 1308 2838 Alexio,
1337 2800 1380 2828 ln
1402 2787 1558 2839 Apu-c

44 2855 146 2900 liam
176 2869 379 2910 reversus,
408 2855 661 2909 dimissaque
689 2849 1005 2906 Peregrinorum
1042 2847 1177 2897 turba,
1209 2856 1314 2899 quae
1345 2856 1390 2885 ex
1422 2845 1518 2885 voto
