1806 3132
551 229 606 264 m
632 229 918 266 Annxmnnu
947 233 1107 268 NOTAE
1473 229 1552 273 651

227 338 290 387 Τὸ
319 338 512 400 σύνηθες
539 343 717 404 θαῦμα]
747 349 884 392 Multa
914 349 1013 393 olim
1043 351 1086 394 in
1114 352 1415 398 Blacherniana
1430 355 1555 408 Aede,
1572 356 1602 392 B

11 400 16 403 ’
89 401 143 447 ad
183 396 338 456 Ἁγίαν
381 397 535 457 Σορὸν,
590 405 759 459 patrata
805 406 1008 451 miracula
1053 410 1175 453 autor
1216 410 1277 453 est
1321 410 1557 457 Theodorus

88 458 311 515 Presbyter
341 457 458 502 Orat.
490 459 535 502 in
564 461 874 517 Depositionem
895 464 1034 508 Vestis
1067 466 1290 521 Deiparae:
1331 468 1451 511 πᾶσα
1479 468 1557 522 μὲν

88 512 221 566 νόσος
271 513 344 558 καὶ
378 514 506 558 πᾶσα
550 514 668 572 λύπη
706 519 778 562 καὶ
817 520 945 563 πᾶσα
981 517 1195 581 κατήφεια
1233 519 1441 575 λαμβάνει
1481 522 1533 579 τὴ

86 569 217 616 ἴασιν.
253 571 295 615 et
337 571 520 617 Codinus
562 575 607 618 in
641 575 756 631 Orig.
789 575 869 620 GP.
899 591 994 633 pag.
1015 579 1083 622 48.
1131 579 1242 622 Edit.
1274 579 1376 635 Reg.
1407 582 1478 624 ubi
1508 582 1557 625 de

87 631 166 673 hoc
195 629 384 684 Templo:
428 630 606 674 πολλῶν
649 632 885 687 γινομένων
930 632 1172 688 θαυμάτων
1215 635 1286 677 καὶ
1329 633 1485 680 ἶάσεων
1515 637 1559 681 ἕν

88 681 227 754 αιζτῷ.
286 685 348 730 At
376 685 427 731 de
457 690 652 755 consueto
682 690 763 756 isto
806 691 1008 735 miraculo
1065 692 1171 735 nihil
1214 694 1405 759 occurrit.
1450 695 1558 749 quod

87 757 232 844 {2221}
245 744 375 856 252³}ssss
404 743 654 858 ἓῗῗὶῖωῗ
677 747 1558 859 {5322}ss5255532‘2‘1‘1&exstruis

87 857 280 901 meminit
307 857 388 901 Leo
418 858 606 902 Allatius
635 860 680 902 in
711 860 906 904 Diatriba
936 861 986 904 de
1016 861 1294 905 simeonibus:
1332 863 1396 906 vel
1432 864 1559 907 mira-

89 914 231 957 culum
258 914 366 958 illud
396 915 464 966 sit,
498 916 609 970 quod
639 917 829 959 Eleusius
859 918 902 960 in
942 918 1031 961 vita
1060 918 1101 962 S.
1131 918 1334 962 Theodori
1365 918 1560 974 Syceotae

87 970 280 1026 Episcopi
296 971 701 1027 Anastasiopolitani
716 975 1025 1026 commemorat,
1043 975 1152 1029 apud
1169 974 1337 1019 Surium
1352 975 1558 1030 22.Apri1.

88 1027 139 1071 de
166 1027 335 1071 lucerna
366 1029 562 1082 perpetuo
591 1030 762 1073 ardente
789 1030 832 1073 in
862 1030 1065 1085 Deiparae
1086 1031 1199 1074 Aede
1216 1030 1561 1087 Constantinopo-

88 1083 236 1135 litana,
263 1084 326 1128 ita
355 1085 402 1127 ut
431 1085 566 1128 Aedes
596 1086 679 1129 ista
701 1086 1006 1131 Blacherniana
1026 1087 1163 1130 fuerit.
1205 1088 1364 1131 Narrat
1385 1089 1434 1131 D.
1451 1088 1559 1142 Aug.

88 1140 161 1184 lib.
183 1141 251 1183 21.
287 1140 338 1184 de
379 1140 561 1185 Civitate
589 1143 665 1185 Dei
708 1143 836 1186 fuisse
880 1144 924 1186 in
969 1143 1146 1198 quodam
1183 1145 1352 1187 Veneris
1392 1145 1559 1200 Templo

89 1197 398 1250 candelabrum,
431 1198 542 1253 quod
572 1199 786 1242 lucernam
807 1200 979 1243 haberet
999 1200 1212 1244 ardentem
1233 1201 1308 1244 sub
1327 1200 1435 1252 divo,
1457 1214 1562 1256 quae

88 1254 205 1297 nulla
231 1254 479 1309 tempestate
508 1255 575 1298 vel
605 1256 738 1298 imbre
766 1257 903 1311 posset
933 1257 1131 1306 extingui.
1186 1256 1269 1300 Sed
1295 1261 1334 1300 et
1362 1272 1389 1300 a
1419 1257 1561 1300 multis

86 1310 284 1354 habemus
310 1316 575 1365 compertum,
606 1313 748 1356 subdit
779 1312 1003 1356 Gervasius
1032 1313 1334 1356 Tilleberiensis
1368 1314 1501 1356 Decis.
1522 1315 1560 1356 3.

88 1367 138 1410 de
167 1366 275 1410 Otiis
303 1368 561 1423 Imperialib.
594 1382 681 1424 cap.
703 1370 743 1412 4.
774 1369 884 1423 quod
916 1374 1014 1412 sunt
1042 1370 1159 1420 cerei,
1193 1383 1294 1424 quos
1327 1370 1454 1422 refert
1486 1384 1559 1413 an-

86 1424 262 1478 tiquitas
289 1438 381 1468 cum
414 1423 585 1469 Christo
616 1441 644 1468 a
672 1425 810 1469 Beata
838 1426 1013 1481 Virqine
1047 1430 1334 1480 praesentatos
1366 1427 1414 1469 in
1446 1427 1559 1469 Tem-

80 1480 218 1534 plum,
247 1481 320 1535 qui
346 1482 439 1525 sine
476 1483 803 1536 consumptione,
841 1483 1086 1537 lucendique
1123 1483 1427 1526 intermissione
1463 1497 1561 1537 per-

2 1540 7 1544 “
79 1540 210 1591 petuo
237 1537 386 1581 lucent.
448 1539 509 1582 Ex
553 1539 703 1594 quibus
748 1540 863 1594 patet
904 1535 958 1580 τὰ
1003 1536 1176 1594 συνήθη
1220 1535 1437 1592 θαύματα,
1488 1552 1559 1582 seu

90 1594 286 1637 consueta
312 1594 516 1639 miracula
546 1596 761 1650 appellari,
792 1610 898 1651 quae
927 1596 1040 1639 omni
1061 1596 1127 1638 die
1156 1596 1197 1639 et
1225 1608 1393 1649 semper,
1425 1595 1488 1638 vel
1515 1595 1559 1637 in

89 1650 336 1705 quibusdam
368 1653 665 1704 occasionibus,
698 1653 773 1695 aut
805 1653 931 1696 etiam
961 1652 1196 1707 quotannis,
1242 1652 1364 1694 certis
1402 1651 1557 1702 diebus,

88 1707 164 1750 aut
183 1707 387 1750 Divorum
416 1709 725 1752 recurrentibus
754 1709 870 1752 festis
901 1708 1060 1763 operari
1089 1708 1193 1751 solet
1219 1708 1330 1751 Deus
1358 1708 1411 1751 ad
1431 1707 1559 1759 Sanc-

86 1764 226 1807 torum
268 1763 462 1819 gloriam,
507 1779 577 1808 seu
608 1766 874 1820 Templorum
918 1765 962 1807 in
992 1765 1140 1820 quibus
1181 1764 1390 1815 adoratur,
1436 1764 1501 1806 vel
1527 1763 1558 1806 ii

91 1820 298 1872 coluntur,
331 1822 654 1865 sanctimoniam
692 1821 997 1876 publicandam.
1066 1820 1278 1863 Eiusmodi
1307 1833 1401 1863 vero
1430 1819 1559 1862 mira-

89 1876 278 1919 culorum
310 1879 606 1922 cunsuetorum
650 1879 757 1922 duae
798 1878 950 1931 speeies
993 1878 1110 1920 sunt:
1155 1876 1291 1920 Aliud
1333 1876 1442 1919 enim
1486 1879 1558 1940 est,

86 1932 227 1988 inquit
259 1933 368 1977 idem
409 1934 730 1985 Tilleberiensis,
772 1934 1045 1985 Ilsiraculum,
1083 1932 1204 1976 aliud
1230 1932 1445 1987 Mirabile,
1482 1935 1558 1974 ets-i

87 1990 303 2044 utriusque
328 1990 429 2040 finis
458 1992 515 2035 sit
544 1992 784 2035 admiratio.
832 1991 969 2034 Porro
989 1989 1207 2032 Miracula
1236 1989 1423 2043 dicimus,
1454 2002 1558 2041 quae

84 2050 255 2100 praeter
281 2051 482 2091 naturam
509 2048 679 2091 divinae
706 2048 853 2091 virtuti
886 2047 1192 2096 adscribuntur,
1232 2049 1279 2088 ut
1306 2058 1399 2087 cum
1429 2044 1557 2099 Viryo

84 2103 216 2156 parit,
248 2116 342 2146 cum
359 2103 558 2148 Lazarus
585 2105 781 2159 resuryit,
814 2118 905 2147 cum
934 2103 1057 2156 lapsa
1084 2101 1268 2145 membra
1295 2101 1557 2166 reinteyran-

88 2163 169 2203 tur.
227 2159 458 2204 Mirabilia
485 2175 581 2205 vero
612 2162 800 2212 dicimus,
847 2174 951 2214 quae
992 2162 1160 2202 nostrae
1202 2161 1430 2222 coynitioni
1471 2170 1558 2199 non

86 2215 314 2269 subiacent,
343 2217 470 2260 etiam
497 2232 591 2261 curn
618 2219 706 2261 sint
734 2216 964 2260 naturalia.
1019 2214 1104 2259 Sed
1139 2218 1177 2257 et
1205 2213 1433 2278 Mirabilia
1461 2226 1555 2277 con-

86 2272 225 2316 stituit
251 2273 500 2327 ignorantia
528 2274 766 2318 reddendae
794 2273 975 2316 rationis
997 2285 1125 2327 quare
1150 2271 1210 2313 sic
1233 2270 1294 2323 fit.
1351 2268 1558 2311 M1rab111-

87 2329 165 2371 bus
203 2328 338 2385 igitur
378 2330 697 2374 adscribendum
739 2330 848 2384 quod
879 2329 1074 2383 Iosephus
1107 2326 1178 2369 lib.
1198 2327 1235 2368 7.
1265 2325 1316 2390 de
1342 2324 1460 2367 Bello
1479 2324 1558 2389 ‘Iu-

88 2384 208 2428 daico
238 2397 326 2441 cap.
347 2387 414 2429 24.
447 2387 489 2430 et
509 2387 673 2430 Plinius
700 2386 772 2429 lib.
794 2387 861 2428 31.
891 2398 980 2439 cap.
997 2385 1034 2427 2.
1066 2383 1115 2426 de
1135 2382 1356 2446 Sabbatico
1375 2380 1555 2445 flumme,

89 2441 200 2496 quod
229 2441 296 2485 die
324 2442 492 2486 tantum
530 2442 704 2487 Sabbati
741 2442 916 2484 fluebat:
952 2440 1088 2483 Autor
1124 2439 1333 2503 Itineraru
1362 2436 1558 2479 H1eroso-

87 2497 104 2540 1
176 2497 283 2541 itani
313 2498 363 2542 de
382 2499 551 2543 Piscina
573 2499 721 2550 Siloae,
742 2497 952 2541 Arnoldus
972 2496 1215 2539 Lubecensls
1236 2494 1307 2536 hb.
1327 2493 1364 2535 7.
1384 2505 1470 2546 cap.
1492 2492 1556 2534 10.

88 2554 343 2654 ιῖῑὲὲῗιῗῧῧ
370 2554 783 2656 ἳῖᾮῗάθὲἕῃὲῶᾱῖῗῗ
804 2553 957 2664 ῗὲἐὲξέ
978 2548 1557 2660 ‘iffffinefflffintdffnffffiss

89 2666 163 2709 lib.
186 2667 223 2710 1.
254 2667 305 2711 de
333 2668 453 2711 Locis
484 2668 649 2712 Sanctis
680 2680 766 2721 cap.
790 2667 854 2708 17.
885 2664 1011 2715 Beda,
1041 2662 1238 2728 Belethus
1270 2673 1356 2715 cap.
1374 2661 1446 2725 51.
1477 2660 1555 2702 Leo

89 2721 178 2766 Ost.
209 2723 282 2766 lib.
302 2725 342 2767 3.
374 2737 463 2779 cap.
485 2726 553 2767 30.
589 2723 827 2767 Willelmus
848 2720 1060 2763 Malmesb.
1089 2719 1162 2761 11b.
1182 2718 1221 2760 4.
1242 2717 1459 2760 Albencus
1475 2715 1556 2758 An.

89 2788 320 2823 DOOCCLX.
350 2781 391 2824 et
419 2791 587 2824 MXGIX.
619 2780 862 2833 Anonymus
891 2777 940 2819 de
959 2776 1077 2819 Locis
1096 2775 1257 2817 Hieros.
1289 2785 1376 2838 cap.
1401 2773 1437 2815 1.
1468 2771 1557 2814 Au—

87 2835 157 2879 tor
184 2836 298 2880 vitae
326 2837 368 2881 S.
404 2837 545 2881 Severi
574 2836 709 2892 Episc.
740 2833 995 2878 Ravennatis
1024 2832 1065 2875 et
1094 2830 1167 2874 alii
1196 2842 1351 2886 passlm
1385 2827 1557 2872 tradunt
