1806 3132
294 211 376 257 612
811 221 988 257 OAROLI
1016 221 1255 257 DUGANGII

253 337 285 374 B
433 332 653 394 Φράγκος]
705 336 820 390 Sum,
865 337 1005 392 inquit
1044 337 1129 389 ille,
1178 348 1272 379 vere
1303 335 1502 389 Francus,
1542 335 1583 379 et
1612 335 1658 378 in
1685 335 1777 391 ipsa

296 393 473 448 Galliae,
516 407 644 450 quam
687 395 853 449 proprio
889 394 1056 437 nomine
1085 392 1307 436 Franciam
1343 393 1508 444 vocant,
1547 392 1775 447 provincia,

293 464 341 495 ex
370 451 594 496 Nobilibus
634 452 778 494 natus:
825 451 885 494 sic
928 451 1037 493 enim
1081 463 1129 493 ea
1164 449 1292 493 verba
1336 449 1536 504 capienda
1595 449 1777 504 produnt

293 521 399 564 quae
428 508 540 551 infra
573 521 669 563 pag.
693 508 788 550 317.
834 507 980 550 scribit
1008 508 1146 559 A-nna,
1195 506 1415 549 ventosum
1452 506 1564 548 hunc
1593 507 1634 549 et
1663 518 1776 549 arro-

291 566 463 621 gantem
494 564 666 608 Gallum
703 564 749 607 in
778 564 914 619 prima
941 564 1105 606 stetisse
1148 563 1249 616 acie,
1288 575 1338 605 ac
1379 562 1598 605 dimicasse
1643 562 1688 605 in
1730 575 1776 605 eo

228 624 230 627 ’
290 622 461 677 praelio,
490 621 602 677 quod
629 620 935 677 Solymannum
966 620 1077 663 inter
1107 620 1149 663 et
1180 619 1473 662 Boemundum
1509 619 1777 662 commissum

291 679 353 722 est
396 678 544 722 statim
572 678 667 733 post
697 678 979 732 expugnatam
1001 677 1204 720 Nicaeam
1246 676 1455 731 gravique
1483 676 1653 730 accepto
1684 676 1778 719 vul-

289 748 385 779 nere
429 735 619 779 hostibus
650 735 770 790 terga
799 734 971 777 dedisse.
1035 733 1155 777 Unde
1185 732 1413 788 probabilis
1452 732 1677 775 admodum
1714 733 1777 775 est

290 792 528 835 coniectura
559 804 654 834 eum
684 804 782 843 esse,
814 802 937 846 quem
969 790 1169 833 Albertus
1198 789 1407 844 Aquensis
1432 789 1505 832 lib.
1524 790 1563 831 2.
1598 802 1687 844 cap.
1708 790 1775 831 39.

289 849 330 892 et
359 862 406 892 ex
428 862 473 892 eo
496 848 647 904 Tyrius
673 848 747 891 lib.
768 849 807 890 3.
839 860 928 902 cap.
953 848 1017 890 14.
1048 846 1278 889 Robertum
1297 845 1584 889 Parisiensem
1610 847 1775 897 vocant,

289 907 331 949 et
373 905 534 949 miseris
573 905 782 948 volentem
823 916 1064 947 succurrere
1106 903 1266 958 sagitta
1302 902 1468 946 volatili
1498 901 1703 945 confixum
1735 902 1777 945 et

287 962 518 1005 extinctum
546 961 735 1005 tradunt.
809 960 914 1004 Cum
943 960 1079 1016 igitur
1106 960 1288 1003 Roberto
1319 958 1487 1002 Lutetia
1517 959 1775 1002 Parisiorum

288 1019 430 1062 natale
459 1019 595 1062 solum
625 1018 743 1071 esset,
789 1018 880 1060 iure
911 1030 952 1060 se
982 1029 1133 1071 purum
1171 1016 1321 1071 putum
1351 1016 1562 1058 Francum
1604 1014 1776 1059 iactita-

287 1075 374 1128 bat,
396 1088 492 1118 cum
526 1075 625 1118 urbs
669 1074 745 1118 illa
775 1087 858 1117 non
889 1074 1011 1117 modo
1041 1073 1178 1128 Regni
1220 1072 1364 1124 totius,
1408 1072 1479 1115 sed
1511 1073 1617 1115 esset
1647 1072 1775 1115 etiam

288 1133 415 1231 {aput
434 1132 557 1175 istius
572 1131 832 1185 Provinciae,
862 1144 989 1186 quam
1014 1130 1215 1186 peculiari
1238 1128 1520 1184 appellatione
1538 1128 1778 1173 Franciam

319 1201 483 1232 lcimus.

247 1250 276 1285 B
428 1242 638 1302 Τέμενος]
670 1245 870 1288 Nostram
897 1244 947 1287 de
976 1243 1130 1296 Latini,
1162 1256 1234 1286 seu
1251 1242 1406 1286 Franci
1436 1242 1559 1286 istius
1590 1242 1776 1285 ostenta-

286 1302 390 1345 toris
405 1302 543 1357 patria
560 1302 842 1345 coniecturam
869 1314 952 1344 non
980 1300 1204 1343 minimum
1233 1299 1417 1351 firmant,
1450 1312 1556 1354 quae
1584 1299 1656 1342 ille
1676 1299 1776 1342 sub-

286 1358 362 1412 dit,
391 1359 492 1402 dum
537 1359 600 1402 ait
629 1371 715 1402 esse
745 1358 946 1401 nimirum
976 1358 1090 1400 intra
1136 1357 1259 1400 istius
1289 1356 1550 1409 Provinciae,
1597 1355 1706 1398 unde
1737 1355 1774 1398 ei

288 1415 405 1471 origo
435 1416 477 1459 et
506 1415 679 1468 natales,
710 1415 924 1467 terminos,
969 1412 1160 1469 τρίοδον,
1191 1426 1262 1457 seu
1290 1413 1489 1465 tractum,
1532 1412 1599 1456 vel
1634 1412 1774 1467 potius

287 1484 455 1527 pagum,
485 1473 560 1516 aut
588 1472 813 1528 regionem,
847 1470 980 1527 (Galli
1010 1470 1188 1513 dicimus
1219 1484 1279 1513 tm
1310 1469 1526 1526 Quartier)
1557 1469 1631 1512 ubi
1659 1469 1775 1512 inae-

286 1529 504 1572 dificatum
569 1529 622 1572 ab
672 1529 846 1583 antiquo
894 1528 1128 1583 Templum,
1190 1539 1285 1582 quo,
1319 1526 1392 1581 qui
1436 1525 1774 1569 monomachiam

287 1585 551 1641 singulareve
577 1586 788 1628 certamen
818 1585 932 1629 obire
955 1585 1104 1637 solent,
1134 1584 1379 1639 priusquam
1415 1583 1459 1626 in
1490 1595 1660 1626 arenam
1703 1582 1775 1625 de-

286 1642 499 1695 scendant,
531 1642 733 1686 orationis
764 1654 889 1685 causa
921 1641 1129 1694 secedunt,
1153 1640 1256 1684 etin
1286 1652 1333 1683 eo
1362 1640 1620 1695 pernoctant.
1680 1639 1771 1682 Hoc

286 1699 397 1742 enim
426 1700 646 1742 verborum
678 1699 858 1741 circuitu
887 1698 1106 1753 Templum
1124 1697 1329 1751 Deiparae
1359 1696 1663 1748 Suessionense,
1679 1695 1773 1738 Mo-

285 1755 467 1799 nasterio
498 1755 723 1810 Virginum
751 1755 928 1810 insigne,
974 1755 1026 1798 ab
1059 1754 1242 1797 Ebroino
1272 1753 1433 1796 Maiore
1473 1752 1631 1796 Palatii
1669 1752 1769 1795 olim

285 1813 533 1864 extructum,
569 1812 714 1867 procul
758 1812 884 1856 dubio
924 1811 1154 1864 denotavit,
1196 1811 1241 1853 in
1271 1823 1353 1866 quo
1385 1810 1437 1852 D.
1468 1809 1640 1852 Drausii
1670 1809 1771 1863 Epi-

285 1870 398 1924 scopi
419 1868 725 1912 suessionensis
746 1882 893 1923 corpus
914 1868 1107 1924 religiose
1126 1869 1367 1911 asservatur
1388 1867 1429 1909 et
1451 1866 1616 1918 colitur,
1647 1878 1771 1920 quem

284 1925 422 1969 duello
453 1926 696 1969 dimicaturi
727 1926 917 1969 solebant
946 1925 1153 1968 invocare.
1190 1924 1291 1967 Fuit
1320 1924 1460 1967 autem
1493 1923 1666 1975 tractus,
1698 1934 1770 1964 seu

284 1995 416 2038 pagus
448 1982 753 2026 Suessionensis
798 1982 885 2025 iam
923 1981 1037 2034 olim,
1083 1981 1131 2025 ut
1175 1982 1217 2024 et
1246 1980 1490 2032 etiamnum,
1521 1980 1636 2022 intra
1665 1979 1770 2021 Pro·
1801 2013 1806 2017 .

284 2039 448 2083 vinciae
476 2040 679 2082 Franciae
707 2039 877 2091 limites,
920 2038 1030 2094 quod
1057 2038 1209 2081 diserte
1239 2037 1422 2080 testatur
1450 2035 1769 2079 Villharduinus

284 2095 337 2138 N.
360 2097 398 2138 6.
439 2095 657 2139 Gallorum
688 2109 797 2149 vero,
843 2095 1076 2138 aliorumve
1105 2107 1204 2149 erga
1235 2094 1286 2136 D.
1318 2093 1547 2136 Drausium
1585 2092 1628 2134 in
1658 2092 1768 2134 hisce

283 2152 569 2196 occasionibus
599 2152 846 2208 religionem
875 2152 916 2195 et
945 2152 1107 2195 cultum
1136 2150 1352 2206 praedicat
1394 2150 1438 2192 in
1467 2150 1613 2204 primis
1644 2149 1768 2191 Ioan-

283 2221 354 2251 nes
383 2209 700 2252 Sarisberiensis
730 2209 862 2264 Epist.
885 2209 978 2252 159.
1050 2208 1132 2251 Est
1173 2211 1312 2251 autem
1340 2206 1389 2251 S.
1425 2206 1644 2249 Drausius
1678 2205 1767 2261 ylo-

281 2265 540 2309 riosissimus
571 2264 804 2319 Confessor,
843 2267 914 2320 qui
956 2266 1064 2309 sicut
1092 2264 1257 2307 Franci
1293 2267 1331 2307 et
1381 2262 1636 2317 Lotharinyt
1679 2276 1767 2306 ere-

283 2322 400 2375 dzmt,
427 2323 599 2378 puqiles
646 2324 718 2378 qut
748 2323 806 2366 ad
832 2323 1076 2366 memoriam
1119 2322 1207 2364 etus
1229 2324 1494 2375 pernoctant,
1533 2319 1672 2363 reddit
1701 2319 1765 2361 ‘m-

281 2379 423 2433 victos,
448 2383 496 2422 ut
523 2383 561 2422 et
591 2380 642 2423 de
668 2379 931 2435 Buryundia
966 2382 1004 2422 et
1032 2378 1166 2422 Italia
1200 2378 1248 2421 in
1277 2377 1356 2421 tali
1399 2377 1640 2420 necessitate
1668 2389 1767 2418 con-

277 2435 474 2490 fuyiatur
502 2436 560 2479 acl
587 2437 738 2490 ipsum.
795 2437 912 2480 Nam
940 2440 980 2479 et
1006 2435 1215 2479 Robertus
1244 2435 1296 2478 de
1323 2434 1577 2487 Monteforti
1606 2433 1644 2476 ei
1664 2446 1765 2486 per-

280 2493 463 2535 noctavit
492 2494 696 2537 adversus
724 2493 960 2537 Henricum
988 2493 1039 2536 de
1069 2492 1252 2535 Essem‘a
1283 2491 1575 2535 dimicaturus.
1638 2489 1765 2532 Cuius

282 2548 449 2602 quidem
480 2550 572 2604 piae
600 2550 644 2592 in
665 2551 716 2593 D.
737 2550 965 2593 Drausium
986 2549 1202 2604 religionis
1233 2548 1436 2603 originem
1453 2546 1636 2590 Henrico
1658 2545 1765 2588 Duci

281 2605 417 2647 nescio
462 2606 528 2648 cui
574 2606 740 2649 videtur
783 2607 1017 2650 adscribere
1060 2607 1178 2649 vetus
1216 2604 1346 2648 Poeta
1376 2603 1650 2655 Vernaculus,
1692 2602 1764 2657 qui

280 2660 491 2705 Ludovico
507 2663 603 2706 VII.
634 2665 836 2718 regnante
862 2663 980 2713 vixit,
1009 2663 1054 2705 in
1073 2661 1288 2717 prolixiori
1316 2660 1390 2704 illo
1411 2660 1622 2712 Poemate,
1653 2658 1764 2713 quod

281 2717 332 2759 de
363 2717 557 2762 Guarino
586 2719 825 2763 Lethareno
854 2719 1088 2774 inscripsit3
1116 2719 1188 2774 qui
1217 2717 1320 2761 fusis
1349 2718 1390 2760 et
1420 2717 1567 2760 deletis
1598 2716 1652 2759 ad
1674 2715 1764 2758 Au—

281 2775 452 2828 gustam
483 2775 751 2819 Suessionum
783 2777 963 2829 Hunnis,
1009 2776 1075 2820 vel
1107 2774 1340 2827 Saracenis,
1378 2773 1557 2817 ‘fluvium
1603 2772 1764 2816 abster-

281 2831 406 2884 gendi
454 2832 636 2886 pulveris
680 2833 720 2875 et
759 2834 977 2889 sanguinis
1022 2846 1149 2877 causa
1208 2832 1432 2887 ingressus,
1477 2830 1560 2874 atri
1589 2830 1762 2873 Crucem
