1768 3152
213 198 268 239 48
726 205 893 239 ΑΝΝΑΕ
923 205 1190 239 COMNENAE

214 325 365 383 στῆναι
388 319 550 379 (τόπος
565 321 613 366 δὲ
634 317 856 378 παράλιος
876 310 1007 373 οὗτος
1027 322 1108 364 τοῦ
1128 316 1326 375 Πόντου)
1351 319 1424 364 καὶ
1445 315 1712 379 ἐφεδρεύειν,

215 389 263 436 εἴ
294 389 385 436 πού
429 409 497 444 τις
544 397 625 434 τοῦ
669 389 898 448 1ὀντοφρὲ
936 386 1053 446 προς
1083 389 1160 432 τὸν
1192 391 1474 445 Βαῖμοῦντον
1513 389 1584 432 καὶ
1615 386 1720 440 τοὺς

216 455 413 506 ὄπισθεν
457 459 719 518 ἐρχομένους
764 455 959 516 κόμητας
1001 452 1326 502 ἅποστέλλοιτο
1364 453 1392 515 ἢ
1445 455 1497 512 ἐξ
1540 456 1719 501 ἐκείνων

175 525 396 582 Cav-9c91
383 528 500 586 πρὸς
528 522 680 582 αὐτον,
713 527 783 571 καὶ
815 521 1043 584 απείργειν
1072 521 1218 570 αυτῶν
1247 527 1328 584 τήν
1361 526 1524 571 δίοδον.
1583 525 1628 569 ἓν
1655 527 1720 583 τῷ

214 595 378 654 μεταξὺ
398 597 446 641 δὲ
466 596 630 655 γίνεταί
650 613 692 639 τι
711 597 927 639 τοιοῦτον.
974 594 1387 652 μεταπεμψαμένου
1419 591 1498 650 γὰρ
1530 596 1611 638 τοῦ
1639 596 1754 649 ,θα-5

215 666 373 719 σιλέως
393 664 514 718 τινας
544 667 633 708 τῶν
660 663 772 721 μετὰ
793 666 873 707 τοῦ
894 669 934 708 Ι
931 663 1123 744 οντοφρὲ
1146 661 1368 721 κομήτων,
1391 662 1462 722 ἐφ’
1484 652 1521 721 ᾦ
1541 679 1719 715 τουτοις

59 746 103 783 V.
131 747 201 782 233
215 731 636 791 συμβουλευσασθαι
683 730 949 777 ὑποθέσθαι
994 727 1114 790 αὐτῷ
1167 732 1402 789 πληρῶσαι
1451 729 1530 775 τὸν
1571 728 1716 787 ὅρκον,

214 803 476 860 τριβομένου
507 819 555 846 τε
583 804 662 846 τοῦ
708 807 865 858 καιροῦ
908 798 982 845 διὰ
1012 798 1063 844 τὸ
1095 798 1233 860 φύσει
1278 798 1413 844 λάλον
1443 817 1491 844 τε
1522 801 1595 844 καὶ
1638 817 1718 856 μα-

214 870 550 930 κρηγορώτατον
594 874 684 914 τῶν
714 870 925 914 Λατίνιον
967 867 1137 929 ψευδὴς
1177 869 1409 925 διέδραμεν
1451 867 1515 921 εἷς
1553 863 1720 921 αὐτοὺς

214 938 340 1022 φήμη
370 943 696 999 κατασχεθῆναι
717 956 822 992 τους
849 936 1042 997 κόμητας
1063 936 1185 994 παρὰ
1205 940 1287 982 τοῦ
1309 938 1539 993 βασιλέως.
1578 932 1717 990 ευθυς
1734 942 1768 976 l(

217 1027 295 1054 ουν
326 1010 506 1054 πυκιναὶ
536 1005 646 1052 κατὰ
684 1010 762 1065 τῆς
791 1007 1062 1063 Bs‘gam'ffog
1102 1006 1345 1064 κεκίνηνται
1386 1005 1606 1065 φάλαγγες
1646 1006 1719 1049 καὶ

170 1081 482 1139 Βπαραχρῆμα
519 1076 572 1121 τὰ
608 1075 717 1121 κατὰ
749 1075 827 1135 τὴν
856 1071 1072 1134 Ἀργυρᾶν
1115 1075 1387 1133 καλοιμένην
1414 1074 1593 1134 Λίμνην
1623 1076 1719 1119 δια-

215 1149 394 1205 κείμενα
438 1146 633 1192 παλάτια
678 1147 908 1199 παντελῶς
954 1145 1250 1204 ἐξηρίπωσαν,
1295 1140 1386 1200 ἅμα
1430 1143 1478 1188 δὲ
1525 1144 1598 1188 καὶ
1627 1146 1718 1187 τῶν

213 1221 371 1273 τειχῶν
400 1220 480 1276 τῆς
510 1216 778 1272 Βυζαντίδος
807 1210 1121 1272 ἀπεπειρῶντο
1153 1210 1238 1258 κᾶν
1266 1211 1325 1270 μῖ·
1358 1214 1419 1258 δι’
1452 1210 1717 1271 ἓλεπόλεων,

215 1282 268 1330 οὔ
297 1286 376 1344 γὰρ
410 1288 630 1343 παρῆσαν,
651 1279 761 1328 ἀλλὰ
784 1287 847 1343 τῷ
879 1282 1048 1328 ἑαυτῶν
1068 1279 1243 1341 πλήθει
1261 1284 1539 1339 θαρροῦντες
1557 1283 1717 1326 τοοοῦ-
1734 1288 1768 1322 1ξ

213 1372 292 1399 τον
322 1348 729 1413 κατηναιὸεὕσαντο,
762 1350 823 1406 ῶς
853 1353 926 1397 καὶ
966 1355 1055 1408 πῦρ
1087 1352 1301 1410 τολμῆσαι
1336 1351 1575 1411 ἐπαφεῖναι
1606 1348 1716 1394 κατὰ

213 1426 290 1482 τῆς
320 1419 528 1467 κάτωθεν
557 1424 647 1466 τῶν
678 1419 934 1477 ἀνακτόρων
964 1416 1107 1478 πύλης
1137 1414 1272 1476 ἀγχοῦ
1303 1421 1386 1463 τοῦ
1421 1418 1491 1463 ἐπ’
1532 1413 1716 1474 ὀνόματι

213 1508 292 1536 του
324 1491 369 1536 ἐν
399 1488 622 1548 ιεράρχαις
652 1490 862 1548 μεγίστου
895 1486 1118 1534 Νικολάου
1161 1486 1300 1532 πάλαι
1341 1487 1464 1545 παρά
1508 1505 1587 1533 του
1627 1490 1716 1531 τῶν

214 1561 433 1616 βασιλέων
463 1555 898 1617 οἷνοικοὸομηθέντος
930 1558 1147 1614 τεμένους.
1217 1575 1269 1601 ου
1299 1555 1439 1614 μόνον
1470 1558 1518 1602 δὲ·
1549 1553 1715 1602 ὁπόσοι

215 1632 295 1673 zof-
327 1627 645 1689 συρφετώδους
666 1623 798 1684 οχλου
830 1645 919 1672 των
940 1627 1195 1683 Βυζαντίων
1215 1626 1287 1670 καὶ
1317 1622 1552 1678 ἀνάλκιδες
1572 1623 1716 1684 πάντη
1730 1633 1768 1668 2(

63 1711 102 1748 Ρ,
129 1713 200 1748 295
216 1698 288 1742 καὶ
317 1693 678 1756 απειροπόλεμοι
706 1695 784 1750 τὰς
813 1700 903 1741 τῶν
932 1697 1145 1741 Λατίνων
1189 1693 1414 1756 φάλαγγας
1440 1692 1715 1751 θεασάμενοι

350 1803 381 1835 1.
410 1800 634 1843 καταστῆσαι
661 1799 702 1845 Ρ,
728 1800 885 1835 correxi.
1122 1797 1154 1834 3.
1181 1793 1203 1842 ἢ
1229 1798 1267 1837 ἐξ
1293 1798 1446 1833 ἐκείνων
1470 1797 1580 1835 αὐθις
1608 1796 1650 1839 F,
1691 1791 1715 1839 ἢ

348 1842 456 1888 αυθις
481 1849 519 1888 ἐξ
541 1849 695 1884 ἔκεινων
719 1847 792 1892 CG,
819 1849 858 1888 ἐξ
881 1848 1033 1883 ἐκείνων
1060 1843 1081 1891 ἢ
1107 1842 1216 1885 αὖθις
1241 1846 1280 1881 P.
1425 1848 1459 1881 4.
1486 1847 1548 1880 καὶ
1573 1844 1715 1880 addidi.

347 1894 444 1943 αὐτῷ
471 1896 542 1933 CG.
691 1899 724 1932 8.
755 1897 795 1932 δὲ
827 1896 903 1932 AG.
1036 1896 1068 1931 9.
1096 1896 1138 1930 δὲ
1170 1895 1336 1943 ἔδραμεν
1362 1895 1405 1930 Α.
1546 1896 1600 1929 10.
1633 1891 1716 1932 τοὺς

347 1973 355 1982 .
373 1973 380 1981 .
396 1975 404 1981 .
422 1948 572 1981 πυκιναὶ
593 1957 663 1981 om.
690 1945 732 1981 G.
871 1947 925 1980 11.
958 1947 1097 1980 πυκναὶ
1122 1944 1164 1980 A.
1306 1945 1359 1981 13.
1386 1943 1639 1988 ἐξηρείπωσαν
1665 1942 1709 1978 Α.

350 1995 404 2030 16.
429 1992 763 2039 κατηναιδεὺσαντο
779 1995 823 2037 F,
848 1991 1163 2038 κατηνεδεὺσαντο
1181 1992 1254 2037 CG,
1281 1988 1654 2028 κατεκινδυνεὺσαντο
1676 1990 1714 2026 P.

348 2044 404 2079 17.
429 2044 504 2079 τῶν
529 2055 601 2079 om.
620 2043 661 2079 G.

211 2145 277 2188 est,
332 2143 531 2179 turmatim
581 2143 784 2178 consistere
823 2142 963 2189 ibique,
991 2142 1021 2178 si
1058 2142 1124 2188 qui
1149 2144 1215 2177 aut
1253 2153 1275 2176 a
1317 2139 1523 2177 Gotofredo
1550 2139 1598 2176 ad
1623 2139 1713 2176 Boe-

211 2191 392 2227 mundum
421 2191 650 2237 comitesque
691 2192 928 2238 insequentes
965 2194 1031 2226 aut
1054 2202 1184 2226 rursus
1211 2191 1259 2226 ab
1284 2189 1341 2225 his
1366 2189 1413 2225 ad
1439 2189 1563 2234 ipsum
1589 2189 1713 2224 mitte-

187 2245 361 2284 rentur,
399 2240 598 2276 observare
638 2241 759 2285 iisque
793 2241 1057 2276 commercium
1095 2239 1346 2275 intercludere
1382 2239 1502 2273 iussit.
1569 2240 1714 2273 interea

210 2290 373 2335 contigit
423 2288 504 2324 hoc.
580 2290 824 2325 arcessiverat
866 2289 1075 2334 imperator
1122 2287 1269 2334 aliquos
1317 2286 1513 2323 Gotofredi
1546 2287 1713 2331 comites,

210 2349 302 2382 quos
354 2340 522 2374 moveret
556 2340 599 2372 ut
647 2339 770 2383 ipsum
821 2337 868 2372 ad
906 2338 964 2372 ius
1005 2337 1207 2373 iurandum
1246 2335 1507 2382 impellerent3
1545 2335 1713 2380 tritoque

210 2389 381 2432 tempore
418 2386 465 2422 ob
505 2386 695 2431 loquacem
740 2389 778 2421 et
822 2386 1085 2432 multiloquam
1116 2385 1342 2421 Latinorum
1383 2387 1557 2419 naturam
1598 2384 1712 2419 falsus

209 2434 258 2470 ad
296 2446 357 2470 eos
396 2446 527 2479 rumor
571 2435 783 2480 percurrit,
832 2436 986 2470 comites
1025 2435 1072 2471 ab
1107 2435 1338 2480 imperatore
1379 2433 1418 2468 in
1453 2432 1624 2469 custodia
1661 2436 1714 2468 te-

209 2484 301 2518 neri.
368 2483 507 2518 multae
550 2482 747 2519 confestim
792 2483 958 2529 legiones
996 2484 1036 2518 in
1081 2483 1302 2529 Byzantium
1353 2485 1471 2517 ruunt
1511 2482 1712 2527 statimque

210 2531 347 2568 eversis
384 2532 494 2577 plane
539 2531 700 2577 palatiis,
735 2543 831 2578 quae
870 2532 917 2567 ad
950 2533 1190 2578 Argenteam.
1208 2531 1387 2567 Paludem
1427 2531 1559 2573 iacent,
1599 2532 1712 2565 etiam

210 2581 357 2615 moenia
383 2580 556 2626 Byzantii
581 2583 780 2626 temptant.
833 2592 1058 2626 quamquam
1100 2581 1198 2616 enim
1236 2579 1381 2616 idoneis
1415 2578 1567 2625 quidem
1604 2579 1711 2614 urbis

210 2629 484 2674 expugnandae
508 2629 691 2664 machinis
716 2630 906 2673 carebant,
943 2633 1067 2664 tamen
1096 2628 1339 2664 multitudine
1365 2639 1431 2663 sua
1457 2627 1548 2664 freti
1573 2639 1616 2663 eo
1644 2627 1712 2663 im-

210 2677 413 2723 pudentiae
439 2680 714 2723 processerunt,
741 2680 784 2712 ut
809 2677 867 2712 vel
886 2679 1010 2724 ignem
1028 2678 1225 2713 admovere
1243 2677 1427 2713 auderent
1444 2681 1588 2722 portae,
1614 2687 1709 2722 quae

211 2729 267 2761 est
300 2725 368 2761 sub
403 2725 542 2771 palatio
576 2738 643 2762 nec
676 2725 807 2772 procul
832 2738 854 2761 a
887 2727 1023 2761 summi
1055 2726 1239 2762 antistitis
1267 2725 1412 2762 Nicolai
1438 2724 1590 2770 templo,
1618 2725 1706 2760 olim

211 2786 232 2809 a
259 2774 421 2820 quodam
457 2774 685 2819 imperatore
710 2778 895 2810 extructo.
948 2787 1015 2810 nec
1048 2775 1166 2811 solum
1208 2775 1434 2821 quicumque
1474 2785 1519 2809 ex
1557 2773 1710 2809 sordida

212 2822 422 2869 Byzantina
453 2822 560 2868 plebe
594 2828 632 2858 et
662 2822 864 2858 imbecilles
899 2823 1062 2869 bellique
1094 2824 1234 2859 insueti
1276 2829 1396 2867 erant,
1436 2823 1708 2868 conspicientes

211 2871 435 2908 Latinorum
463 2871 668 2918 phalangas
688 2872 928 2918 suspirabant
956 2872 1148 2908 eiulabant
1168 2876 1323 2918 pectora
1352 2871 1592 2918 plangebant,
1620 2871 1709 2918 quia
