1812 3184
490 256 758 295 ALEXIADIS
787 255 886 294 Lm.
917 254 966 292 X.
998 252 1063 292 ll.
1475 246 1528 290 67

32 378 226 438 μοὺντου
253 380 531 440 ἐγρηγορέναι
556 379 725 432 κακίαν,
756 379 830 423 ἵνα
856 375 1132 436 βουλόμενον
1157 382 1532 439 παρασπονδῆσαι

32 444 223 508 ἅπείργῃ
252 451 413 494 τοῦτον
438 450 520 493 τοῦ
550 445 862 508 ἐγχειρήματος
903 447 978 491 καὶ
1021 445 1094 491 διὰ
1137 445 1286 505 πάσης
1328 447 1532 504 μεθόδου

32 515 188 578 διαλύῃ
229 515 311 572 τὰς
356 517 526 563 ἐκείνου
568 514 777 575 μηχανάς.
839 513 864 560 ὁ
894 516 943 560 δὲ
971 514 1091 572 πρὸς
1116 514 1197 560 τὸν
1229 511 1535 574 αὐτοκράτορά

33 604 177 646 φησιν-
200 587 276 631 “alx
306 583 543 644 προγόνων
571 583 783 642 καθάπερ
829 584 928 629 τινὰ
972 586 1139 643 κλῆρον
1181 583 1261 644 τὴν
1303 585 1536 642 ἐπιορκίαν

0 655 107 699 final
134 654 213 700 τὸν
241 652 376 699 δόλον
418 651 448 699 ὁ
489 656 767 711 Βαῖμαῦντος
808 653 1085 712 κεκτημένος,
1130 656 1287 709 θαῦμα
1314 654 1532 710 μέγιστον,

34 720 78 767 εἷ
114 720 172 768 τοὶ
214 718 515 780 ὅμωμοσμένα
553 719 876 781 διατηρήσειεν·
925 719 1061 779 ἔγωγε
1102 721 1142 766 δ’
1183 719 1309 778 ὅμως
1346 718 1408 775 ῶς
1439 719 1537 766 ἐνὸν

34 790 218 837 σπεύσω
247 789 301 836 τὸ
325 792 616 851 προσταχθὲν
643 787 718 836 dei
735 787 1075 849 ἄποπληροῦν”.
1123 792 1197 835 καὶ
1214 788 1538 847 συνταξάμενος

33 864 99 920 τῷ
126 859 421 919 αὐτοκράτορι
450 855 631 906 ἷὶπεισιν
662 858 1009 917 ἑνωθησόμενος
1048 863 1113 919 τῷ
1153 862 1288 905 παντὶ
1330 860 1537 917 στρατεύ·

33 948 139 987 ματι
157 934 251 976 τῶν
269 932 470 975 Κελτῶν.
519 927 544 974 ὁ
576 930 728 986 μέντοι
745 925 1031 986 αὐτοκράτωρ
1059 924 1198 988 ἤθελε
1218 930 1299 987 μὲν
1315 928 1429 986 μετὰ
1448 930 1581 974 τῶνῙ)

0 1001 223 1044 ΟΚελτῶν
250 997 363 1044 κατὰ
390 1002 482 1044 τῶν
509 996 750 1056 βαρβάρων
788 993 979 1051 ἀπιέναι,
1023 998 1181 1043 ἐδεδίει
1222 999 1271 1043 δὲ
1306 997 1359 1042 τὸ
1393 994 1538 1043 αἰτῶν
1549 1002 1590 1039 P.
1618 1004 1689 1038 306

34 1062 337 1127 ἀναρίθμητον
382 1069 578 1125 πλῆθος.
637 1068 733 1112 δεῖν
777 1059 857 1112 οὖν
899 1067 1128 1125 ἐλογίσατο
1174 1066 1254 1111 τὸν
1284 1065 1539 1112 Πελεκάνον

34 1138 310 1194 καταλαβεῖν,
340 1138 397 1181 ἵν’
431 1134 618 1195 ἐγγῦθεν
647 1137 835 1190 Νικαίας
871 1137 1158 1193 ἐνδιατρίβων
1195 1133 1422 1194 μανθάνοι
1458 1137 1540 1194 μὲν

32 1204 91 1251 τὰ
118 1209 218 1260 τοῖς
242 1207 438 1260 Κελτοῖς
464 1206 775 1262 συμβαίνοντα,
807 1204 899 1263 ἅμα
927 1206 976 1251 δὲ
1005 1208 1078 1252 καὶ
1107 1205 1188 1260 τὰς
1215 1210 1306 1251 τῶν
1331 1207 1541 1263 Τούρκων

26 1273 214 1336 ἔξωθεν
244 1273 438 1335 ἐφόδους
468 1275 542 1320 καὶ
574 1273 655 1335 τὴν
683 1279 775 1320 τῶν
804 1274 928 1329 ἐντὸς
959 1277 1145 1330 Νικαίας
1176 1274 1456 1322 κατάστασιν.
1495 1275 1541 1320 ἐν

0 1344 165 1402 Βδεινῷ
194 1341 275 1401 γὰρ
307 1344 522 1397 ἐποιεῖτο,
554 1343 595 1389 εἶ
624 1342 686 1403 μή
718 1362 760 1389 τι
790 1343 1080 1403 στρατηγικὸν
1108 1345 1155 1390 ἐν
1183 1348 1247 1404 τῷ
1274 1342 1439 1402 μεταξὺ
1467 1345 1539 1389 καὶ

35 1407 169 1465 αὐτὸς
205 1410 510 1469 κατορθώσω,
555 1414 628 1458 καὶ
665 1415 965 1467 διεσκοπεῖτο,
1011 1416 1083 1459 ι’να
1129 1414 1169 1460 εἶ
1215 1412 1445 1473 ἐπιτήδεια
1485 1431 1540 1457 τα

34 1482 274 1539 πράγματα
301 1479 491 1541 εὑρήσει,
526 1476 660 1535 αὐτὸς
688 1480 769 1543 τὴν
797 1484 985 1527 Νίκαιαν
1014 1482 1091 1543 ελῃ
1122 1483 1194 1527 καὶ
1214 1481 1275 1541 μή
1308 1481 1432 1539 παρὰ
1449 1481 1692 1526 rcu321V·242

37 1551 223 1595 Κελτῶν
254 1545 391 1612 αὐτὴν
434 1551 563 1609 σχοίη
604 1548 715 1594 κατὰ
758 1549 813 1595 τὰ
844 1553 951 1608 παρ’
1000 1552 1179 1596 ἐκείνων
1224 1547 1537 1608 ομωμοσμένα.
1552 1554 1582 1589 Β

38 1614 130 1675 εἶχε
160 1613 209 1664 δὲ
238 1617 318 1678 τὴν
345 1617 512 1676 βοιλὴν
554 1617 717 1678 ταύτην
760 1618 1035 1677 ὑποβρύχιον
1077 1622 1150 1665 καὶ
1193 1627 1285 1665 πᾶν
1333 1618 1447 1677 όπερ
1490 1637 1544 1664 αν

0 1683 259 1747 οῳκονόμει
305 1705 377 1732 και
419 1686 500 1749 τήν
542 1687 687 1733 αἰτίαν
732 1690 788 1733 δι’
837 1707 889 1749 -ιν
934 1690 1097 1747 γίνεται
1139 1684 1273 1743 αιτός
1306 1690 1378 1733 καὶ
1407 1686 1545 1746 μόνος

35 1751 270 1817 ἠπίστατο,
301 1753 426 1815 μόνῳ
456 1759 520 1815 τῷ
550 1757 834 1817 Βουτουμίτῃ
880 1760 1012 1802 τοῦτο
1055 1774 1427 1814 εμπεπιστευκως
1468 1756 1540 1800 καὶ

174 1924 206 1958 1.
233 1923 487 1970 παρασπονδῆ
511 1923 553 1960 G.
701 1924 736 1959 7.
758 1920 943 1979 ὂαωμένα
969 1923 1013 1960 G.
1150 1925 1207 1961 10.
1235 1924 1385 1960 Κελτῶν
1409 1935 1481 1960 om.
1497 1923 1540 1959 G.

176 1972 232 2007 12.
385 1975 544 2010 Νικαίας
556 1970 600 2008 G.
694 1969 886 2020 μανθάνοι
913 1968 1213 2021 FG²‚51av=‘}oevr
1238 1972 1332 2008 PG¹.
1483 1973 1545 2009 16..

171 2016 404 2067 κατορθώσω
428 2020 473 2061 F,
503 2017 723 2069 κατορθώσῃ
749 2021 789 2057 Ρ.
919 2026 981 2057 καὶ
1006 2021 1540 2058 om.CG.‹51saxons1-m

126 2111 130 2114 ,
171 2069 267 2116 γοῦν
290 2067 363 2105 CG.
444 2071 478 2104 εἰ
498 2068 541 2112 F,
569 2067 637 2105 ἐὰν
660 2069 702 2105 Ρ.
795 2070 968 2115 ἐπίτηδες
991 2070 1035 2106 F.
1190 2071 1245 2106 17.
1271 2069 1333 2118 ἕλῃ
1359 2069 1404 2116 F,
1429 2066 1540 2118 ἀνέλῃ

171 2117 214 2154 Ρ.
366 2118 422 2153 18.
448 2114 689 2166 ὃμωμομένα
714 2117 788 2154 CG.
940 2120 999 2154 21.
1025 2122 1237 2168 Βουῐομίτῃ
1264 2118 1324 2156 CG

21 2290 250 2339 VBoemundi
282 2290 468 2327 malitiam
506 2292 668 2338 rogavit,
711 2295 755 2328 ut
794 2295 833 2328 et
870 2304 893 2327 a
929 2293 1050 2338 pactis
1075 2291 1267 2327 laedendis
1292 2303 1377 2327 eum
1403 2290 1545 2327 detine-

38 2343 99 2376 ret
122 2342 162 2375 et
189 2340 323 2386 quovis
349 2340 462 2376 modo
496 2341 576 2376 eius
613 2341 805 2377 machinas
840 2340 1071 2377 dissolveret.
1132 2344 1215 2376 tum
1254 2342 1286 2376 is
1324 2341 1545 2386 imperatori

9 2398 16 2403 ‘
40 2388 157 2424 “Cum
194 2400 217 2424 a
250 2390 402 2434 proavis
436 2390 648 2435 periurium
685 2402 730 2426 ac
767 2390 896 2425 dolum
927 2390 1046 2426 velut-i
1081 2389 1329 2425 hereditatem
1358 2389 1547 2434 quandam

0 2442 6 2455 ¹
39 2436 278 2473 Boemundns
300 2438 501 2484 acceperit,
526 2441 691 2474 maxime
715 2440 854 2474 mirum
877 2450 965 2474 sane
984 2439 1044 2483 sit,
1064 2438 1096 2473 si
1112 2438 1172 2473 ius
1187 2437 1391 2473 iurandum
1412 2440 1545 2473 servet.

0 2508 3 2510 <
39 2488 179 2530 tamen,
203 2488 388 2532 quantum
413 2487 454 2521 in
479 2498 539 2523 me
564 2487 651 2532 erit,
677 2499 747 2534 ego
768 2488 833 2523 isti
856 2491 943 2523 tuae
962 2487 1152 2523 voluntati
1171 2498 1374 2543 numquam
1395 2486 1519 2522 deero.
1523 2486 1545 2504 ⁷²

0 2555 8 2580 g
40 2534 204 2571 salutato
229 2534 317 2570 dein
342 2536 574 2581 imperatore
600 2515 675 2572 to’ti
714 2548 752 2571 se
777 2536 971 2572 Gallorum
996 2536 1182 2572 exercitui
1210 2535 1458 2571 adiuncturus
1483 2535 1547 2570 ab·

0 2582 10 2631 ῗῑ
40 2583 96 2619 iit.
164 2594 297 2619 verum
336 2584 544 2630 imperator
578 2597 664 2621 cum
697 2597 773 2620 una
807 2597 890 2621 cum
917 2584 1033 2620 Gallis
1065 2585 1105 2619 in
1137 2584 1322 2620 barbaros
1359 2582 1547 2629 proficisci

0 2644 10 2689 {2
39 2632 229 2676 voluisset,
268 2632 411 2668 veritus
443 2636 571 2668 tamen
608 2633 921 2669 innumerabilem
962 2645 1092 2669 eorum
1138 2633 1285 2678 copiam
1320 2631 1544 2687 Pelecanum

0 2680 205 2716 eundum
249 2680 379 2726 ibique
413 2682 637 2717 manendum
676 2683 835 2725 censuit,
879 2685 923 2718 ut
962 2685 1121 2728 propter
1158 2681 1317 2716 Nicaeae
1354 2681 1544 2724 viciniam,

0 2733 29 2766 ἰκ-
41 2739 135 2774 quae
159 2733 195 2765 et
225 2728 340 2764 Gallis
363 2729 578 2766 acciderent
604 2734 644 2767 et
657 2730 804 2767 Turcae
835 2731 937 2766 intra
962 2730 1141 2766 Nicaeam
1166 2730 1333 2785 forisque
1357 2732 1544 2776 gererent,

0 2775 207 2845 {resch-et.
257 2789 380 2824 neque
406 2779 505 2814 enim
534 2779 691 2825 dignum
718 2792 757 2815 se
781 2780 964 2823 indicam,
999 2780 1030 2814 si
1065 2778 1162 2814 nihil
1193 2778 1274 2824 ipse
1297 2779 1443 2814 interea
1468 2777 1543 2812 bel-

0 2825 133 2869 sslicae
157 2825 303 2873 gloriae
329 2826 401 2862 sibi
434 2839 504 2872 par
505 2833 598 2871 aret,
636 2829 831 2864 occasione
856 2828 985 2864 oblata
1008 2828 1089 2873 ipse
1113 2826 1261 2862 studuit
1285 2826 1463 2862 Nicaeam
1488 2837 1544 2860 re-

14 2877 27 2904 -13
40 2885 223 2920 euperare
246 2886 316 2910 nec
341 2887 363 2911 a
378 2875 507 2923 Gallis,
532 2880 648 2923 prout
664 2877 783 2913 iurati
799 2880 919 2922 erant,
945 2876 1125 2922 accipere.
1152 2875 1193 2911 id
1209 2879 1334 2911 autem
1349 2875 1546 2911 consilium

12 2933 169 2974 somnes
203 2923 339 2960 celavit
370 2935 520 2971 unoque
544 2925 741 2962 Butumite
775 2926 925 2962 conscio
950 2937 1040 2961 usus
1065 2925 1146 2971 ipse
1172 2924 1272 2960 solus
1297 2935 1393 2970 quae
1417 2925 1547 2970 ageret
