1812 3184
265 232 319 271 70
773 233 938 268 ANNAE
975 230 1242 267 OOMNENAE

263 353 529 412 προσμένειν
559 348 632 395 διὰ
664 347 743 407 τὴν
773 345 934 394 σπάνιν
963 349 1052 391 τῶν
1081 343 1390 405 βοσκημάτων,
1415 345 1546 392 εἶκαὶ
1575 346 1655 407 τὴν
1673 350 1759 392 τοῦ

260 422 476 480 βασιλέως
501 416 612 477 μετὰ
641 421 721 462 τοῦ
740 412 951 475 Ἰσαγγέλη
982 410 1194 472 οῗνέμενον
1215 409 1378 476 ἄφιξιν,
1409 417 1481 461 ἵνα
1513 420 1639 461 κεῖθι
1658 432 1759 461 συν-

263 489 498 548 ταξάμενοι,
525 484 644 546 αὔτῴ
673 490 753 544 τῆς
784 483 899 543 πρὸς
931 485 1116 529 Νίκαιαν
1147 487 1373 544 φερούσης
1403 483 1622 540 ἅψωνται,
1656 487 1760 544 διχῆ

264 560 564 618 διαιρεθέντες
593 555 635 601 οἳ
666 557 745 613 μὲν
775 554 848 600 διὰ
882 558 962 613 τῆς
991 557 1203 599 Βιθυνῶν
1242 556 1315 599 καὶ
1351 558 1429 614 τῆς
1461 556 1760 614 Νικομηδείας

222 630 381 688 Βπρος
404 630 587 674 Νίκαιαν
613 621 814 685 ἤλαυνον,
850 621 890 668 οἳ
922 624 970 668 δὲ
999 622 1077 667 τὸν
1107 626 1188 680 τῆς
1206 627 1420 680 Κιβωτοῧ
1451 622 1796 684 ὁιανηξάμενοιδ

265 696 480 756 πορθμὸν
498 697 541 749 ἐς
560 690 720 739 ταύτὸν
741 690 1107 751 συνεληλύθεσαν.
1137 693 1209 736 καὶ
1231 690 1348 736 οὕτω
1370 696 1424 754 τῇ
1439 693 1602 753 Νικαίᾳ
1623 712 1763 751 προσ-

265 764 540 819 πελάσαντες
564 763 668 818 τοιῗς
691 762 890 822 πύργους
909 760 1074 815 καὶτὰς
1093 760 1256 819 μεταξὺ
1282 763 1488 819 κορτίνας
1507 763 1662 823 σφίσιν
1691 760 1764 807 αὖ·

268 841 364 889 τοῖς
393 835 676 894 διενείμαντο,
710 831 819 876 κατὰ
849 831 998 887 τάξεις
1027 829 1152 884 τινας
1190 829 1272 889 τήν
1300 832 1583 889 τειχομαχίαν
1613 835 1764 877 ποιεῖν

265 901 621 963 βουλευσάμενοι,
654 902 708 946 ἵν’
750 902 963 946 ἐντεῦθεν
996 900 1147 957 ἕτερος
1193 898 1310 956 πρὸς
1348 899 1502 957 ἕτερον
1547 901 1766 958 ἐρίζοντες

266 973 594 1033 καρτερωτέραν
636 970 714 1031 τὴν
755 971 1018 1027 πολιορκίαν
1064 973 1299 1015 ποιοῖντο·
1342 968 1394 1014 τὸ
1426 970 1474 1015 δὲ
1505 971 1642 1027 λάχος
1684 974 1765 1015 τοῦ
1780 984 1812 1020 1(

268 1039 479 1100 Ἰσαγγέλη
523 1038 648 1086 κενὸν
705 1037 910 1092 ἐάσαντες
950 1037 1030 1099 τὴν
1066 1039 1234 1084 ἐκείνου
1275 1040 1556 1097 προσέμενον
1600 1034 1763 1100 ἄφιξιν.

228 1123 254 1159 C
269 1112 313 1156 ἐν
332 1106 476 1169 ταύτῷ
507 1109 555 1154 δὲ
584 1110 657 1154 καὶ
679 1107 702 1153 ὁ
723 1108 1007 1166 αὐτοκράτωρ
1029 1106 1107 1151 τὸν
1127 1105 1383 1153 Πελεκάνον
1415 1108 1626 1166 κατέλαβε
1647 1106 1760 1154 κατὰ

268 1183 370 1224 νοῦν
406 1177 518 1234 ἔχων
548 1176 630 1237 τήν
662 1178 857 1230 Νίκαιαν,
890 1174 951 1230 ὠς
988 1174 1011 1221 ὁ
1044 1177 1174 1235 λόγος
1204 1174 1390 1236 φθάσας
1430 1174 1662 1240 ἐδήλωσεν.
1714 1175 1765 1222 ὀὶ

268 1248 315 1293 δὲ
346 1246 468 1300 ἐντὸς
499 1247 683 1300 Νικαίας
711 1244 926 1304 βάρβαροι
958 1244 1036 1290 τὸν
1070 1243 1312 1291 σουλτάνον
1341 1244 1558 1300 πολλάκις
1583 1246 1647 1300 εἶς
1685 1244 1766 1308 τὴν

267 1319 395 1375 σφῶν
422 1311 567 1360 αὐτῶν
597 1310 771 1376 ἀρωγὴν
808 1316 1167 1372 μετεπέμποντο.
1229 1315 1397 1360 ἐκείνου
1435 1316 1483 1360 δέ·
1522 1333 1566 1360 τι
1601 1316 1765 1372 βραδύ·
1781 1330 1812 1365 ιε

109 1395 149 1431 Ρ.
181 1397 253 1431 310
269 1402 421 1437 νοντος
449 1385 521 1428 καὶ
548 1387 625 1442 τῆς
665 1385 927 1440 πολιορκίας
961 1385 1009 1440 ἐξ
1039 1379 1257 1443 ἀνατολῆς
1301 1383 1427 1445 ἡλίου
1474 1385 1601 1442 μέχρι
1632 1402 1763 1429 κατα-

267 1452 435 1507 δύσεως
479 1449 612 1515 αὖτῆς
657 1455 701 1499 ἐν
732 1456 920 1508 πολλαῖς
951 1449 1032 1513 ἤδη
1065 1455 1293 1513 γινομένης
1334 1454 1525 1513 ἡμέραις,
1572 1454 1672 1499 ἐπεὶ
1721 1454 1767 1498 ἐν

272 1526 413 1581 στενῷ
442 1524 601 1583 κομιδῆ
629 1521 684 1566 τὰ
710 1523 802 1567 κατ’
833 1520 994 1577 αι’-τους
1023 1521 1187 1579 ἑώρων,
1230 1520 1642 1583 γνωσιμαχήσαντες
1670 1523 1766 1579 βέλ-

267 1609 362 1636 τιον
393 1593 776 1650 προσεληλυθέναι
796 1596 859 1651 τῷ
879 1594 1054 1649 βασιλεῖ
1084 1590 1112 1637 3³
1135 1590 1259 1649 παρὰ
1276 1595 1367 1636 τῶν
1393 1593 1580 1637 Κελτῶν
1601 1589 1767 1636 ἆλῶναι

273 1658 527 1718 ἐγνώκεσαν.
557 1662 900 1717 μετακαλοῧνται
917 1663 1064 1706 τοίνυν
1088 1661 1157 1706 ἐπ’
1183 1659 1296 1706 αὐτὸ
1317 1663 1451 1706 τοῦτο
1472 1658 1552 1706 τόν
1573 1665 1767 1706 Βουτου·
1780 1676 1812 1711 24

273 1729 402 1787 μίτην
428 1726 538 1772 τόσα
582 1729 654 1772 καὶ
693 1726 804 1774 τόσα
833 1726 981 1787 ἀγαθὰ
1012 1727 1134 1786 παρὰ
1166 1732 1245 1774 τοῦ
1275 1729 1494 1786 βασιλέως
1523 1729 1770 1774 πείσεσθαι

271 1795 343 1842 διὰ
373 1795 639 1855 γραμμάτων
671 1801 839 1853 συχνῶν
869 1796 1083 1852 πολλάκις
1117 1794 1277 1852 αὐτοῖς
1305 1795 1696 1857 ἐπαγγελλόμενον,
1730 1796 1770 1843 εἶ

400 1891 433 1925 3.
460 1887 630 1935 ἅψωνται
657 1890 730 1934 FC,
756 1888 920 1936 ἅψονται
944 1892 984 1928 Ρ.
1134 1894 1169 1929 4.
1198 1895 1233 1928 οἱ
1258 1892 1305 1938 A,
1331 1891 1350 1928 ὁ
1377 1892 1417 1928 P.
1515 1894 1697 1931 Βιθυνίας
1722 1891 1768 1928 A.

403 1940 434 1974 5.
459 1934 619 1983 ἤλαυνον
634 1939 679 1984 Α,
710 1937 864 1984 ἤλαυνεν
878 1941 916 1977 Ρ.
1023 1944 1077 1977 12.
1106 1943 1147 1979 ἐν
1174 1939 1294 1989 ταὺτῴ
1306 1941 1382 1983 AC,
1409 1942 1571 1977 ἐνταῦθα
1596 1940 1636 1977 Ρ.
1688 1954 1770 1976 κατ-

401 1989 507 2032 έλαβε
534 1988 612 2033 FA,
643 1991 846 2034 κατέλαβεν
864 1989 903 2026 Ρ.
1070 1993 1123 2027 15.
1151 1989 1302 2039 ἀρωγὴν
1316 1990 1425 2036 FAC,
1451 1986 1629 2037 ἇρῥωγὴν
1642 1989 1689 2025 P:
1717 1990 1770 2026 sic

401 2036 479 2072 fere
505 2049 661 2083 semper.
733 2034 983 2084 βραδύναντος
998 2039 1033 2075 C.
1126 2041 1183 2076 20.
1211 2038 1300 2075 αὐτὸ
1318 2040 1425 2075 τοῦτο
1444 2039 1596 2086 scripsi:
1614 2035 1715 2085 αὐτῷ
1726 2038 1766 2074 Ρ.

401 2086 458 2120 22.
494 2083 822 2135 ἐπαγγελλόμενον
848 2088 928 2134 FA,
966 2085 1274 2137 ἕπαγγελόμενον
1299 2089 1340 2134 P,
1378 2083 1705 2136 ἐπαγγειλάμενον
1729 2086 1769 2124 C.

267 2178 416 2202 manere
449 2178 524 2202 non
562 2175 724 2213 possent,
761 2170 833 2205 etsi
870 2171 1110 2216 imperatoris
1150 2184 1235 2208 cum
1262 2171 1430 2218 Isangele
1466 2169 1670 2206 adventum
1704 2182 1768 2216 op-

265 2216 381 2261 periri
408 2216 693 2262 constituerant,
728 2220 771 2252 ut
796 2220 985 2255 coniuncti
1019 2232 1103 2256 cum
1132 2233 1175 2256 eo
1202 2220 1379 2257 Nicaeam
1405 2222 1619 2266 pergerent,
1646 2218 1768 2254 diviso

267 2265 415 2310 agmine
454 2263 509 2298 illi
542 2275 608 2310 per
644 2265 825 2312 Bithynos
859 2267 1190 2316 Nicomediamque
1229 2282 1266 2305 se
1298 2268 1542 2305 contulerunt
1581 2267 1768 2312 Nicaeam,

267 2313 331 2348 alii
358 2312 480 2347 Ciboti
513 2312 612 2348 freto
645 2315 803 2350 traiecto
843 2316 891 2351 ad
914 2317 1073 2352 eundem
1105 2319 1228 2354 locum
1256 2320 1526 2354 convenerunt.
1577 2319 1691 2363 atque
1714 2317 1770 2351 ita

267 2360 426 2396 Nicaeae
477 2362 830 2408 appropinquarunt
876 2368 1074 2411 turresque
1128 2368 1233 2403 urbis
1271 2367 1536 2412 moeniumque
1567 2366 1672 2400 ⁴inter
1709 2377 1770 2400 cas

267 2409 400 2444 loricas
435 2410 534 2444 inter
572 2421 609 2445 se
648 2413 793 2458 partiti,
835 2425 909 2458 quo
944 2416 1066 2450 acrior
1099 2416 1333 2463 singulorum
1367 2414 1617 2450 aemulatione
1651 2426 1770 2460 oppu—

268 2458 396 2513 gnatio
421 2462 528 2503 esset,
567 2459 700 2495 ordine
740 2461 901 2506 quodam
941 2475 1068 2499 muros
1098 2468 1254 2511 quatere
1280 2467 1515 2508 statuerunt;
1554 2462 1656 2509 quod
1681 2474 1769 2498 vero

268 2517 455 2562 moenium
480 2506 641 2553 Isangeli
672 2513 772 2545 sorte
807 2516 992 2556 evenerat,
1031 2513 1070 2548 id
1104 2526 1261 2549 vacuum
1298 2513 1536 2558 reliquerunt
1567 2511 1771 2547 adventum

269 2567 346 2590 eius
361 2556 606 2611 opperientes.
655 2558 781 2593 eodem
798 2562 966 2605 tempore
984 2562 1192 2608 imperator
1208 2562 1431 2598 Pelecanum
1457 2561 1570 2607 petiit
1587 2561 1770 2607 cogitans,

271 2606 312 2638 ut
339 2603 448 2658 modo
477 2604 567 2649 dixi,
593 2605 638 2640 de
664 2607 846 2652 capienda
871 2608 1017 2645 Nicaea.
1069 2612 1132 2646 sed
1152 2612 1216 2657 qui
1235 2611 1410 2647 Nicaeam
1436 2609 1661 2645 obtinebant
1686 2609 1771 2644 bar-

267 2653 362 2696 ban,
398 2663 482 2687 cum
518 2664 625 2698 saepe
663 2667 731 2700 per
764 2657 916 2692 nuntios
950 2661 1161 2695 cunctantis
1190 2660 1329 2695 sultani
1360 2659 1543 2695 auxilium
1576 2658 1770 2704 imploras-

269 2703 366 2755 sent4
388 2703 669 2747 oppugnatione
695 2704 823 2740 multis
858 2705 989 2742 diebus
1026 2720 1047 2742 a
1083 2709 1169 2744 solis
1215 2712 1303 2744 ortu
1347 2708 1395 2744 ad
1437 2718 1609 2744 occasum
1651 2717 1770 2753 usque

267 2751 486 2804 continuata
529 2762 663 2796 magna
700 2754 868 2788 omnium
917 2768 1043 2791 rerum
1084 2758 1212 2803 inopia
1262 2757 1384 2794 coacti
1423 2755 1513 2803 quid
1553 2755 1768 2792 faciendum

267 2800 363 2833 esset
399 2797 725 2844 deliberaverunt;
769 2802 920 2837 tandem
964 2805 1096 2840 melius
1132 2809 1359 2841 censuerunt
1409 2805 1456 2841 ad
1496 2805 1766 2850 imperatorem

269 2845 444 2902 accedere
482 2858 594 2892 quam
640 2860 661 2882 a
706 2849 820 2886 Gallis
859 2852 952 2897 capi.
1024 2865 1138 2899 quare
1188 2855 1408 2890 Butumiten
1461 2854 1621 2898 adeunt,
1661 2853 1770 2889 cuius

267 2895 407 2931 litteris
443 2897 504 2931 tot
541 2898 722 2943 tantaque
765 2900 1007 2947 imperatoris
1051 2903 1219 2951 praemia
1257 2903 1534 2941 ostentantibus
1575 2913 1686 2950 saepe
1722 2901 1771 2938 ad
