1734 3120
229 217 311 258 326
733 224 898 259 ANNAE
925 223 1191 257 COMNENAE

229 336 420 397 ἀρούρας
449 341 531 397 τῆς
551 335 704 392 Ἄσίας
732 335 908 390 ἁπάσας
937 337 1010 381 καὶ
1033 334 1111 388 τὰς
1137 333 1362 390 πεδιάδας,
1392 335 1451 390 ὠς
1479 334 1589 398 μήτε
1621 341 1716 391 τοῖς

230 404 495 465 ἀνθρώποις
524 406 634 465 μήτε
667 410 763 460 τοῖς
782 408 946 458 ἵπποις
975 402 1146 463 τροφὴν
1176 402 1227 447 τὸ
1261 401 1476 461 παράπαν
1496 409 1714 461 παρεῖναι,

230 471 321 520 ἄπο
351 477 399 520 δὲ
429 478 519 519 τῶν
548 471 780 532 οἷνωτέρων
799 477 948 531 μερῶν
977 467 1085 531 α’λλι]
1114 469 1351 553 βαρβαρων
1382 471 1549 531 εφοδος
1576 474 1719 531 διεκι-

232 562 439 601 ρυκευετο
470 545 542 588 καὶ
575 542 600 602 ἡ
632 541 756 603 φήμη
785 541 893 601 αὐτη
926 539 1186 603 ὑπόπτερος
1214 538 1391 586 ἅπασαν
1420 542 1612 598 διέτρεχε
1638 540 1721 609 τήν

230 609 396 666 Ἀσίαν,
447 610 498 655 το
530 614 610 668 μὲν
639 612 807 665 ἐδεδίει,
840 609 900 671 μὴ
933 611 977 655 ἐν
1008 613 1071 668 τῶ
1102 608 1218 666 πρὸς
1235 605 1414 654 Ἰκόνιον
1440 607 1719 666 ἀπέρχεσθαι

231 679 351 725 α’παν
383 680 436 725 τὸ
467 677 716 737 στράτευμα
746 681 875 736 λιμοῦ
908 676 1210 735 παρανάλωμα
1241 676 1313 723 διὰ
1330 676 1410 738 τὴν
1438 676 1604 724 σπάνιν
1632 683 1721 723 τῶν

185 747 550 807 Βχορτασμάτων
593 750 777 807 γένηται,
822 746 874 793 τὸ
923 748 971 792 δὲ
1018 747 1088 791 καὶ
1136 747 1240 800 τούς
1285 748 1600 805 ἐλπιζομένους
1631 749 1722 793 ἐκεῖ

232 816 484 897 βαρβάρους
530 814 818 899 ὑφορώμενος
866 810 1048 874 ἤχθετο.
1127 814 1292 874 βουλὴν
1339 807 1416 860 οὖν
1465 815 1721 872 βουλεύεται

235 884 420 944 συνετήν
467 903 514 930 τε
559 886 632 930 καὶ
677 883 911 942 τολμηράν,
962 882 1077 929 Θεὸν
1121 885 1413 943 ἐπερωτῆσαι,
1460 883 1500 930 εἰ
1531 883 1611 944 χρὴ
1645 887 1724 944 τῆς

237 973 353 1010 προς
397 972 448 998 το
480 949 657 998 Ἰκόνιον
701 952 886 1009 ε’χεσθαι
915 950 942 1012 ἦ)
970 951 1080 997 κατὰ
1113 956 1202 996 τῶν
1230 954 1338 1010 περὶ
1366 951 1417 998 τὸ
1453 952 1722 1013 Φιλομήλιον

82 1031 126 1068 V.
154 1032 224 1068 373
238 1024 475 1083 ἐξορμῆσαι
503 1020 757 1102 βαρβάρων.
816 1023 861 1067 ἐν
895 1022 994 1066 δυσὶ
1031 1025 1134 1080 γοῦν
1171 1022 1367 1079 χαρτίοις
1405 1023 1510 1079 περὶ
1549 1018 1725 1067 τούτων

238 1108 523 1151 επερωτησας
552 1092 624 1135 καὶ
653 1085 832 1145 ανωθεν
861 1092 940 1150 τῆς
972 1087 1093 1146 ιερᾶς
1122 1091 1428 1147 καταθέμενος
1456 1093 1592 1135 ταῦτα
1622 1108 1725 1148 τρα-

236 1160 370 1218 πέζης
399 1157 637 1215 παννύχιον
666 1157 744 1204 τὸν
770 1157 907 1216 ὕμνον
938 1159 1010 1203 καὶ
1033 1158 1221 1212 ἐκτενεῖς
1251 1162 1314 1217 τῷ
1348 1161 1449 1218 Θεῷ
1470 1160 1723 1219 προσέφερε

234 1228 314 1281 τὰς
347 1225 568 1284 ἐντεύξεις.
633 1225 743 1271 κατὰ
777 1227 825 1272 δὲ
852 1225 904 1271 τὸ
946 1227 1226 1284 περίορθρον
1265 1224 1486 1272 εἰσελθών
1521 1225 1544 1272 ὁ
1584 1224 1725 1284 ἱερεὺς

234 1298 307 1342 καὶ
328 1294 522 1354 θάτερον
550 1299 639 1340 τῶν
659 1296 882 1340 τεθέντων
903 1296 1093 1352 χαρτίων
1114 1290 1445 1352 ἅναλαβόμενος
1461 1296 1532 1339 καί
1554 1313 1724 1352 παρου-

237 1366 313 1425 σίᾳ
341 1362 477 1418 λύσας
507 1361 718 1409 ἁπάντων
748 1362 1073 1422 ’ὗπανεγίνωσκε
1096 1367 1159 1423 τῷ
1188 1360 1482 1421 αὖτοκράτορι
1511 1366 1590 1425 τῆς
1609 1361 1724 1420 προς

234 1431 287 1477 τὸ
302 1430 573 1491 Φιλομήλιον
592 1433 866 1488 ἆνθέξεσθαι
887 1430 994 1476 ὁδοῦ
1011 1429 1434 1490 παρακελευόμενον.
1463 1428 1574 1476 ἄλλα
1588 1433 1725 1476 ταῦτα

83 1511 123 1547 Ρ.
151 1513 222 1547 472
236 1501 316 1559 μὲν
345 1500 399 1545 τὰ
428 1501 539 1546 κατὰ
566 1498 643 1545 τὸν
670 1498 990 1558 αὐτοκράτορα·
1034 1499 1058 1546 ὁ
1089 1502 1138 1546 δέ·
1161 1518 1208 1559 γε
1241 1499 1416 1559 Βάρὸας
1446 1499 1470 1546 ὁ
1500 1498 1724 1559 Βοὺρτζης

237 1570 282 1614 ἐν
311 1572 374 1628 τῷ
407 1568 592 1624 ἔχεσθαι
621 1572 698 1627 τῆς
725 1564 804 1628 ἤδη
828 1569 1037 1628 ῥηθείσης
1066 1567 1177 1614 ὁδοῦ
1200 1568 1453 1626 στράτευμα
1473 1567 1592 1614 πολύ
1616 1574 1727 1613 θεα-

238 1633 432 1693 σάμενος
460 1634 684 1695 ἑνωθῆναι
725 1634 837 1694 μετὰ
880 1639 961 1682 τοῦ
1001 1634 1269 1683 Μονολύκου
1302 1635 1374 1682 διὰ
1417 1640 1496 1695 τῆς
1539 1634 1728 1696 γεφύρας

235 1706 319 1749 τοῦ
351 1701 517 1763 Ζόμπη
548 1703 836 1763 ἐπειγόμενον
862 1703 1069 1763 παρευθῦ
1103 1703 1403 1764 ὁπλισάμενος
1436 1705 1725 1763 συμμίγνυται

374 1857 406 1890 1.
431 1850 580 1894 ἁπάσας
605 1855 643 1900 C,
673 1852 777 1891 ἁπάσ
781 1869 821 1901 ης
845 1855 885 1891 P.
1040 1858 1075 1892 4.
1101 1852 1190 1901 αὕτη
1215 1856 1255 1901 P,
1281 1852 1370 1899 ἀύτη
1392 1856 1431 1892 C.
1586 1858 1642 1892 10.
1639 1857 1724 1951 χ17.

370 1899 577 1951 Φιλομήλιν
600 1883 666 1939 CP.
814 1904 870 1940 12.
895 1905 1006 1940 ταῦτα
1033 1905 1180 1951 scripsi:
1207 1901 1336 1949 ταύτης
1360 1904 1431 1941 PC.
1560 1906 1614 1941 15.

370 1956 458 1989 τίων
480 1952 519 1998 C,
540 1956 709 2010 χαρτίον
716 1952 755 1988 Ρ.
853 1957 1038 2001 παρουσίᾳ
1064 1953 1216 2000 scripsi:
1243 1956 1430 2000 παρρησίᾳ
1458 1952 1527 1989 GP.
1639 1918 1728 1989 χ18.

372 1999 392 2036 ὁ
418 1980 600 2048 Βούρϊζης
626 2000 664 2045 C,
690 1999 710 2036 ὁ
739 2012 809 2038 om.
838 2001 877 2038 P.

238 2151 381 2194 segetes
406 2160 630 2196 camposque
656 2149 875 2205 incendisse,
914 2153 958 2186 ut
982 2161 1103 2196 neque
1143 2149 1359 2186 hominibus
1397 2159 1516 2193 neque
1553 2147 1730 2183 iumentis

238 2196 443 2243 quidquam
469 2197 545 2233 cibi
571 2197 735 2233 inveniri
760 2201 897 2244 posset.
964 2201 1159 2244 praeterea
1193 2209 1237 2233 ex
1277 2196 1532 2243 superioiibus
1558 2196 1730 2242 partibus

238 2257 335 2281 nova
360 2245 556 2281 imminere
596 2246 847 2282 barbarorum
875 2247 1039 2283 incursio
1075 2246 1282 2289 dicebatur,
1320 2257 1436 2292 eaque
1471 2244 1571 2280 fama
1609 2247 1729 2279 totam

238 2293 367 2330 Asiam
394 2294 620 2339 percrebuit.
674 2296 811 2330 metuit
835 2296 954 2342 igitur
978 2307 1024 2330 ne
1048 2295 1088 2330 in
1113 2295 1250 2330 itinere
1276 2294 1441 2330 Iconium
1469 2304 1585 2339 usque
1610 2292 1730 2328 omnis

239 2342 424 2378 exercitus
462 2342 570 2378 famis
607 2343 749 2388 praeda
786 2343 894 2379 fieret
929 2344 977 2379 ob
1002 2342 1226 2390 pabuloium
1251 2342 1442 2388 inopiam3
1469 2341 1580 2377 simul
1614 2344 1729 2376 tene-

239 2391 331 2425 bant
359 2402 442 2426 eum
467 2391 633 2431 barbari,
667 2392 731 2438 qui
769 2392 824 2427 ibi
865 2392 1171 2438 expectabantur.
1241 2402 1357 2437 quare
1393 2389 1590 2426 consilium
1627 2389 1730 2435 capit

239 2438 402 2483 prudens
426 2439 520 2475 illud
546 2440 694 2486 quidem
722 2440 785 2476 sed
813 2440 948 2486 audax,
967 2444 1010 2476 ut
1035 2440 1096 2476 dei
1116 2440 1339 2476 sententiam
1358 2439 1582 2485 exquireret,
1602 2440 1729 2473 utrum

241 2486 406 2522 Iconium
430 2500 557 2523 versus
582 2488 882 2534 proficisceretur
907 2500 954 2524 an
979 2488 1134 2525 duceret
1152 2490 1356 2524 exercitum
1388 2490 1521 2522 contra
1539 2486 1729 2529 barbaros,

240 2535 303 2581 qui
330 2536 429 2571 circa
447 2536 707 2572 Philomelium
733 2540 983 2573 versarentur.
1024 2538 1065 2573 in
1081 2537 1226 2573 duabus
1243 2537 1343 2572 enim
1369 2535 1509 2572 chartis
1535 2534 1604 2570 hac
1620 2534 1666 2569 de
1689 2546 1730 2569 re

240 2587 482 2628 percontatur
509 2585 629 2631 iisque
656 2597 769 2631 supra
788 2597 931 2622 sacram
948 2597 1112 2621 mensam
1129 2585 1319 2622 collocatis
1334 2587 1415 2620 tota
1428 2586 1538 2619 nocte
1552 2583 1727 2629 hymnum

240 2631 508 2679 continuasque
531 2645 657 2679 preces
674 2633 742 2669 deo
767 2634 894 2680 offert;
925 2646 968 2670 ac
992 2634 1183 2671 diluculo
1173 2645 1363 2680 ingressus
1383 2631 1553 2668 sacerdos
1571 2631 1729 2667 alteram

240 2678 493 2724 depositarum
520 2681 734 2717 chartarum
750 2694 835 2718 cum
853 2683 1079 2728 sumpsisset,
1098 2682 1263 2728 explicat
1286 2693 1411 2718 coram
1429 2679 1602 2716 omnibus
1624 2678 1730 2726 legit-

241 2739 334 2772 que-3
361 2740 454 2772 quae
478 2732 522 2765 ut
546 2730 804 2766 Philomelium
831 2743 958 2767 versus
984 2732 1056 2766 iter
1082 2731 1296 2777 suscipexmet
1336 2729 1557 2775 imperatoii
1602 2728 1730 2763 suasit.

242 2775 420 2811 hacteuus
446 2777 491 2812 de
516 2778 755 2824 imperatore
817 2779 967 2815 interim
1000 2779 1141 2815 Bardas
1175 2778 1342 2824 Burtzes,
1379 2778 1470 2814 dum
1501 2788 1591 2821 eam,
1618 2788 1729 2821 quam

243 2823 418 2867 diximus,
444 2827 543 2862 viam
577 2827 758 2872 sequitur,
797 2839 975 2874 magnum
1014 2827 1119 2864 videt
1154 2827 1371 2869 exercitum,
1399 2825 1464 2872 qui
1501 2836 1569 2871 per
1597 2824 1730 2879 Zompi

246 2875 398 2919 pontem
424 2873 619 2920 Monolyco
646 2875 872 2922 coniungere
906 2888 944 2912 se
970 2876 1157 2922 studebat,
1183 2876 1383 2922 statimque
1407 2874 1591 2920 correptis
1619 2872 1730 2909 armis
