1806 3132
498 224 554 261 ns
580 222 871 263 ALEXIADEM
899 227 1062 264 NOTAE
1438 222 1520 269 513

35 339 240 385 Ecclesia.
273 340 340 384 12.
370 339 542 394 Quaem.
563 342 604 384 3.
630 341 830 398 Exempla
860 343 911 386 de
939 343 1153 388 distractis
1176 345 1384 390 Ecclesiae
1414 349 1522 393 vasis

35 399 89 442 ob
117 397 444 453 redemptionem
474 397 751 453 captivorum,
782 399 850 443 vel
880 400 1126 445 alimoniam
1150 415 1391 457 pauperum,
1426 419 1523 460 pro-

37 454 155 498 stant
188 453 299 509 apud
320 453 514 497 Priscum
542 454 587 497 in
603 454 819 511 Excerptis
849 456 900 499 de
928 457 1073 513 Legat.
1093 458 1308 502 Victorem
1336 461 1520 506 Uticens.

34 510 109 554 lib.
135 511 172 554 1.
202 509 421 554 Possidon.
450 510 496 554 in
515 511 618 554 Vita
654 511 696 555 S.
729 513 962 568 Augustini
997 527 1086 569 cap.
1108 515 1174 558 24.
1204 515 1364 559 Socrat.
1393 517 1465 562 lib.
1483 520 1522 563 7.

35 567 914 669 3313ssgovfflagiagisssscssffladxmmf.
945 570 1522 684 ἶῗοῡῑθῧῗὲὲῧὲὶ.ἶῗὲἑθέ1ἓῇ

35 681 223 725 eamdem
257 680 511 724 sententiam
540 681 776 736 Epistolam
817 683 1058 727 Melchioris
1102 684 1280 728 Incoferi
1323 686 1368 728 in
1396 687 1521 731 Notis

35 737 190 782 Allatii
222 737 277 781 ad
306 749 398 793 cap.
418 739 458 781 3.
487 738 773 805 Acropolitae.

167 790 490 865 Xaqdypavog]
541 798 768 862 Xaqayua'
808 797 871 840 est
921 798 1088 842 moneta
1136 798 1317 854 signata.
1367 799 1565 854 Ducas‚B

34 846 166 907 Χάρα
190 866 254 906 μα
281 852 483 907 αργυρῶν
507 849 704 905 χιλιάδας
732 866 759 906 ς
774 887 783 896 .
818 853 1054 898 Character
1071 854 1205 898 Paulo
1226 855 1345 899 Diac.
1362 856 1435 899 lib.
1455 858 1519 900 19.

34 909 147 952 Hist.
213 908 223 918 ’
249 921 284 952 c.
315 903 572 964 Χαρᾶσσειν
601 908 850 965 νομίσματα
880 910 953 954 καὶ
983 907 1257 968 Μιλιαρήσια
1286 913 1396 968 apud
1417 913 1520 969 Syn-

34 965 200 1009 cellum.
263 966 376 1009 Hinc
403 964 769 1022 Paracharayma,
799 969 968 1011 moneta
997 967 1248 1021 adulterina,
1278 969 1390 1024 apud
1421 969 1523 1013 Cas-

33 1022 200 1066 sianum
229 1021 382 1066 Collat.
406 1023 443 1065 1.
473 1035 564 1078 cap.
585 1025 654 1067 20.
685 1024 753 1067 22.
792 1025 834 1067 et
863 1024 1015 1068 Collat.
1036 1026 1076 1067 2.
1112 1037 1201 1080 cap.
1224 1026 1263 1068 9.
1304 1026 1346 1069 et
1382 1025 1524 1070 Para-

33 1080 291 1133 caraximus‚
334 1079 445 1134 apud
490 1079 665 1123 Petrum
707 1081 966 1124 Damianum
1007 1081 1080 1124 lib.
1103 1082 1141 1124 2.
1173 1082 1305 1137 Epist.
1329 1083 1365 1125 1.
1396 1096 1523 1139 quam

34 1148 179 1179 vocem
223 1136 286 1180 sic
328 1136 631 1192 interpretatur
661 1136 872 1182 Aelfricus
916 1138 962 1181 in
989 1137 1124 1181 Gloss.
1154 1138 1304 1182 Saxon.
1332 1138 1522 1184 Paraca-

33 1193 248 1236 raoeimus:
290 1192 408 1236 Flas
426 1194 607 1250 peninq.
637 1193 682 1236 id
708 1195 783 1247 est,
810 1194 942 1239 falsus
972 1195 1179 1238 denarius.
1248 1195 1351 1239 Inde
1394 1197 1521 1239 etiam

33 1249 380 1294 Paracharactae
407 1249 524 1303 dicti,
565 1251 638 1306 qui
683 1250 815 1294 falsos
856 1264 1050 1295 nummos
1090 1251 1250 1295 cudunt
1278 1252 1324 1295 L.
1346 1253 1385 1296 8.
1421 1253 1519 1297 Cod.

35 1306 191 1350 Theod.
221 1306 272 1350 de
299 1306 426 1350 Falsa
454 1309 637 1351 moneta.
708 1304 1071 1363 Παραχαράττειν
1111 1305 1163 1350 τὸ
1208 1306 1378 1352 δίκαιον
1415 1310 1522 1352 dixit

33 1363 288 1407 Anastasius
318 1363 496 1408 Sinaita.
555 1364 663 1408 Vide
705 1365 849 1409 Innoc.
898 1364 1036 1409 Ciron.
1067 1365 1140 1409 lib.
1162 1366 1201 1408 2.
1249 1365 1391 1410 Obser.
1434 1367 1519 1411 Iur.

34 1419 192 1464 Canon.
224 1433 315 1489 cap.
337 1421 378 1463 2.
408 1421 450 1464 et
481 1420 727 1464 Meursium.

166 1479 283 1535 Περι
311 1478 401 1519 τῶν
427 1473 489 1535 μὴ
518 1474 903 1534 χρησιμευόντων]
934 1479 1049 1522 Vasa
1078 1478 1284 1534 superflua
1312 1479 1566 1525 EcclesiaeD

33 1532 215 1599 distrahi
255 1546 376 1589 posse
416 1535 556 1578 sanxit
595 1535 858 1600 Iustinianus
902 1535 1011 1600 Νοῦν.
1045 1536 1162 1601 120...
1184 1548 1267 1578 non
1304 1537 1446 1580 tamen
1474 1549 1521 1579 ex

31 1602 164 1690 {2⁹32
179 1591 436 1692 {¹323ssss
448 1592 688 1692 &aasz
706 1592 1519 1714 ffiffleffiapssssss’sssssJ’Jffissavssffl

32 1704 241 1758 prioribus
270 1705 392 1748 bellis
432 1706 679 1749 exhaustum
720 1707 838 1757 esset,
881 1719 928 1750 ex
958 1705 1226 1760 Templorum
1267 1706 1308 1749 et
1337 1706 1518 1749 Aedium

32 1760 261 1804 Sacrarum
290 1761 476 1806 donariis
515 1763 557 1806 et
604 1763 717 1806 vasis
761 1775 953 1807 nummos
996 1762 1262 1815 conflaverat,
1302 1763 1351 1805 ut
1395 1763 1519 1806 autor

32 1818 96 1860 est
125 1817 239 1861 Theo
269 1818 412 1862 hanes.

167 1877 243 1916 Χα
268 1874 580 1931 κοπρατείοις]
624 1876 919 1933 chalcopratia
956 1876 1092 1920 forum
1123 1876 1230 1920 aeris
1264 1875 1422 1919 venalis
1451 1876 1517 1918 in·
1528 1882 1748 1931 Pag.129.A

30 1930 289 1986 terpretatur
315 1933 395 1976 hoc
420 1932 515 1976 loco
541 1933 755 1977 Possinus.
813 1933 921 1977 Sane
958 1933 1141 1976 extitisse
1177 1931 1278 1975 olim
1310 1931 1515 1975 Constan-

33 1987 212 2042 tinopoli
232 1989 387 2042 vicum,
417 2003 490 2033 seu
525 1990 710 2045 plateam
741 1991 802 2034 sic
830 1990 1000 2034 dictam-
1028 1991 1081 2033 ab
1116 1989 1294 2032 officinis
1331 1988 1516 2042 aerariis,

30 2044 244 2088 testantur
288 2045 472 2090 Codinus
514 2047 560 2090 in
595 2047 710 2104 Orig.
755 2048 797 2091 et
836 2047 1111 2091 Leunclavius
1156 2047 1200 2088 in
1229 2045 1362 2088 Pand.
1394 2045 1515 2088 Ture.

31 2112 120 2155 cap.
144 2102 241 2145 248.
270 2103 625 2158 quemadmodum
652 2105 737 2148 alia
767 2104 850 2147 fuit
877 2105 930 2147 ab
947 2103 1297 2159 Argentariorum
1326 2101 1517 2154 officinis,

30 2150 447 2214 ’Λργυροπρατείων
472 2161 754 2216 appellatione
780 2161 949 2213 donata,
981 2162 1027 2203 ut
1056 2160 1180 2202 autor
1210 2159 1272 2201 est
1301 2158 1518 2222 Theopha-

31 2227 103 2257 nffl
132 2214 185 2258 A.
213 2226 260 2260 V.
288 2216 528 2261 Iustiniani.
567 2218 714 2262 Vicum
729 2218 1036 2273 Arqentarium
1064 2216 1168 2258 dixit
1189 2215 1230 2259 S.
1252 2216 1516 2269 Augustmus

28 2269 103 2314 lib.
122 2272 162 2314 7.
192 2271 244 2316 de
277 2272 403 2317 civit.
428 2274 507 2318 Dei
539 2287 628 2329 cap.
647 2275 687 2318 4.
733 2275 891 2318 Verum
920 2285 1037 2316 secus
1069 2273 1206 2315 censet
1237 2270 1432 2326 Cujacius
1461 2269 1514 2313 ad

31 2327 77 2369 L.
95 2328 133 2370 7.
166 2327 212 2372 G.
242 2329 294 2373 de
323 2329 480 2386 Colleg.
513 2332 555 2375 et
587 2331 852 2386 Chartoprat.
878 2330 950 2373 lib.
977 2330 1040 2372 11.
1069 2327 1284 2372 contendit
1314 2327 1423 2370 enim
1454 2326 1516 2369 lo-

31 2396 128 2427 cum
156 2385 268 2429 hunc
295 2399 512 2442 perperam
541 2387 837 2443 chalcopratia
869 2400 894 2429 a
925 2385 1206 2440 Scriptoribus
1235 2383 1390 2434 vocari,
1410 2395 1514 2447 ‘cum

31 2439 330 2497 Chartopratia
356 2443 493 2488 dicere
521 2445 773 2496 debuissent,
803 2444 848 2486 in
878 2455 959 2498 quo
988 2454 1134 2496 nempe
1163 2440 1283 2483 erant
1312 2439 1514 2504 officinae,

30 2497 103 2540 ubi
133 2498 304 2543 chartae
334 2499 687 2545 distrahebantur.
761 2501 873 2543 Nam
899 2499 981 2541 fuit
1010 2498 1054 2540 in
1084 2497 1186 2563 urbe
1218 2495 1516 2560 Constantino-

29 2554 234 2608 politana,
263 2557 313 2600 ut
343 2556 406 2600 ait
431 2557 692 2601 Iustinianus
721 2557 760 2600 N
764 2570 828 2600 ov.
849 2557 917 2598 43.
966 2553 1108 2612 πολλ’]
1154 2549 1179 2611 ἡ
1212 2553 1302 2618 priv
1343 2566 1515 2617 χαρξων

30 2603 251 2667 ἀφθονία.
308 2613 389 2658 Sed
423 2615 511 2658 sive
542 2613 836 2669 Chalcopratia
881 2611 1072 2655 officinae
1118 2609 1274 2652 fuennt
1299 2620 1514 2673 aoranae,

30 2679 103 2710 seu
137 2669 386 2723 chananae,
415 2671 460 2714 id
491 2684 566 2726 pro
597 2671 710 2714 certo
747 2669 890 2712 haberi
925 2668 1047 2710 debet
1089 2679 1158 2709 eas
1201 2665 1389 2708 officinas
1431 2676 1514 2729 non

30 2723 284 2770 intellexisse
312 2727 502 2778 Annam3
547 2728 754 2783 siquidem
788 2725 838 2768 de
867 2724 1052 2779 Templis
1083 2722 1187 2778 agit,
1212 2735 1243 2786 'a
1281 2721 1432 2776 quibus
1460 2735 1515 2762 τα

28 2776 90 2840 μὴ
116 2779 437 2839 χρησιμεύοντα
480 2780 578 2840 ἱερὰ
622 2782 798 2827 abstulit
835 2781 1019 2833 Ale-icius,
1063 2779 1109 2844 in
1152 2778 1302 2834 qulbus
1344 2776 1514 2841 fuerunt

30 2837 182 2882 valvae
208 2841 431 2896 argenteae
453 2840 841 2896 Chalcopratiorum
864 2837 1005 2889 Aedis,
1035 2836 1239 2890 Delparae
1266 2846 1419 2886 sacrae,
1447 2846 1513 2875 cur

104 2921 222 2961 Anna
245 2923 441 2963 Comma.
496 2926 554 2962 Π.
1219 2920 1265 2956 33
