1734 3120
195 228 280 272 418
724 236 903 271 OAROLI
933 236 1173 271 DUOANGII

196 349 519 406 προσκείμενος
553 345 576 391 ὁ
608 342 733 406 ἇνὴρ,
767 349 839 392 καὶ
869 345 895 406 ἡ
929 346 1132 400 σύνοικος
1165 346 1214 392 δὲ
1245 343 1372 392 οὐδὲν
1401 337 1532 409 ἧττον
1561 347 1598 394 εἰ
1627 347 1687 419 μη

195 407 268 450 καὶ
297 407 463 463 μᾶλλον
494 405 673 458 ἐκείνου,
707 407 784 466 τῆς
821 405 864 448 ἐν
906 403 1053 462 λόγοις
1097 405 1300 457 παιδείας
1338 400 1574 460 ἀντείχετο,
1615 424 1687 449 και

195 461 274 521 τὴν
303 464 499 520 γλῶτταν
526 457 640 517 εἶχεν
667 457 861 518 ἀκριβῶς
886 457 1217 517 Ἀττικίζουσαν
1247 463 1318 506 καὶ
1345 460 1423 505 τὸν
1452 466 1554 507 νοῦν
1574 461 1688 520 πρὸς

195 518 315 575 ὕψος
345 516 653 576 θεωρημάτων
683 515 910 574 ὀξύτατον.
959 520 1102 562 ταῦτα
1123 518 1171 562 δὲ
1193 520 1487 575 προσεγένετο
1509 517 1689 579 φύσεως

196 572 372 635 ὀξύτητι
403 577 474 620 καὶ
509 577 699 635 σπουδῇ.
760 572 1103 633 Προσετεθήκει
1139 573 1219 632 γὰρ
1258 579 1355 628 τοῖς
1384 577 1573 632 βιβλίοις
1615 578 1687 620 καὶ

195 634 360 691 λογίοις
389 628 584 689 ἀνδράσι,
618 634 690 676 καὶ
721 628 773 676 οὐ
805 633 1038 689 παρέργως
1067 629 1221 687 (ὁμίλει
1252 628 1416 685 αὐτοῖς.

335 687 608 746 Τετρακτύος
637 693 726 732 τῶν
753 688 1048 747 μαθημάτων]
1103 690 1171 734 Sic
1203 690 1399 746 Synesius
1431 691 1561 746 Epist.
1589 692 1682 734 140.

197 750 238 792 et
261 748 562 792 Constantinus
584 748 841 804 Porphyrog.
873 748 917 790 in
938 748 1098 791 Basilio
1122 760 1209 802 cap.
1233 749 1301 791 51.
1331 743 1568 802 τετρακτὺν
1598 750 1687 790 τῶν

194 799 362 860 ἀρετῶν
408 805 612 856 dixerunt,
667 805 982 859 quadrifariam
1024 805 1231 848 virtutem.
1310 804 1486 848 Senator
1536 805 1607 848 lib.
1647 807 1685 848 6.

195 863 327 917 Epist.
348 864 386 905 3.
434 862 515 903 Hic
546 874 643 904 vero
674 863 987 919 μαθηματικῆς
1015 859 1264 914 τετρακτὺν,
1297 862 1347 904 de
1378 875 1461 917 qua
1491 862 1686 917 Ignatius

196 920 312 962 Diae.
359 919 402 960 in
446 918 535 961 vita
581 918 621 961 S.
656 918 882 973 Nicephori
913 918 1031 961 Patr.
1065 917 1146 962 ΟΡ.
1190 931 1278 973 cap.
1304 919 1370 961 15.
1402 931 1473 962 seu
1506 919 1686 973 quatuor

194 975 520 1018 Mathematioae
552 975 690 1029 partes
721 975 924 1027 intelligit
956 976 1095 1024 Anna,
1128 988 1232 1030 quas
1271 988 1314 1018 se
1346 975 1542 1030 attigisse
1573 975 1685 1018 haud

192 1033 340 1075 leviter
383 1044 467 1074 non
512 1044 593 1074 uno
638 1032 728 1074 loco
771 1031 1004 1086 profitetur,
1037 1031 1340 1087 AstroIogiam,
1386 1031 1684 1084 Geometriam‚

194 1088 532 1135 Arithmetioam,
565 1088 604 1130 et
634 1088 853 1140 Musicam‚
898 1102 1002 1144 quas
1039 1084 1306 1146 111α3ήματα
1342 1088 1491 1132 Graeci
1527 1090 1684 1132 veteres

194 1145 419 1200 appellant,
468 1145 515 1188 ut
562 1145 685 1188 autor
730 1146 792 1188 est
823 1146 875 1188 A.
908 1145 1068 1189 Gellius
1098 1146 1171 1189 lib.
1203 1156 1233 1189 Ι.
1275 1158 1364 1201 cap.
1386 1147 1424 1188 9.
1487 1146 1685 1201 Elegium

195 1202 235 1245 S.
268 1202 614 1244 Panteleemonis.
695 1210 698 1213 ’

402 1259 569 1300 Τοῦτον
599 1257 904 1312 διαπρέποντα
933 1261 1031 1309 τοῖς
1060 1260 1192 1310 θεοῖς
1219 1255 1378 1314 λόγοις,

385 1311 513 1371 Ὅλην
543 1314 731 1370 ὁιαρκῶς
759 1316 848 1356 τιῦν
876 1312 1157 1371 μαθημάτων
1185 1314 1338 1370 τρίβον

400 1373 472 1413 Tib
503 1372 742 1427 τηνικαῦτα
770 1373 870 1423 ταῖς
900 1369 1167 1427 ἐπιστήμαις
1196 1369 1360 1430 πρόμῳ

395 1412 667 1485 Ειῗφροσύνῳ
698 1427 867 1480 δίδωσι,
901 1430 978 1472 eto.

194 1485 372 1529 Carmen
404 1486 453 1528 de
486 1485 635 1529 Carolo
666 1486 822 1541 Magno
853 1486 965 1541 apud
998 1485 1226 1542 Canisium,

393 1541 454 1585 Et
473 1543 644 1596 priscos
671 1547 846 1596 superat
879 1543 1101 1586 dialectica
1130 1544 1177 1585 in
1207 1547 1299 1586 arte
1323 1544 1562 1599 maqistrOS,

396 1598 586 1652 Quatuor
614 1603 682 1642 ast
711 1599 822 1642 alias
852 1603 977 1653 artes,
1005 1614 1111 1655 quae
1136 1600 1229 1642 iure
1257 1604 1500 1655 sequuntur,

394 1654 613 1699 Discernit
641 1656 774 1699 simili
802 1671 945 1700 rerum
968 1658 1134 1700 ratione
1162 1658 1383 1712 maqistra.

192 1711 332 1766 Atque
349 1712 444 1755 inde
466 1712 653 1755 Litterae
673 1713 960 1767 quadriviales
981 1713 1179 1756 dicuntur
1196 1714 1522 1757 Mathematicae
1538 1714 1682 1758 Scien-

190 1768 274 1811 tiae
305 1769 490 1811 Thomas
528 1768 843 1824 Cantipratano‚
890 1770 1191 1824 Quadrivialia
1230 1771 1275 1812 in
1312 1770 1469 1814 Charta
1496 1771 1546 1814 R.
1580 1771 1682 1814 Car-

191 1825 343 1867 dinalis
374 1826 455 1868 An.
477 1835 654 1870 MCCXV.
687 1839 759 1881 pro
792 1827 1090 1870 reformatione
1120 1827 1372 1870 Academiae
1402 1828 1675 1871 Parisiensis:

189 1881 286 1924 Non
318 1882 461 1937 leyant
490 1884 536 1924 in
561 1884 725 1936 festivis
753 1884 898 1926 diebus
940 1885 1027 1927 nisi
1056 1883 1336 1937 Philo-<sophos
1363 1888 1403 1926 et
1431 1884 1682 1928 Rhetoricas

193 1942 230 1979 et
276 1937 575 1991 Quadrivialia
619 1944 656 1982 et
697 1940 1027 1984 Barbarismum
1070 1944 1109 1983 et
1147 1940 1346 1984 Ethicam
1391 1945 1429 1983 et
1485 1946 1682 1996 quartum

194 1994 455 2048 Topicor-um.
530 1996 808 2050 Quadrivium
859 1998 1032 2040 caeteris
1084 1997 1357 2052 scriptoribus
1405 2000 1498 2041 aevi
1554 1998 1681 2041 medii

191 2052 369 2105 passim:
401 2053 528 2108 Hugo
562 2054 792 2096 Flaviniac.
823 2054 931 2097 Abb.
964 2056 1045 2097 An.
1076 2063 1273 2097 DCCLIII.
1332 2054 1480 2098 Intrat
1516 2069 1568 2098 ew
1605 2055 1678 2097 hoc

191 2109 472 2165 quadrivium,
501 2110 574 2152 ubi
617 2110 740 2153 cubos
778 2110 1090 2165 Aritlimeticae,
1127 2124 1252 2153 sonos
1288 2111 1495 2163 Musicae,
1537 2112 1681 2155 modos

193 2165 464 2215 Geometrffle,
498 2167 645 2210 radios
676 2167 972 2211 Astronomiae
992 2168 1238 2221 perspicaci
1257 2169 1504 2223 percipiens
1533 2172 1679 2221 mente,

191 2222 248 2264 ad
269 2222 571 2275 perfectionem
604 2225 788 2278 duplicis
819 2225 961 2275 thesis,
997 2225 1045 2267 id
1074 2228 1146 2279 est,
1179 2224 1383 2268 Theoriae
1416 2227 1612 2280 pervenit
1642 2230 1681 2269 et

190 2278 423 2322 Praeticae.
486 2281 701 2323 Wibertus
730 2281 773 2323 in
804 2282 937 2324 Leone
965 2281 1040 2324 IX.
1071 2282 1156 2323 ΡΡ.
1215 2281 1380 2336 Quippe
1409 2283 1681 2337 quadrivium

190 2336 381 2379 naturali
422 2338 591 2391 inqenio
640 2339 892 2393 vestiyantes
936 2338 1229 2393 deyustarunt.
1292 2339 1425 2382 Math.
1458 2339 1590 2382 Paris.
1626 2340 1677 2381 A.

189 2401 369 2435 MCOLII.
426 2393 503 2436 Vir
532 2395 698 2448 quidem
728 2396 774 2437 in
809 2396 934 2438 trivio
964 2399 1002 2437 et
1042 2395 1264 2449 quadrivio
1299 2395 1678 2439 excellentissimus.

191 2448 245 2490 Et
275 2462 380 2501 meir,
414 2449 584 2493 Omnem
614 2452 732 2494 trivii
761 2456 800 2494 et
819 2452 1035 2506 quadrivii
1053 2456 1228 2495 noverat
1252 2452 1554 2506 difficultatem.
1597 2453 1677 2496 Ubi

190 2518 261 2558 per
290 2507 461 2549 trivium
492 2506 825 2551 Grammaticam
860 2509 1076 2564 intelligit,
1110 2509 1377 2552 Rhetoricam
1406 2510 1447 2552 et
1474 2509 1678 2552 Dialecti-

191 2574 295 2603 oam.
342 2563 557 2606 Wibertus
586 2565 678 2608 loeo
707 2566 850 2617 citato,
881 2579 1028 2619 nempe
1056 2569 1102 2607 ut
1126 2567 1315 2619 primum
1335 2567 1530 2620 competit
1555 2566 1678 2609 rudi-

191 2617 277 2671 bus,
308 2619 480 2662 decurso
525 2623 683 2664 artium
713 2623 850 2672 trivio,
892 2636 979 2665 non
1015 2622 1150 2665 solum
1190 2622 1436 2665 claruerunt
1466 2636 1604 2677 prosa
1639 2626 1677 2666 et

189 2678 331 2728 metro,
362 2677 439 2719 etc.
500 2677 694 2732 Epitaph.
727 2678 953 2721 Gisleberti
983 2679 1163 2734 Crispini
1195 2679 1351 2723 Abbat.
1374 2679 1675 2723 Westmonast.

190 2731 271 2772 An.
305 2741 470 2775 MCXIV.

391 2789 517 2832 Mitis
546 2804 652 2841 eras,
684 2792 832 2842 iustus,
852 2792 1059 2846 prudens,
1083 2792 1223 2849 fortis,
1253 2793 1507 2844 moderatus,

389 2844 551 2889 Doctus
581 2848 816 2901 quadrivio,
846 2862 919 2892 nec
948 2850 1090 2892 minus
1117 2850 1165 2893 in
1195 2850 1333 2893 trivio.
