1812 3184
232 245 283 285 62
734 250 899 284 ANNAE
933 249 1200 284 COMNENAE

228 363 379 420 αὐτοῖς
405 359 469 425 ἢν.
526 366 600 409 καὶ
629 362 708 423 γὰρ
743 362 905 416 ὁποῖος
945 363 1112 416 ἐκεῖνος
1144 360 1290 415 δεινὸς
1327 356 1472 423 ἤθους
1500 378 1723 406 ,καταστο-

226 434 449 491 χάσασθαι
486 430 655 492 ἀνδρός,
697 432 840 485 δεινός
882 431 947 485 εἰς
988 433 1170 489 καρδίαν
1198 429 1350 489 βάψαι
1381 431 1454 475 καὶ
1484 429 1722 489 λογισμοὺς

226 507 422 563 θηρᾶσαι
451 498 715 559 ἀνθρώπου,
747 499 798 545 τό
828 509 907 546 τοῦ
935 497 1094 558 ἀνδρὸς
1127 498 1427 557 ἐπιστάμενος
1446 497 1633 545 δύσνουν
1649 500 1723 545 καὶ

226 572 448 631 κακόηθες
477 569 743 627 ἐστοχάσατο
775 578 855 615 τοῧ
885 565 1025 623 ὄντος.
1081 571 1137 613 ἵν’
1171 562 1249 614 οὖν
1288 566 1348 628 μὴ
1389 566 1595 626 ὑποψίαν
1624 566 1723 614 τινὰ

227 645 320 686 κατ’
351 636 486 685 αὐτοῦ
516 641 653 698 σχοίη,
680 640 752 684 καὶ
781 637 835 683 τὰ
866 634 965 696 αἷμά
996 639 1103 696 κρέα
1122 639 1167 683 ἐν
1187 633 1333 698 ταύτῷ
1363 642 1757 698 προσενεχθῆναιῦ

184 706 347 770 Βαύτῷ
374 710 620 767 προσέταξε
649 706 839 754 διαλύων
868 705 977 764 τάχα
1018 706 1096 766 τὴν
1134 706 1352 766 ὑποψίαν.
1422 703 1503 753 οὐκ
1544 703 1723 768 ἠστόχει

228 781 276 823 δέ
304 786 391 824 τοῦ
419 785 604 824 σκοποῦ.
666 775 690 822 ό
728 775 811 835 γάρ
844 775 988 830 δεινός
1029 780 1304 834 Βαὶζιιοῢντος
1341 783 1432 822 τῶν
1470 777 1551 834 μὲν
1589 770 1722 833 ἷίψων

228 843 280 892 οὗ
306 849 444 904 μόνον
473 842 806 904 ἀπογεύσασθαι
853 844 978 899 ὅλως,
1026 841 1120 890 ἄλλ’
1160 841 1251 890 οὐδ’
1295 841 1454 904 ἄκροις
1491 843 1723 899 δακτύλοις

225 920 519 974 προσψαῦσαι
550 911 764 975 ἠνέσχετο,
797 909 891 960 ἄλλ’
913 910 1130 959 άπώσατό
1163 917 1203 958 τ’
1224 909 1363 968 εὐθὺς
1391 915 1466 959 καὶ
1495 915 1650 974 μηδενί
1678 931 1722 959 τι

224 992 302 1045 τῆς
329 982 670 1042 ὑποδραμούσης
704 981 837 1027 αὐτόν
863 981 1078 1036 ὑπονοίας
1108 981 1309 1042 ἐμφήνας
1338 986 1436 1037 τοῖς
1464 990 1720 1042 παρεστῶσι
1738 993 1783 1027 10

224 1052 370 1097 πάντα
401 1053 601 1109 διένειμε,
636 1059 700 1111 τῷ
731 1053 811 1109 μὲν
841 1052 1093 1111 φαινομένῳ
1124 1054 1508 1112 φιλοφρονεῖσθαι
1536 1050 1724 1106 τούτους

224 1119 584 1179 ὑποκρινόμενος,
614 1129 668 1182 τῇ
697 1122 734 1166 δ’
766 1117 970 1181 ἀληθείᾳ,
1005 1118 1053 1166 εἴ
1066 1138 1133 1175 τις
1164 1123 1309 1175 καλῶς
1339 1122 1544 1182 σκοποίη,
1578 1120 1720 1167 θανά-

224 1208 303 1235 του
334 1197 526 1250 κρατῆρα
556 1187 743 1247 κεράσας
772 1183 937 1243 αὐτοῖς.
1013 1185 1115 1235 οὐδὲ
1154 1188 1234 1234 τόν
1278 1188 1413 1235 δόλον
1445 1191 1720 1248 ἐπέκρυπτε·

223 1266 438 1305 τοσοῦτον
466 1265 855 1318 καταφρονητικῶς
885 1259 991 1317 περὶ
1021 1257 1127 1312 τούς
1156 1257 1233 1303 ’ὑπ’
1252 1256 1395 1304 αὐτόν
1414 1261 1617 1305 διέκειτο.
1668 1257 1723 1304 τὰ

223 1328 303 1385 μὲν
333 1323 434 1385 ω’μά
464 1328 623 1384 κρέατα
653 1325 763 1371 κατὰ
791 1326 842 1372 τὸ
873 1326 986 1381 ἔθος
1015 1331 1093 1387 τῆς
1134 1329 1419 1388 ἐνεγκαμένης
1458 1334 1556 1383 τοῖς
1592 1329 1723 1382 ἰδίοις
1738 1337 1781 1373 15

74 1391 113 1444 P.
140 1410 209 1444 303
226 1393 474 1454 ὀψοποιοῖς
501 1394 821 1441 κατασκευάσαι
862 1397 1085 1442 ἐπέταττε.
1144 1405 1197 1459 τῇ
1227 1400 1322 1455 μετ’
1361 1395 1497 1459 αὐτὴν
1536 1399 1585 1444 δέ
1617 1396 1723 1452 τούς

223 1462 278 1508 τὰ
310 1459 407 1522 ι’)’ψα
439 1464 583 1508 ἐκεῖνα
628 1462 892 1523 ἐδηδοκότας
934 1463 1225 1520 ἐπυνθάνετο,
1265 1465 1394 1520 ὅπως
1431 1462 1599 1521 αὐτούς
1637 1467 1722 1512 διέ-

223 1537 375 1578 θεντο.
425 1539 513 1579 τῶν
542 1535 590 1587 δέ
636 1534 745 1577 ακαὶ
774 1533 871 1578 λίαν
899 1535 1079 1588 καλιῦς”
1127 1533 1370 1594 εἰρηκότων
1398 1523 1472 1580 καὶ
1511 1533 1576 1590 ὥς
1610 1536 1723 1596 μηδὲ

225 1608 304 1662 τῆς
343 1599 558 1660 τυχούσης
599 1600 847 1647 αἰσθέσθαι
892 1601 1068 1662 βλάβης,
1117 1599 1417 1662 ἀποκαλύψας
1467 1599 1622 1658 αὐτοῖς
1669 1602 1721 1649 τό

221 1664 476 1729 άπόρρητον
524 1669 611 1732 ἔφη
667 1668 726 1724 ιῦς
773 1676 798 1695 “
813 1671 948 1730 ἔγωγε
990 1673 1266 1731 μεμνημένος
1308 1678 1398 1718 τῶν
1447 1675 1542 1731 μετ’
1586 1670 1724 1719 αὐτοῦ
1734 1682 1782 1716 20

220 1739 432 1796 πολέμων
460 1739 532 1783 καὶ
563 1746 640 1800 τῆς
668 1737 808 1797 μάχης
841 1740 1006 1800 ἐκείνης
1037 1741 1232 1796 ἐδεδίειν,
1274 1740 1335 1802 μὴ
1365 1739 1445 1786 τόν
1474 1739 1582 1799 ἕμδν
1610 1739 1722 1797 ἴσως

354 1892 388 1927 4.
415 1894 474 1928 ἵνα
489 1892 532 1928 F.
680 1893 712 1929 5.
737 1891 780 1928 τὰ
805 1894 848 1939 F,
875 1907 947 1931 om.
963 1895 1004 1932 P.
1155 1898 1187 1932 7.
1215 1892 1348 1943 ὄψεων
1367 1895 1410 1932 G.
1559 1895 1592 1931 9.
1621 1893 1719 1932 ὅλων

353 1937 517 1988 ἠνείχετο
543 1942 584 1977 Α.
672 1941 703 1976 τ’
717 1942 764 1985 Α,
789 1954 827 1978 τε
838 1942 876 1979 P.
966 1945 1106 1993 μηδενί
1128 1960 1161 1981 τι
1177 1946 1222 1992 F,
1248 1945 1385 1994 μηδενὶ
1412 1941 1456 1979 τὰ
1470 1942 1512 1990 Ρ,
1535 1945 1660 1993 μηδὲν
1674 1945 1719 1983 A.

355 1990 411 2025 10.
439 1990 501 2034 τῆς
525 1988 815 2047 ὑποδραμούσης
838 1990 964 2040 αὐτὸν]
985 1994 1046 2039 τῆς
1069 1990 1143 2030 ὑπὸ
1162 1991 1353 2033 δακτύλοις
1377 1990 1476 2041 αὐτῷ
1491 1994 1534 2030 A.
1597 1991 1721 2042 ἐμφή-

353 2049 419 2077 νας
445 2038 552 2084 FAC,
579 2040 744 2088 ἒνφηνας
769 2040 810 2077 Ρ.
1172 2044 1228 2079 11.
1255 2041 1435 2090 διένειμε]
1462 2043 1646 2090 διέκειμαι.
1674 2043 1720 2079 Α.

357 2086 411 2122 14.
438 2087 499 2122 ἐπ’
529 2087 568 2123 C.
805 2090 862 2125 15.
888 2094 977 2137 κρέα
1004 2090 1049 2127 Α.
1289 2093 1346 2128 17.
1371 2089 1416 2126 τὰ
1443 2088 1553 2137 FUA,
1578 2102 1652 2128 om.
1678 2091 1718 2129 P.

356 2137 411 2171 18.
438 2139 500 2171 καὶ
520 2135 569 2176 ὥς
592 2136 635 2181 F,
663 2136 711 2177 ὠς
736 2137 775 2183 Ρ,
801 2140 863 2173 καὶ
880 2139 924 2175 Α.
1081 2140 1137 2194 19.
1164 2136 1420 2177 αἰσθάνεσθαι
1439 2141 1484 2177 Α.

219 2288 303 2312 rare
329 2289 371 2313 ac
397 2277 520 2314 dicere
547 2280 636 2315 iussi
663 2278 783 2317 erant.
835 2294 922 2318 nam
948 2295 1033 2319 eum
1061 2295 1132 2329 pro
1157 2294 1296 2330 magna
1321 2294 1389 2318 sua
1406 2281 1584 2318 facultate
1601 2281 1719 2318 homi·

220 2338 309 2360 num
334 2338 455 2362 mores
479 2329 730 2374 perspiciendi
748 2333 786 2365 et
810 2331 849 2366 in
878 2343 1012 2368 arcana
1033 2333 1215 2368 mentium
1251 2330 1476 2379 penetrandi
1503 2334 1542 2367 et
1565 2329 1722 2367 consilia

219 2375 423 2420 indagandi
448 2375 653 2412 Boemundi
681 2379 885 2425 malignum
913 2393 1146 2427 plavumque
1171 2382 1365 2427 ingenium
1390 2379 1638 2426 cognovisset,
1673 2390 1721 2414 ne

219 2425 467 2469 suspicionem
493 2425 555 2461 ille
579 2426 619 2460 in
639 2438 676 2461 se
696 2428 921 2474 conciperet,
945 2430 1058 2464 etiam
1076 2430 1211 2466 crudas
1228 2429 1312 2465 illas
1330 2429 1363 2464 ei
1382 2438 1513 2465 carnes
1530 2428 1641 2464 simul
1655 2439 1719 2464 an-

219 2473 346 2517 teponi
372 2473 481 2508 iussit
495 2474 741 2520 suspicionem
761 2477 989 2513 sublaturus.
1032 2489 1101 2515 nec
1127 2478 1262 2515 fefellit
1289 2489 1374 2514 eum
1401 2477 1541 2523 opinio.
1581 2477 1719 2512 etenim

219 2520 455 2575 Boemundus
480 2534 555 2558 non
580 2523 690 2559 modo
717 2536 791 2560 non
829 2526 1013 2572 gustavit,
1043 2527 1107 2562 sed
1139 2539 1186 2563 ne
1211 2527 1364 2563 summis
1402 2525 1553 2572 quidem
1587 2525 1719 2572 digitis

218 2568 320 2603 mbos
346 2570 475 2615 tetigit
512 2572 714 2618 statimque
748 2584 809 2608 eos
839 2586 861 2609 a
888 2586 925 2610 se
951 2576 1092 2611 amovit
1118 2588 1185 2612 nec
1212 2576 1388 2621 cuiquam
1414 2575 1628 2621 suspicione
1654 2585 1721 2609 sua

219 2620 350 2662 aperta
387 2618 623 2655 adstantibus
661 2620 867 2666 distribuit,
907 2624 1086 2659 simulans
1111 2624 1264 2671 quidem
1291 2624 1337 2660 iis
1364 2635 1401 2659 se
1432 2622 1653 2670 gratificari,
1677 2634 1719 2658 re

219 2676 318 2711 vera,
345 2667 376 2701 si
402 2667 485 2713 quis
510 2671 611 2704 recte
637 2670 942 2718 consideraverit,
977 2674 1108 2708 mortis
1132 2676 1279 2709 cratera
1311 2672 1404 2719 ipsis
1427 2672 1596 2707 miscens.
1653 2681 1720 2708 nec

219 2725 302 2770 eum
340 2714 468 2750 dolum
508 2715 769 2754 dissimulabat
815 2719 923 2762 (adeo
963 2733 1048 2756 suos
1088 2721 1340 2768 contempsit),
1379 2720 1444 2756 sed
1479 2719 1607 2756 crudis
1641 2731 1719 2756 car—

219 2763 329 2797 nibus
358 2774 462 2802 more
488 2765 612 2809 patrio
639 2778 660 2800 a
685 2768 760 2802 suis
785 2769 914 2814 coquis
938 2769 1082 2815 paratis
1101 2770 1285 2816 postridie
1309 2781 1382 2811 eos,
1401 2768 1466 2815 qui
1482 2769 1637 2805 obsonia
1656 2768 1722 2804 illa

218 2810 384 2856 ederant,
421 2813 580 2858 rogavit,
616 2826 704 2849 num
740 2815 919 2852 valerent.
971 2818 1036 2863 qui
1070 2819 1137 2854 ubi
1172 2819 1279 2855 valde
1312 2818 1386 2853 sibi
1421 2818 1514 2853 bene
1547 2829 1625 2853 esse
1650 2828 1719 2853 nec

216 2859 335 2916 ullum
363 2871 402 2896 se
427 2861 703 2898 incommodum
729 2865 884 2900 sensisse
902 2865 1091 2912 dixerunt,
1110 2878 1288 2903 arcanum
1315 2866 1495 2913 detegens
1531 2866 1608 2902 “At
1625 2866 1720 2912 ego'’

216 2911 342 2955 mqult
375 2909 485 2945 “cum
508 2909 597 2945 belli
629 2911 669 2946 in
695 2924 779 2948 eum
810 2914 907 2959 gesti
939 2926 1161 2962 pugnaeque
1199 2916 1302 2952 illius
1327 2916 1549 2951 memoriam
1574 2917 1720 2961 repete-
