1734 3120
183 212 263 252 288
694 217 859 251 ΑΝΝΑΕ
889 216 1155 252 OOMNENAE

138 328 402 390 Βχησάντων
431 326 565 374 αὐτόν
587 328 765 373 ἱππέων
793 330 973 373 πολλῶν
1004 331 1076 374 καὶ
1106 331 1257 386 πεζῶν
1285 328 1339 374 τά
1369 347 1417 375 τε
1447 327 1559 377 κατὰ
1592 326 1671 374 τὸν

179 398 378 455 πόλεμον
407 400 597 456 λαμπρῷ
626 399 689 456 τῷ
721 396 904 454 στόματι
933 395 1171 456 διηγήσατο
1213 399 1285 443 καὶ
1317 396 1400 443 ὅσα
1442 396 1543 442 τότε
1575 399 1671 451 ξυν-

179 468 332 526 έκυρσε
363 465 474 511 κατὰ
507 470 588 511 τοῦ
616 463 861 522 Ῥωμαϊκοῦ
893 463 1222 522 στρατεύματος
1251 468 1321 511 καὶ
1343 464 1396 524 δὴ
1415 467 1487 510 καὶ
1519 463 1671 510 ὁπόσα

181 533 204 579 ὁ
236 533 441 591 βασιλεὺς
470 533 579 579 κατὰ
600 536 689 578 τῶν
708 531 945 591 βαρβάρων
967 532 1266 595 ἐμηχανήσατο
1292 536 1365 579 καὶ
1386 533 1515 587 ὅπως
1536 528 1670 594 ἤρατο

179 604 299 662 νίκην
328 602 535 661 λαμπρὰν
576 603 916 647 πολλαπλασίαν
959 600 1038 663 τὴν
1084 603 1302 662 ἐκδίκησιν
1349 600 1707 662 ποιησάμενος·5

178 675 251 717 καὶ
278 673 404 725 τέλος
435 673 630 730 ἐπέθηκε
660 670 738 716 τὶν
776 669 1034 728 παράδοξον
1072 670 1230 716 ἑαυτοῦ
1261 667 1353 716 nimi
1385 674 1475 715 τῶν
1503 668 1671 727 βαρβά-

181 758 271 798 ρων
300 738 456 801 φυγήν.
518 736 589 793 οἷς
628 738 944 800 ἐπευφήμησεν
989 738 1094 784 ὅλον
1124 737 1177 785 'cd
1206 742 1387 801 πλῆθος
1418 741 1490 784 καί
1522 740 1671 796 μέχρις

181 807 366 867 αἰθέρος
391 807 414 852 ὃ
446 807 604 866 κρότος
633 811 711 867 τῆς
742 804 961 867 εὖφημίας
991 804 1266 867 ἇνεληλύθει.

319 883 354 923 7.
420 879 567 921 Ταῦτα
593 877 673 934 μὲν
706 875 847 930 οὕτως
883 877 1134 922 ἐτετέλεστο
1175 878 1246 922 καὶ
1277 877 1674 936 ἤΚωνσταντίνου

183 946 484 1004 ἐνεπέπληστο
513 947 604 990 τῶν
633 949 713 990 τοῦ
742 947 959 1001 βασιλέως
985 943 1366 1006 κατορθωμάτων.
1411 947 1483 990 καὶ
1513 946 1591 1003 γάρ
1616 943 1734 997 ιῦςιο

144 1010 365 1072 Οοῖληθῶς
395 1011 501 1057 ὅσον
534 1013 615 1069 μὲν
642 1008 735 1057 ἅπδ
763 1017 840 1074 τῆς
870 1011 1002 1073 τύχης
1031 1015 1259 1071 δυσχερέσι
1288 1013 1538 1072 πράγμασιν
1567 1010 1677 1070 (ὗμι-

182 1079 305 1140 λήκει
337 1082 408 1125 καὶ
439 1077 625 1136 ἅντίξως
658 1079 805 1137 ἔχουσι
839 1080 954 1139 πρός
995 1100 1043 1127 τε
1075 1079 1210 1128 αὐτὸν
1248 1083 1321 1127 καὶ
1362 1081 1417 1126 τὰ
1458 1085 1547 1126 τῶν
1573 1079 1677 1125 Ῥω-

180 1150 325 1206 μαίων
341 1146 575 1207 πράγματα
595 1150 668 1193 καὶ
691 1146 805 1203 ὅλως
823 1149 1166 1209 δυστυχημάτων
1186 1149 1353 1212 πλήθει
1376 1153 1675 1207 περιερρεῖτο.

181 1213 273 1262 ἀλλ’
301 1215 327 1278 ἤ
355 1235 400 1275 γε
443 1213 575 1278 ἀρετὴ
607 1215 768 1262 τούτου
813 1220 886 1262 καί
925 1217 975 1262 τὸ
1018 1218 1251 1278 ἐγρηγορὸς
1297 1219 1368 1263 καὶ
1414 1215 1676 1278 δραστήριον

121 1294 124 1298 ’
181 1279 408 1343 ἅντέβαινε
439 1287 509 1330 καὶ
540 1287 805 1346 φιλονείκως
831 1282 920 1342 εἶχε
943 1285 1059 1343 πρὸς
1079 1285 1198 1331 ἅπαν
1219 1284 1485 1345 δυστύχημα.
1530 1282 1675 1331 οὐδενὶ
1692 1297 1734 1331 15

181 1352 261 1412 γὰρ
304 1358 394 1398 τῶν
437 1350 653 1399 ἀνέκαθεν
686 1356 904 1411 βασιλέων
953 1356 1024 1400 καὶ
1072 1355 1135 1409 εἷς
1179 1354 1257 1415 τὴν
1300 1355 1492 1414 τήμερον
1537 1349 1676 1398 ι’)’ντων

183 1420 452 1480 πραγμάτων
485 1422 712 1481 ἓπιπλοκῆ
743 1424 814 1468 καὶ
846 1426 1075 1483 μοχθηρία
1097 1426 1399 1469 παντοδαπῶν
1418 1420 1678 1480 ἀνθρώπιον

182 1492 253 1535 καὶ
284 1489 398 1535 οἴκοι
428 1492 499 1535 καὶ
530 1489 736 1549 θύραθεν
767 1494 1117 1548 προσεπέλασεν,
1167 1493 1227 1546 (ὗς
1272 1493 1346 1537 ἐπὶ
1391 1490 1552 1536 τούτου
1597 1494 1676 1535 τοῦ

186 1556 516 1617 αὐτοκράτορος
545 1557 743 1617 εὕρομεν.
805 1558 894 1606 εἴτε
925 1560 1004 1620 γάρ
1038 1560 1126 1606 ἔδει
1169 1559 1378 1621 πονήρως
1418 1562 1677 1618 διατεθῆναι

142 1627 241 1677 Dte?
270 1631 359 1672 τῶν
385 1626 611 1685 Ῥωμαίων
644 1631 764 1674 Θεοῦ
807 1633 1180 1687 παραχωροῦντος
1220 1625 1340 1686 (οὐδὲ
1384 1627 1463 1687 γὰρ
1505 1625 1557 1672 ι’ἱν
1585 1623 1734 1672 ἆπδὲί]

186 1699 264 1758 τῆς
291 1693 496 1757 α’στρῴας
523 1701 775 1756 περιφορᾶς
810 1699 1080 1758 ἑξαπτοίμην
1109 1700 1223 1743 ποτὲ
1251 1702 1306 1742 τὰ
1337 1696 1543 1758 ἡμέτερα)
1588 1693 1677 1741 εἴτε

34 1774 77 1811 V.
104 1775 175 1810 352
187 1764 277 1810 ἀπὸ
308 1772 384 1825 τῆς
409 1767 499 1810 τῶν
529 1765 1002 1823 προβεβασιλειπκότων
1042 1764 1252 1824 ἀβουλίας
1295 1765 1358 1819 εἷς
1400 1764 1503 1810 τόδε
1548 1783 1678 1809 κατα-

325 1910 354 1943 1.
381 1906 477 1954 αὐτῷ
505 1908 545 1953 Ρ,
571 1909 730 1945 correxi.
878 1911 912 1946 2.
938 1911 1156 1957 ξυνέκρουσε
1183 1909 1221 1945 C.
1368 1909 1402 1944 6.
1429 1905 1505 1942 ἀπὸ
1532 1907 1606 1942 τῶν
1633 1907 1677 1953 F,

320 1954 395 1991 ἀπὸ
420 1968 493 1992 om.
520 1957 559 1993 P.
740 1959 771 1993 7.
799 1954 1047 2007 ἐπεφήμησεν
1073 1959 1112 2004 Ρ,
1141 1957 1298 1994 correxi.
1494 1957 1546 1991 14.
1575 1956 1679 2002 ἐγρη-

319 2003 444 2051 γορὸς]
470 2006 575 2052 prius
599 2018 625 2052 γ
650 2006 689 2041 in
715 2018 787 2042 ras.
813 2007 853 2043 F.
1000 2009 1054 2043 17.
1082 2004 1290 2051 ἐπιπλοκὴν
1315 2007 1377 2041 καὶ
1401 2007 1617 2052 μοχθηρίαν
1640 2004 1676 2040 Ο.

324 2055 379 2090 18.
405 2056 465 2088 καὶ
490 2058 580 2089 οἴκοι
607 2057 668 2090 καὶ
693 2051 862 2102 θύραθεν
885 2067 955 2091 om.
986 2055 1024 2092 C.
1159 2057 1217 2092 20.
1244 2052 1332 2090 οὐδὲ
1358 2054 1402 2096 F,
1427 2052 1540 2090 οὐδὲν
1563 2053 1603 2090 Ρ.

186 2180 377 2216 rescitura.
420 2181 499 2227 ipse
524 2192 660 2228 magna
685 2182 854 2227 equitum
879 2182 1123 2228 peditumque
1140 2193 1277 2218 corona
1302 2182 1463 2228 stipat-us
1489 2180 1564 2216 alta
1589 2191 1678 2217 voce

187 2233 225 2264 et
249 2229 440 2265 universos
466 2229 554 2265 belli
572 2242 676 2266 casus
704 2234 742 2266 et
766 2230 957 2266 fortunam
985 2231 1144 2266 Romani
1171 2231 1357 2267 exercitus
1377 2234 1415 2266 et
1440 2230 1678 2275 imperatoris

186 2281 318 2312 contra
342 2277 483 2314 Turcas
510 2283 712 2324 apparatus
745 2279 1053 2325 splendidamque
1078 2281 1157 2315 eius
1181 2280 1390 2324 victoriam,
1423 2290 1496 2323 qua
1529 2278 1677 2313 abunde

187 2326 325 2361 Turcas
350 2326 451 2362 ultus
476 2331 582 2369 esset,
619 2330 809 2373 postremo
851 2328 985 2363 miram
1024 2329 1141 2374 ipsius
1179 2340 1198 2363 e
1234 2328 1481 2364 barbarorum
1517 2326 1674 2362 vinculis

180 2374 313 2422 ‘fugam
338 2376 528 2421 exposuit3
568 2376 704 2421 quibus
742 2377 863 2412 omnis
900 2376 1103 2412 multitudo
1143 2376 1331 2423 applausit
1368 2375 1677 2412 acclamationum

189 2434 278 2458 sono
304 2422 350 2458 ad
378 2424 566 2459 aetherem
593 2436 710 2471 usque
737 2428 856 2461 eunte.

322 2471 353 2506 7.
405 2472 484 2516 Quo
512 2472 611 2509 facto
637 2474 877 2518 imperatoris
907 2473 1075 2509 facinora
1102 2475 1182 2508 tota
1208 2472 1443 2508 Constantini
1469 2471 1562 2507 urbe
1586 2471 1678 2507 cele-

188 2517 406 2556 brabantur.
456 2532 576 2566 neque
602 2522 753 2557 iniuria.
792 2522 880 2558 lieet
905 2523 1005 2557 enim
1045 2522 1230 2558 funestam
1269 2521 1600 2565 adversantemque
1641 2522 1678 2555 et

188 2566 259 2601 sibi
284 2571 321 2602 et
346 2568 493 2604 civitati
518 2570 708 2605 fortunam
738 2574 915 2616 expertus
940 2571 1124 2606 malorum
1155 2571 1264 2616 copia
1286 2568 1573 2614 circumflueret,
1599 2569 1678 2604 eius

187 2617 311 2650 tamen
338 2617 458 2652 virtus
483 2629 525 2653 ac
562 2621 714 2654 strenua
751 2620 948 2666 vigilantia
994 2619 1191 2655 resistebat
1226 2620 1401 2654 fortunae
1435 2617 1679 2662 certabatque

188 2674 271 2697 cum
297 2665 427 2709 quavis
453 2666 675 2703 calamitate.
727 2679 847 2713 neque
881 2668 980 2703 enim
1007 2679 1231 2714 quemquam
1257 2670 1344 2703 ante
1369 2678 1452 2702 eum
1479 2666 1679 2711 imperato·

188 2722 271 2746 rum
298 2724 414 2758 usquo
439 2714 484 2749 ad
509 2718 679 2750 nostrum
706 2718 854 2762 tempus
890 2719 995 2751 tanta
1018 2718 1255 2763 negotiorum
1295 2715 1501 2761 implicatio
1540 2725 1582 2749 ao
1619 2716 1679 2749 tot

188 2759 380 2795 hominum
407 2762 641 2808 improbitas,
668 2769 828 2810 quantae
847 2765 965 2808 illum,
990 2765 1091 2800 domi
1110 2764 1276 2810 forisque
1301 2765 1556 2799 exercuerant..
1593 2773 1678 2797 nam

189 2807 264 2843 sive
289 2808 349 2844 dei
376 2811 616 2854 providentia
655 2813 827 2858 oportuit
866 2813 1037 2848 laborare
1077 2813 1283 2849 Romanam
1322 2823 1402 2848 rem
1441 2811 1555 2856 (haud
1579 2811 1677 2846 enim

188 2858 375 2892 astrorum
400 2859 563 2903 periodis
589 2860 667 2895 fata
699 2864 828 2896 nostra
855 2861 1132 2909 adscripserim)
1158 2862 1236 2896 sive
1263 2860 1433 2897 socordia
1461 2859 1679 2895 anteceden-
