1800 3132
247 241 332 283 424
779 247 958 282 CAROLI
984 245 1223 280 DUOANGII

249 365 359 421 apud
395 364 532 408 Anon.
572 364 622 407 de
661 363 793 419 Nupt.
833 362 993 405 Thesei.
1033 362 1150 404 Ioan.
1196 359 1423 403 Cinnamus
1461 360 1534 403 lib.
1554 361 1592 403 3.
1625 360 1678 404 N,
1699 362 1737 403 9.

249 420 576 479 παραπέτασμα
606 420 742 475 vocat,
773 420 990 471 Βακχῖνος
1019 417 1098 471 μὲν
1128 417 1191 473 τῷ
1225 416 1408 460 Βασιλεῖ
1437 416 1515 473 τῆς
1536 413 1738 473 σιαγόνος

248 476 300 522 τὸ
332 477 462 537 ξίφος
490 474 759 533 κατενεγκών
791 473 989 545 ἔπλγζξεν,
1024 469 1075 517 οὗ
1104 471 1193 541 μὴν
1222 472 1294 539 noc}
1321 473 1469 533 ὁιελᾷν
1497 470 1548 516 τὸ
1582 473 1628 517 ἐκ
1657 476 1737 517 τοῦ

249 531 435 590 κράνους
464 533 539 577 ἐπὶ
578 531 657 585 τὰς
701 526 833 588 ἷίψεις
877 530 1117 590 ηρτημένον
1159 530 1357 588 ηδυνηθη
1397 530 1736 586 παραπέτασμα.

250 593 406 636 Verum
436 605 518 635 non
548 591 699 635 desunt
729 591 801 646 qui
831 591 984 645 putant
1017 586 1293 641 θωρακιόίου
1318 588 1520 631 vocabulo
1555 588 1738 644 intelligi

249 649 511 700 lemniscum‚
548 661 619 691 seu
665 647 802 691 velum
848 646 958 701 quod
1003 645 1155 688 cassidi
1199 644 1460 696 imminebat,
1505 645 1738 688 cuiusmodi

251 706 406 762 passim
452 705 647 749 exhibent
700 703 842 760 sigilla
888 703 1077 747 veterum
1120 701 1318 744 militum.
1398 696 1655 758 φλάμουλον
1697 703 1738 744 et

252 761 599 820 φλαμουλίσκιον
643 761 798 804 dicitur
840 759 1041 805 Mauritio
1075 759 1148 802 lib.
1173 760 1208 801 1.
1255 758 1438 815 Strateg.
1482 771 1572 814 cap.
1597 760 1658 801 11.
1698 759 1739 802 et

252 819 379 863 Leoni
408 819 452 862 in
483 819 602 862 Tact.
633 831 721 873 cap.
743 818 781 860 5.
815 817 852 871 ξ.
875 818 912 860 5.
958 814 1161 859 κασσίδια
1198 812 1354 868 ἔχοντα
1395 811 1559 873 τούφια
1589 813 1734 871 μικρὰ,

251 876 322 919 καὶ
354 871 586 933 φλάμουλα
610 871 720 917 κατὰ
749 875 838 915 τιῦν
866 869 1033 930 μήλων.
1095 873 1228 915 Vetus
1258 872 1389 916 Poeta
1421 873 1670 916 vernaculus
1695 873 1736 915 in

251 934 393 977 Poem.
426 933 493 976 cui
522 932 687 984 titulus,
719 931 779 974 Le
802 931 971 975 Roman
999 930 1050 973 de
1080 929 1320 973 Guiteelz'n:

455 989 511 1032 Li
538 988 756 1045 yonfanon
789 988 840 1031 de
863 988 949 1031 soie
977 1001 1049 1030 sor
1076 987 1243 1030 hiaume
1268 986 1301 1028 li
1328 986 1502 1030 vancele.

252 1046 332 1091 Sed
363 1046 500 1101 potior
527 1045 694 1089 videtur
723 1044 890 1088 Possini
920 1043 1141 1087 sententia.

207 1117 238 1152 B
383 1099 454 1154 Ὡς
498 1098 521 1145 ὁ
568 1100 802 1156 Βρυέννιος
848 1096 1131 1156 ἐπεπτώκει]
1197 1099 1415 1143 Eiusmodi
1461 1095 1740 1158 στρατήγημα

250 1160 436 1214 tempore
480 1159 627 1215 praelii
673 1158 960 1214 usurpandum
1006 1157 1211 1212 praecipit
1254 1157 1333 1199 Leo
1377 1157 1487 1213 Aug.
1532 1158 1575 1200 in
1620 1157 1737 1200 Tact.

41 1281 236 1328 Pag.14.B
252 1229 341 1271 cap·
366 1216 810 1327 Ῑὲἱεξξαὲὲιδὸντων]
859 1272 1055 1315 Patrium
1083 1272 1342 1314 Francorum
1373 1283 1532 1314 morem
1561 1271 1605 1313 in
1636 1271 1740 1314 dan-

249 1329 314 1372 dis
346 1329 536 1373 Dexteris
579 1330 622 1372 in
654 1329 749 1372 fidei
785 1342 855 1372 seu
888 1328 1107 1372 fidelitatis
1152 1328 1448 1383 argumentum
1479 1328 1547 1371 hic
1577 1328 1741 1371 exhibet

249 1386 388 1430 Anna.
444 1386 650 1430 Bifariam
684 1399 781 1429 vero
812 1399 836 1429 a
868 1385 1042 1429 Francis
1080 1385 1203 1428 datas
1234 1385 1435 1429 Dexteras
1474 1385 1739 1440 potissimum

250 1443 468 1486 observare
498 1444 572 1486 est.
629 1443 821 1486 Primum
868 1456 962 1485 cum
997 1456 1021 1486 a
1051 1441 1241 1485 subditis
1268 1441 1343 1485 aut
1387 1442 1580 1485 vassallis
1613 1442 1741 1498 Regi-

251 1500 326 1543 bus
359 1500 421 1543 vel
452 1499 644 1543 Dominis
676 1500 777 1543 fides
807 1500 1125 1555 praestabatur3
1157 1498 1275 1541 cuius
1307 1499 1447 1550 moris,
1485 1499 1557 1554 qui
1589 1499 1740 1542 etiam-

248 1570 350 1599 num
380 1556 425 1599 in
455 1557 717 1611 praestandis
746 1556 944 1600 hominiis
966 1556 1141 1608 obtinet,
1163 1555 1349 1610 exempla
1370 1556 1587 1610 proferunt
1603 1556 1741 1598 Autor

248 1613 360 1656 vitae
393 1613 549 1657 Ludov.
584 1612 651 1656 Pii
682 1613 761 1657 An.
790 1623 1104 1657 DGCCXXXVII.
1141 1611 1303 1667 Regino
1334 1614 1375 1655 et
1405 1612 1560 1656 Annal.
1591 1613 1739 1655 Franc.

249 1669 369 1713 Fuld.
416 1670 496 1713 An.
536 1680 863 1714 Dcocnxxxw.
910 1671 951 1713 et
995 1679 1326 1713 Dooonxxmx.
1369 1669 1565 1713 Marculf.
1610 1669 1682 1712 lib.
1719 1671 1739 1711 1

250 1726 389 1770 Form.
415 1728 478 1770 18.
526 1727 788 1770 Witikindus
818 1727 893 1770 lib.
916 1728 952 1770 1.
986 1727 1028 1770 et
1069 1726 1143 1770 alii
1186 1725 1275 1768 sine
1322 1739 1507 1770 numero.
1572 1726 1741 1769 Dabant

250 1784 463 1837 praeterea
486 1784 683 1827 Dexteras
714 1783 820 1827 nulli
856 1783 1075 1827 clientelae
1106 1783 1171 1826 vel
1201 1781 1394 1825 servituti
1426 1783 1611 1827 obnoxii:
1658 1795 1739 1838 quo

250 1852 349 1883 casu
379 1841 427 1883 ut
472 1840 702 1896 plurimum
733 1841 1007 1884 Dexterarum
1053 1840 1168 1883 datio
1213 1852 1285 1883 seu
1322 1839 1461 1895 potius
1506 1839 1740 1895 implicatio

248 1896 459 1997 Eeciprloga
504 1898 606 1997 θιέὺ.
680 1897 757 1997 Siiz7
788 1898 973 1997 llgextgas
1016 1898 1138 1998 daiga?
1183 1897 1224 1940 et
1264 1898 1456 1996 αοοὲρωε
1481 1897 1682 1997 (liessvmfisl
1696 1896 1740 1938 in

292 1967 406 1997 nnai
439 1967 487 1997 us
567 1967 678 1998 ranc.
760 1968 786 1997 u
837 1989 844 1998 .
934 1964 1072 1998 11.Βο
1133 1964 1265 1997 LXIX.
1311 1967 1332 1997 e
1397 1967 1478 1997 au
1594 1967 1609 1996 1
1646 1967 1740 1997 em.

250 2010 436 2066 Tyrium.
467 2011 539 2054 lib.
564 2012 628 2054 19.
662 2025 751 2066 cap.
776 2013 840 2054 16.
897 2011 1000 2054 Inde
1028 2011 1220 2054 Dextrae
1251 2023 1323 2066 pro
1356 1967 1590 2055 foederibus
1629 2011 1740 2065 apud

247 2066 525 2110 Hincmarum
556 2068 606 2111 de
636 2068 733 2112 Ord.
770 2067 905 2112 Palat.
939 2081 1027 2123 cap.
1050 2069 1116 2110 30.
1178 2067 1330 2111 Franci
1374 2067 1507 2123 igitur
1546 2068 1739 2111 Alexiani

247 2123 292 2165 in
321 2124 521 2180 Bryennii
569 2126 707 2180 partes
752 2126 1018 2168 transeuntes
1047 2125 1225 2168 Dextras
1267 2125 1490 2181 porrigunt
1534 2125 1741 2180 fidemque

249 2179 352 2223 dant
382 2181 653 2237 vicissimque
679 2182 905 2237 accipiunt.
952 2182 1001 2226 V.
1034 2194 1129 2237 pag.
1152 2182 1249 2224 415.
1282 2181 1325 2224 C.
1360 2183 1402 2225 et
1434 2183 1531 2225 440.

36 2249 192 2296 Pag.l5.
209 2250 235 2285 C
263 2286 275 2303 ³
382 2233 589 2295 Εἳστήκει
617 2235 734 2293 πρὸς
763 2237 843 2290 τὰς
871 2234 1031 2292 λαβάς]
1081 2239 1299 2283 Plutarch.
1341 2238 1385 2281 in
1416 2240 1546 2283 Fabio
1585 2235 1739 2294 ὥσπερ

248 2291 445 2362 αθλητής
476 2291 613 2353 λαβὴν
645 2295 796 2352 ζητῶν.
857 2295 971 2339 Galli
1002 2296 1180 2339 dicimus
1210 2300 1317 2339 estre
1346 2310 1431 2340 aux
1458 2296 1617 2343 Prdses,

37 2359 234 2407 Pag.16.D
380 2351 627 2408 Λναίτιος]
667 2353 736 2396 Ita
766 2352 1015 2396 Michaelem
1037 2352 1222 2397 Gabram
1252 2353 1386 2396 inscio
1417 2366 1460 2397 se
1493 2354 1624 2397 oculis
1655 2354 1741 2408 pri-

248 2407 393 2506 vagum
426 2409 478 2451 ab
516 2409 665 2453 aulicis
702 2410 808 2452 dixit
837 2410 1008 2453 Manuel
1037 2411 1143 2464 Imp.
1176 2410 1288 2464 apud
1321 2409 1573 2454 Cinnamum
1604 2410 1678 2453 lib.
1700 2411 1737 2453 6.

249 2476 295 2505 ex
318 2477 442 2509 remo.

36 2527 235 2574 Pag.17.A
378 2516 425 2564 ‘O
452 2519 532 2578 γὰρ
568 2519 784 2579 Βόριλος]
815 2524 1009 2567 Borilum
1041 2524 1083 2567 et
1104 2523 1374 2579 Germanum,
1405 2538 1583 2580 quorum
1616 2537 1740 2579 opera

248 2575 494 2623 Botaniates
525 2581 567 2622 in
608 2582 730 2624 rebus
771 2581 963 2636 gerendis
1005 2581 1215 2633 utebatur,
1264 2581 1426 2637 origine
1469 2582 1509 2624 et
1553 2581 1739 2624 moribus

248 2631 460 2688 barbaros,
504 2637 608 2680 mire
665 2638 899 2681 insectatur
946 2638 1111 2692 praeter
1157 2638 1375 2690 Zonaram,
1425 2638 1649 2695 Scylitzem
1699 2638 1740 2680 et

249 2687 438 2744 Glycam‚
471 2693 773 2737 Constantinus
805 2694 1044 2739 Manasses:

306 2746 394 2788 Καὶ
424 2745 477 2790 τὰ
510 2748 589 2803 μὲν
618 2747 854 2819 πράγματα
886 2751 1034 2807 χερσὶν
1064 2752 1295 2798 ἐπίστευεν
1325 2750 1587 2809 ἀνθρώπων

306 2802 667 2870 Βαρβαριζόντων
696 2823 774 2866 την
804 2806 957 2866 φωνὴν
984 2810 1085 2867 μητ’
1116 2805 1589 2880 ὀρθορρημονοὺντων,

306 2861 517 2918 Κρατορα
547 2864 817 2922 πανημέριον
848 2863 1080 2910 ἕσθόντων
1113 2868 1184 2913 καὶ
1215 2884 1446 2914 πινοντων.
