1734 3120
530 202 795 238 ALEXIADIS
826 203 920 238 Lm.
950 203 1035 238 ΧΠ.
1063 198 1103 236 8.
1477 199 1557 242 169

66 321 235 374 ἐκεῖνος
266 317 526 380 Νικηφόρος
563 314 791 377 Ἐξαζηνὸς
822 317 847 363 ὁ
873 317 1055 373 εῩαλεάς
1091 322 1164 366 καὶ
1201 320 1227 366 ὁ
1267 320 1428 368 τούτου
1462 322 1559 380 ἑξά-

65 386 232 448 δελῴος
260 391 601 441 Κωνσταντῖνος
630 383 857 446 Ἐξαζηνὸς
886 386 911 431 ὖ
951 387 1089 434 καλοῖ
1093 407 1228 446 μενος
1265 389 1446 445 Δοίκας
1485 393 1559 437 καὶ

65 456 91 503 ὁ
121 453 448 514 άνδρικώτατος
476 453 766 514 Ἀλέξανδρος
804 454 829 502 ὖ
861 453 1154 518 Εὖφορβηνὸς
1191 461 1263 504 καὶ
1298 460 1443 518 ἕτεροι
1481 465 1559 522 τῆς

62 521 202 585 αυτῆς
229 521 354 582 (ἰξίας
380 526 453 570 καὶ
481 544 509 570 τ
523 527 625 583 ’χης,
657 523 926 585 μνησάμενοι
942 523 1154 583 θούριδος
1183 523 1321 587 αλκῆς
1350 529 1560 586 ἐπιστρα-

29 596 222 655 5φέπες
249 595 323 647 καὶ
343 594 450 648 τούς
477 589 697 648 άκινάκεις
721 592 1002 652 σπασάμενοι
1033 593 1115 655 ὅλῃ
1146 613 1259 652 χειρι
1297 599 1371 642 καὶ
1408 596 1601 660 γνώμῃΒ

63 662 181 720 πρὸς
204 661 311 717 τούς
326 662 573 717 Κελτούς
551 661 767 720 εμάχοντο
784 661 864 708 τὸν
894 661 1000 708 ο’λον
1023 658 1337 722 άναδεξάμενοι
1358 664 1559 723 πόλεμον

65 732 138 777 καὶ
166 729 451 816 r‘fcvq'oaneg‘
452 727 509 776 αι’
509 731 615 785 τούς
633 732 841 789 λαμπρὰν
859 730 939 791 τήν
959 735 1054 777 κατ’
1074 728 1223 778 αυτῶν
1242 733 1364 791 νίκην
1383 728 1557 794 ἤραντο.

61 795 291 860 ἇνακωχὴν
319 818 398 845 ουν
427 798 452 845 ὅ
475 801 849 860 Κοντοστέφανος
877 801 1088 846 ἐντεῦθεν
1114 800 1262 858 λαβών
1290 806 1369 861 τῆς
1401 805 1559 848 Κελτι-

61 872 142 929 κῆς
171 867 454 923 ἕπελεὺσεως
481 867 618 923 λίσας
637 870 816 915 ἐκεῖθεν
843 867 899 915 τὰ
926 867 1185 928 πρυμνήσια
1211 869 1325 928 μετὰ
1349 875 1435 916 τοῦ
1456 889 1558 916 ναυ-

3 947 48 981 10
59 941 187 983 τικοῦ
217 936 387 992 παντὸς
413 936 494 984 τὸν
522 935 666 983 Αὖλιῖ
670 955 723 982 να
765 936 1101 995 καταλαμβάνει.
1172 939 1274 984 ἐπεὶ
1310 941 1371 993 δέ,
1415 939 1556 986 ὁπότε

60 1005 255 1064 πρώτως
282 1005 336 1052 τὸ
367 1004 616 1065 Δυρράχιον
646 1005 910 1064 καταλαβών
938 1006 1018 1061 τὰς
1037 1006 1116 1068 ὑφ’
1136 1006 1295 1053 ἑαυτὸν
1314 1008 1558 1066 πολεμικὰς

60 1079 164 1129 ναῦς
193 1076 244 1132 ἐξ
268 1071 414 1122 αὗτοῦ
431 1079 515 1122 τοῦ
534 1078 784 1134 Δυρραχίου
813 1078 939 1134 μέχρι
970 1083 1058 1122 τοῦ
1077 1072 1300 1131 Αὖλῶνος
1328 1079 1401 1122 καὶ
1421 1077 1559 1136 αὐτῆς

57 1148 141 1204 τῆς
180 1145 451 1204 καλουμένης
495 1143 702 1202 Χιμάρας
743 1145 1007 1202 διέσπειρεν,
1060 1141 1307 1202 ἀπέχοντος
1348 1148 1430 1203 μὲν
1471 1150 1558 1192 τοῦ

58 1214 308 1271 Δυρραχίου
337 1217 420 1259 τοῦ
446 1209 668 1268 Αὐλῶνος
695 1214 903 1268 σταδίους
931 1212 1099 1268 ἑκατόν,
1144 1218 1224 1273 τῆς
1265 1216 1314 1260 δὲ
1349 1213 1556 1272 Χιμάρας

0 1291 44 1327 15
57 1285 138 1326 τοῦ
165 1276 387 1335 Λῑῗλῶνος
412 1275 550 1336 αὖθις
577 1280 827 1341 ἀπεχούσης
868 1284 1077 1337 σταδίους
1112 1278 1337 1342 ἑξήκοντα,
1369 1283 1450 1343 τὴν
1477 1288 1596 1329 wic

60 1349 347 1408 Βαϊμούντου
374 1352 662 1411 ἐπειγομένην
690 1347 773 1412 ἤδη
805 1349 1028 1409 ἐμάνθανε
1071 1353 1405 1409 διαπεραίωσιν,
1450 1371 1555 1399 στο-

57 1417 304 1478 χασάμενος
332 1418 617 1478 ἐνδεχόμενον
647 1416 760 1466 εἶναι
782 1422 949 1478 μᾶλλον
981 1418 1047 1474 εἷς
1074 1419 1156 1466 τὸν
1171 1418 1370 1467 Αὐλῶνα
1398 1424 1555 1467 διαπε-

57 1491 190 1547 ρᾶσαι
234 1483 369 1533 adeda·
412 1486 485 1533 διὰ
529 1486 582 1534 τὸ
631 1487 794 1546 ἥττονα
831 1484 944 1534 εἶναι
990 1486 1070 1533 τὸν
1102 1487 1220 1545 πρὸς
1248 1488 1328 1535 τὸν
1358 1492 1557 1535 Αὐλῶνα

54 1559 199 1603 πλοῦν
222 1560 309 1603 τοῦ
337 1555 455 1614 πρὸς
484 1556 537 1602 τὸ
572 1554 820 1614 Δυρράχιον
854 1559 928 1602 καὶ
957 1556 1031 1603 διά
1062 1561 1197 1602 coium
1240 1560 1335 1603 δεῖν
1365 1560 1552 1604 πλείονα

0 1625 134 1687 Βοτὴν
162 1623 366 1686 φυλακήν
392 1628 473 1670 τοῦ
492 1622 719 1680 Αὐλῶνος
747 1624 1029 1685 ποιήσασθαι
1061 1621 1282 1672 ἀπελθών
1322 1626 1436 1684 μετὰ
1465 1631 1555 1672 τῶν

54 1694 218 1752 ἑτέρων
246 1696 420 1740 doz-152·
449 1692 594 1752 ἐτήρει
625 1695 848 1751 ἐπιμελῶς
873 1693 953 1739 τὸν
981 1691 1227 1752 ἅναμεταξύ
1257 1694 1474 1752 πορθμὸν
1502 1697 1551 1741 ἐκ

53 1768 133 1809 τοῦ
163 1760 384 1818 Αὐλῶνος
426 1765 501 1809 καὶ
540 1762 653 1809 κατὰ
696 1762 778 1823 τήν
828 1759 1104 1824 άκρολοφίαν
1147 1766 1231 1809 τοῦ
1280 1765 1551 1821 καλουμένου

194 1940 230 1975 l.
264 1936 397 1978 ι’-αλέας
421 1938 466 1984 F,
494 1939 629 1977 Υελέας
654 1937 694 1974 Ρ.
846 1939 901 1974 13.
929 1941 1119 1986 Χιμιιιρας
1146 1936 1184 1972 C.
1285 1937 1497 1992 διέσπειρεν
1514 1938 1558 1982 F,

202 1987 389 2033 διέπειρεν
412 1986 452 2023 Ρ.
605 1988 659 2022 14.
673 1989 889 2044 Χιμαίρας
903 1982 1557 2033 (3.15.άπεχοί·σηςἙ,ιίπέ-

189 2047 342 2084 χουσαν
366 2035 407 2071 Ρ.
564 2032 921 2079 17.1‹321F‚a1’m“>v
944 2034 986 2070 Ρ.
1133 2034 1191 2070 21.
1218 2036 1260 2070 ἐκ
1285 2034 1425 2070 addidi.

51 2197 340 2245 praeclarissimi
353 2202 463 2234 erant
475 2198 510 2234 N
511 2198 709 2246 icephorus
723 2199 917 2235 Exazenus
930 2199 1088 2246 Hyaleas
1103 2200 1389 2246 cognominatus
1403 2202 1557 2247 eiusque

54 2247 236 2293 patruelis
252 2246 519 2283 Constantinus
536 2248 731 2283 Exazenus
758 2250 982 2294 cognomine
994 2248 1115 2284 Ducas
1141 2261 1184 2285 ac
1202 2249 1365 2284 maxime
1382 2252 1556 2285 strenuus

53 2295 116 2331 ille
141 2295 353 2331 Alexander
375 2295 652 2342 Euphorbenus
689 2297 828 2343 aliique
853 2297 1019 2332 eiusdem
1045 2297 1117 2333 loci
1148 2297 1433 2352 dignitatisque,
1456 2309 1556 2334 acer-

54 2344 173 2380 rimae
197 2355 381 2379 memores
394 2345 553 2380 virtutis
580 2345 750 2381 conversi
770 2346 912 2381 strictis
938 2346 1074 2392 gladiis
1096 2349 1177 2381 tota
1193 2346 1230 2381 vi
1257 2349 1413 2391 totoque
1430 2347 1556 2382 animo

52 2392 172 2428 Gallis
208 2398 482 2439 repugnassent
516 2397 556 2429 et
584 2394 760 2429 universo
786 2395 930 2440 proelio
961 2398 1140 2430 renovato
1165 2394 1409 2430 clarissimam
1438 2394 1487 2430 (le
1511 2395 1557 2430 iis

50 2440 249 2477 victoriam
284 2444 549 2487 reportassent„
595 2454 670 2487 qua
696 2454 748 2486 re,
786 2454 870 2478 cum
898 2443 1034 2487 Gallos,
1075 2455 1123 2478 ne
1159 2444 1342 2488 impetum
1375 2442 1553 2488 facerent,

50 2492 345 2533 remorarentur,
359 2502 448 2525 usus
462 2490 786 2537 Contostephanus
799 2492 975 2527 universa
987 2470 1094 2527 ilfinc
1105 2491 1227 2526 soluta
1243 2491 1359 2527 classe
1369 2491 1553 2528 Aulonem

49 2537 255 2584 occupavit.
281 2538 346 2573 sed
384 2540 573 2585 quoniam,
612 2551 698 2575 cnm
735 2540 902 2585 primum
926 2539 1177 2586 Dyrrachium
1215 2540 1320 2574 venit
1356 2551 1551 2587 navesque,

3 2606 7 2615 ι
49 2598 140 2632 quas
163 2586 326 2622 habebat
349 2586 491 2634 longas,
524 2588 573 2623 ab
597 2588 680 2634 ipso
706 2587 911 2634 Dyrrachio
937 2588 985 2624 ad
1010 2588 1195 2623 Aulonem
1221 2599 1338 2634 usque
1361 2592 1401 2624 et
1425 2588 1548 2625 locum

47 2635 112 2680 qui
149 2634 290 2670 dicitur
334 2635 545 2671 Chimaram
593 2638 733 2682 sparsit
781 2637 912 2681 (distat
963 2640 1089 2672 autem
1128 2636 1253 2672 Aulon
1286 2648 1309 2671 a
1336 2636 1546 2683 Dyrrachio

48 2683 171 2718 stadia
204 2687 367 2728 centum,
400 2684 575 2720 Chimara
605 2686 653 2720 ab
680 2685 825 2720 Aulone
858 2686 1078 2731 sexaginta),
1113 2685 1213 2720 fama
1244 2685 1420 2721 instantis
1456 2686 1546 2722 Boe-

49 2731 179 2766 mundi
212 2712 447 2768 traiectionis
472 2733 720 2779 percrebruit,
754 2733 849 2769 hanc
871 2737 1081 2780 susceptum
1115 2734 1165 2768 iri
1190 2733 1372 2769 Aulonem
1407 2735 1549 2770 coniec-

47 2780 212 2824 tabatur,
250 2780 350 2826 quod
394 2781 516 2816 Aulon
555 2782 711 2838 propius
749 2794 861 2828 quam
899 2782 1150 2828 Dyrrachium
1185 2781 1326 2826 aberat,
1366 2782 1415 2818 ob
1452 2795 1547 2818 eam·

51 2839 123 2874 que
156 2839 235 2864 rem
274 2829 459 2865 Aulonem
494 2831 631 2866 maiori
664 2830 853 2876 praesidio
886 2830 1022 2866 debore
1054 2830 1210 2866 firmari.
1273 2842 1357 2866 cum
1397 2830 1551 2877 reliquis

0 2871 171 2926 igitur
194 2876 354 2914 ducibus
379 2878 570 2924 profectus
596 2878 736 2915 fretum
761 2879 810 2914 ab
830 2879 976 2915 Aulone
1000 2879 1205 2926 diligenter
1225 2879 1448 2916 observabat
1472 2891 1552 2926 spe·
