1812 3184
520 238 787 273 ALEXIADIS
819 239 916 274 LIB.
946 241 1013 274 XI.
1054 234 1091 274 1.
1499 233 1552 274 73

53 351 229 410 μόσυνα
279 355 523 414 κυκλοτερῆ
565 350 887 412 τεκτηνάμενος
928 355 1003 399 καὶ
1053 355 1104 411 ἑξ
1140 353 1350 412 ἑκατέρου
1390 357 1555 413 μέρους

51 421 237 482 βύρσαις
264 418 401 469 αὐτόν
438 424 732 479 περιστείλας,
775 421 887 467 κατὰ
921 424 971 468 δὲ
1011 421 1064 467 τὸ
1102 424 1241 480 μέσον
1277 422 1431 482 λύγοις
1460 426 1555 470 δια-

53 493 218 549 πλέξας
245 493 320 537 καὶ
350 489 584 537 πάντοθεν
611 489 926 548 κατοχυρώσας
955 495 1011 554 τῇ
1041 494 1213 553 πλευρᾷ
1237 494 1552 549 προσεπέλασε

52 564 134 606 τοῦ
162 561 401 620 λεγομένου
431 557 629 605 Γονάτου
658 558 844 619 πύργου.
893 557 947 616 ο“ς
972 561 1052 618 τὴν
1081 562 1337 618 ἐπωνυμίαν
1366 559 1553 621 ἐκληρώ·

17 636 165 675 ὅσατο
191 627 344 684 πάλαι,
376 627 569 690 ὁπηνίκα
597 628 816 688 Μανουὴλ
837 630 1017 684 ἐκεῖνος,
1050 628 1074 674 ὁ
1104 634 1185 675 τοῦ
1204 632 1554 687 προβεβασιλευ-

52 697 187 753 κότος
213 694 429 744 Ἰσαακίου
458 702 544 744 τοῦ
575 702 814 758 Κομνηνοῦ
845 699 992 755 πατὴρ
1022 700 1095 743 καὶ
1126 703 1208 744 τοῦ
1246 694 1446 760 ἀδελφοῦ
1481 696 1554 745 αὖ·

51 771 132 813 τοῦ
162 763 365 813 Ἰωάννου
409 771 491 813 τοῦ
534 766 653 824 πρὸς
692 766 866 825 πατρὸς
908 768 1017 825 ἐμοῦ
1055 766 1267 821 πάππου,
1311 767 1555 827 στρατηγὸς

52 832 382 895 αὖτοκράτορος
409 840 490 896 τῆς
516 834 631 896 ἑῴας
657 834 835 894 ἁπάσης
865 835 989 894 παρὰ
1011 840 1093 882 τοῦ
1118 835 1222 882 τότε
1241 835 1555 893 βασιλεύοντος
1569 841 1595 876 C

54 906 294 951 Βασιλείου
322 903 646 966 προῦβέβλητο,
682 907 752 966 ἐφ’
802 897 839 965 ᾦ
868 904 948 966 την
974 903 1088 964 μετὰ
1123 909 1204 951 τοῦ
1242 907 1441 964 Σκληροῦ
1489 905 1555 962 ἔχ-

0 983 42 1019 10
53 980 173 1032 θραν
200 977 404 1022 διαλῦσαι
435 973 464 1033 ἢ
499 977 614 1033 χειρὶ
657 974 775 1033 πρὸς
807 979 968 1020 τοῦτον
1004 970 1321 1029 ἄντι-καταστὰς
1349 973 1378 1036 ἢ
1405 973 1556 1036 γνώμῃ

52 1043 118 1098 εἷς
144 1042 370 1103 εἰρηνικὰς
406 1043 607 1098 σπονδὰς
646 1048 808 1090 τοῦτον
843 1043 1101 1099 συνελάσας.
1162 1045 1262 1090 ἐπεὶ
1296 1046 1333 1090 δ’
1366 1043 1391 1088 ὃ
1421 1046 1556 1104 Σκλη-

53 1111 132 1170 ρὸς
159 1110 475 1171 μαχιμώτατος
502 1110 566 1157 ὢν
593 1114 668 1158 καὶ
696 1115 851 1171 αἵμασι
883 1115 1050 1171 χαίρων
1088 1109 1159 1158 ἇεὶ
1198 1114 1279 1171 τὴν
1308 1112 1451 1172 μάχην
1479 1116 1559 1173 τῆς

52 1180 227 1244 εἰρήνης
252 1184 422 1240 μᾶλλον
452 1178 701 1243 ἠσπάσατο,
745 1185 959 1240 πολέμων
994 1181 1198 1241 μεγάλων
1238 1183 1344 1228 καθ’
1374 1181 1559 1240 ἑκάστην

52 1251 428 1310 συρρηγνυμένων,
471 1249 536 1306 ὦς
570 1255 652 1297 τοῦ
686 1253 887 1310 Σκληροῦ
923 1250 985 1311 μη
1021 1250 1161 1309 μόνον
1186 1252 1267 1312 τὴν
1294 1248 1473 1310 εἰρήνην
1496 1249 1558 1312 μὴ

0 1331 40 1370 15
52 1322 281 1375 θέλοντος,
322 1319 433 1366 ἀλλὰ
476 1322 549 1366 καὶ
581 1322 644 1370 ,δι’
689 1320 943 1366 ἓλεπόλεων
979 1321 1189 1379 γενναίων
1233 1316 1557 1378 ἀγωνιζομένου

51 1387 136 1449 τήν
175 1390 362 1435 Νίκαιαν
391 1388 520 1444 ἑλεῖν,
567 1388 921 1447 καταρράξανῑος
957 1388 1014 1434 τὰ
1056 1391 1191 1448 τείχη,
1237 1392 1318 1434 τοῦ
1347 1389 1558 1442 πλείονος

52 1459 219 1516 μέρους
246 1461 327 1504 τοῦ
352 1456 524 1517 πύργου
554 1459 964 1517 ποδοκοπηθέντος
993 1456 1203 1503 κάτωθεν
1231 1459 1390 1516 συνέβη
1427 1456 1556 1513 σάξαι

51 1525 131 1571 τὸν
158 1524 342 1584 πύργον,
361 1525 426 1581 ὥς
453 1528 531 1572 ἐπὶ
560 1526 663 1586 γόνυ
685 1529 835 1573 δοκεῖν
866 1527 1156 1587 ἔπικλιθῆναι
1186 1522 1268 1571 κᾶκ
1297 1524 1459 1571 τούτου
1478 1529 1558 1584 τῆς

52 1594 261 1655 τοιαύτης
288 1598 586 1656 μετειληχέναι
627 1597 943 1656 προσηγορίας.
998 1595 1115 1642 οὕτω
1145 1596 1226 1653 μὲν
1256 1588 1333 1641 οὖν
1364 1594 1419 1640 τὰ
1448 1593 1604 1639 nau-{D

0 1663 133 1715 mvaeiv
163 1670 203 1709 Γ
198 1662 358 1724 ονάτην
394 1664 804 1725 παρηκολουθήκει.
855 1664 880 1710 ὁ
911 1666 959 1710 δὲ
989 1662 1227 1724 Ἰσαγγέλης
1259 1662 1338 1708 τὸν
1371 1659 1453 1724 ἤδη
1482 1668 1559 1722 ῥητ

53 1734 195 1779 θέντα
222 1732 395 1791 μόσυνα
427 1736 654 1792 ἐμπείρως
682 1733 799 1779 πάνυ
834 1733 1176 1788 κατασκευάσας,
1219 1729 1270 1777 ὃν
1299 1731 1341 1778 οἱ
1370 1733 1558 1778 πλείονα

54 1803 289 1860 ἐμπειρίαν
307 1807 399 1848 τῶν
416 1807 664 1861 μηχανικῶν
681 1805 938 1863 κεκτημένοι
958 1801 1153 1862 χελώνην
1167 1799 1553 1859 κατονομάζουσιν,
1567 1801 1612 1837 V·
1638 1802 1710 1836 247

54 1869 178 1926 ἐντὸς
204 1870 367 1918 τοί-του
410 1867 572 1930 ι’ἱνδρας
603 1871 896 1934 ὁπλοφόρους
923 1869 1262 1931 τειχεσιπλῆτας
1303 1870 1452 1929 εἰσῇξε
1483 1872 1557 1915 καὶ

188 1955 224 1991 2.
249 1951 404 2001 βύρσαις
425 1955 467 2001 Ρ,
492 1951 631 2002 βύρσας
654 1956 727 1992 FC.
863 1955 898 1991 3.
924 1960 1004 1995 ταῖς
1027 1957 1205 2001 πλευραῖς
1230 1954 1268 1990 C.
1379 1954 1412 1989 6.
1438 1952 1459 1988 ὁ
1486 1967 1556 1988 πα-

187 2001 255 2048 τὴρ
278 2004 320 2048 P,
347 2001 368 2039 ὃ
394 2016 468 2040 om.
498 2005 571 2040 FC.
672 2003 909 2049 αὗταδέλᾳ-ου
933 2004 972 2040 C.
1163 2005 1219 2038 11.
1247 2004 1300 2041 εἰς
1322 2003 1367 2044 F,
1392 2000 1487 2048 πρὸς
1511 2002 1553 2037 Ρ.

190 2053 247 2088 12.
274 2055 336 2087 καὶ
362 2053 434 2094 FC,
462 2065 536 2090 om.
562 2053 604 2090 P.
797 2054 853 2089 15.
881 2056 941 2088 καὶ
967 2053 1011 2097 F,
1036 2064 1109 2088 om.
1135 2052 1175 2088 P.
1369 2053 1427 2086 23.
1454 2048 1559 2090 ἐντὸς

190 2102 341 2148 scripsi:
367 2099 472 2140 ἐκτὸς
482 2102 523 2138 Ρ.
644 2099 923 2150 τειχεσιπλῆτας
935 2101 1008 2144 FC,
1035 2096 1339 2148 τειχεσιπλήκτας
1353 2099 1396 2136 Ρ.

53 2180 164 2224 cepto
187 2178 295 2224 operi
325 2181 472 2215 turrem
496 2180 661 2226 ligneam
690 2180 879 2216 rotundae
907 2179 1050 2216 formae
1072 2178 1244 2215 extruxit
1272 2190 1428 2224 eamque
1455 2178 1559 2214 corio

53 2226 223 2273 undique
246 2231 385 2267 tectam
412 2240 456 2265 ac
479 2230 580 2265 circa
605 2229 771 2265 medium
806 2229 1012 2265 viminibus
1047 2227 1267 2264 adstrictam
1306 2227 1483 2272 omnique
1514 2238 1561 2263 ex

0 2284 2 2289 ·
53 2278 164 2322 parte
197 2278 469 2313 communitam
503 2278 673 2314 admovit
707 2278 820 2323 turri,
852 2290 946 2323 quae
982 2277 1146 2313 Gonates
1181 2276 1398 2312 vecabatur.
1451 2275 1492 2311 id
1516 2287 1561 2311 ea

0 2333 6 2367 ς
54 2324 172 2360 turris
196 2336 332 2361 nomen
358 2326 447 2362 olim
478 2327 708 2370 obtinuerat,
743 2339 827 2363 cum
853 2325 1006 2363 Manuel
1042 2325 1106 2361 ille
1144 2325 1260 2361 Isaaci
1286 2324 1466 2360 Comneni
1491 2324 1559 2359 im-

54 2373 242 2420 peratoria
267 2377 308 2409 et
331 2374 482 2411 Ioannis
515 2375 648 2411 fratris
674 2376 765 2420 eius,
797 2376 948 2422 paterni
973 2375 1034 2410 avi
1066 2374 1152 2419 mei,
1183 2377 1295 2420 pater
1327 2373 1375 2409 ab
1399 2374 1560 2419 impera·
1602 2406 1606 2411 .

54 2425 139 2457 tore
164 2421 303 2458 Basilio
330 2425 529 2460 universae
553 2425 730 2460 orientali
760 2424 917 2460 militiae
942 2422 1156 2470 praefectus
1181 2426 1290 2462 esset.
1327 2433 1372 2458 eo
1406 2422 1559 2468 quidem

56 2470 226 2512 consilio,
253 2474 298 2507 ut
319 2473 378 2508 vel
401 2473 606 2519 pugnando
628 2474 687 2509 vel
713 2472 878 2519 pacificis
901 2472 1117 2508 foederibus
1141 2472 1373 2515 inimicitias,
1392 2483 1488 2516 quae
1504 2470 1562 2506 illi

54 2530 140 2555 cum
158 2518 283 2555 Selero
308 2521 608 2566 intercedebant,
634 2525 890 2568 componeret.
917 2525 958 2557 at
973 2521 1132 2564 Sclerue,
1158 2521 1218 2555 vir
1246 2520 1560 2562 bellicosissimus,

54 2579 141 2603 cum
177 2570 358 2615 sanguine
397 2582 543 2616 semper
581 2571 763 2617 gauderet
801 2582 1043 2617 pugnamque
1069 2569 1152 2615 paci
1178 2568 1398 2615 praeferret,
1429 2568 1560 2614 gravia

54 2616 200 2662 proelia
223 2618 363 2654 cotidie
387 2620 587 2660 commisit,
604 2621 659 2655 ita
678 2623 721 2655 ut
746 2632 822 2655 non
846 2619 964 2655 solum
989 2630 1118 2664 pacem
1139 2617 1268 2653 nollet.
1294 2617 1359 2652 sed
1377 2617 1560 2652 machinis

0 2669 18 2706 '⁶5²
51 2665 169 2701 etiam
197 2665 360 2702 fortibus
385 2667 549 2704 admotis
573 2668 751 2704 Nicaeam
777 2680 911 2714 capere
936 2667 1118 2703 studeret.
1176 2677 1285 2701 muro
1316 2669 1441 2701 autem
1477 2677 1559 2711 per-

54 2717 171 2760 rupto
196 2726 282 2750 cum
307 2716 427 2752 turris
451 2728 540 2762 pars
571 2717 733 2753 inferior
767 2717 1049 2763 percelleretur,
1083 2715 1234 2755 accidit,
1273 2717 1317 2749 ut
1347 2714 1559 2750 subsideret

15 2792 18 2794 .
55 2763 174 2798 turris
199 2774 244 2799 ac
266 2764 370 2800 velut
396 2765 436 2800 in
461 2777 584 2812 genua
619 2766 867 2812 procumbere
904 2765 1118 2801 videretur:
1155 2763 1256 2798 unde
1295 2775 1431 2799 nomen
1464 2761 1559 2798 illud

13 2842 15 2847 ,
56 2812 212 2857 accepit.
261 2812 353 2849 haec
377 2814 498 2860 igitur
522 2817 580 2849 est
604 2814 763 2850 historia
790 2814 959 2850 Gonatae
986 2815 1115 2848 turris.
1152 2812 1338 2858 Isangcles
1364 2823 1464 2847 vero.
1492 2811 1558 2846 ubi

50 2859 218 2906 ⁴ligneam
237 2863 396 2907 turrem,
424 2874 535 2908 quam
555 2863 816 2899 machinarum
836 2863 1038 2909 peritiores
1059 2861 1288 2896 taetudinem
1305 2863 1453 2896 vocant.
1469 2860 1560 2895 scite

15 2921 24 2951 .ss
55 2908 167 2956 plane
190 2911 373 2957 extruxit,
401 2912 444 2946 in
470 2922 550 2947 eam
578 2915 743 2948 armatos
766 2913 868 2948 viros
892 2911 1057 2955 admisit,
1075 2912 1141 2956 qui
1166 2912 1299 2946 contra
1324 2920 1451 2945 muros
1477 2919 1559 2943 rue-
