1734 3120
201 214 281 254 272
704 219 870 253 ANNAE
900 217 1167 254 C'OMNENAE

45 349 84 385 P.
111 332 221 395 434⁷}
254 331 457 387 διάθεσις
488 335 579 378 τῶν
608 334 763 377 ποδῶν
794 330 1052 390 ἐφιήρεάζεν,Δ
1080 330 1163 389 ἐγώ
1194 331 1466 393 διηγήσομαι.
1528 333 1684 394 ἐσφαί-

196 404 287 460 ριζέ
331 420 444 447 ποτε
489 398 810 460 γυμναζόμενος
853 401 1198 460 συσφαιρίζοντα
1243 403 1314 445 καὶ
1358 401 1438 446 τὸν
1482 404 1687 448 Τατίκιον

199 471 323 527 ἔχων,
355 472 461 528 περὶ
492 461 543 515 οὗ
573 466 786 521 πολλάκις
814 469 1067 525 διείλεγμαι.
1130 464 1179 522 ὃς
1208 471 1281 514 καὶ
1309 468 1399 514 ὑπὸ
1429 474 1510 515 τοῦ
1537 472 1685 515 ἵππου

197 541 466 596 παρασυρεὶς
497 539 711 595 ἐμπίπτει
741 538 803 595 τῷ
849 538 1044 592 βασιλεῖ·
1089 532 1333 582 κᾶντεῦθεν
1372 534 1564 599 ἀλγήσας
1606 537 1688 598 την

197 607 412 667 κεφαλίδα
440 610 519 651 τοῦ
548 603 703 664 γόνυος
732 606 804 649 καὶ
834 600 967 649 αὐτὸν
997 602 1103 649 ὅλον
1131 604 1210 649 τὸν
1239 603 1361 650 πόδα
1382 604 1455 650 διὰ
1482 604 1534 651 τὸ
1555 602 1722 663 niuno-5

196 675 328 732 βαρὲς
355 678 432 734 τῆς
462 675 716 734 καταφορᾶς
756 669 834 717 οὐκ
865 674 1110 729 ἐνεδείξατο
1150 674 1231 730 μὲν
1276 670 1459 734 ἀλγῆσαι
1490 692 1689 735 φερεπο-

197 742 391 797 νώτατος
421 738 493 797 ὤν,
527 741 648 800 ὅμως
691 742 841 799 μέντοι
883 744 1047 799 μικρᾶς
1089 759 1209 795 τινος
1253 741 1396 798 τυχών
1437 743 1689 801 ἐπιμελείας

198 814 269 857 καὶ
296 812 387 856 κατ’
434 807 580 869 ὀλίγον
616 811 660 864 ἐς
688 808 740 855 τὸ
771 806 995 855 ἀνώδυνον
1041 808 1189 855 ἐλθών
1219 814 1309 856 τῶν
1356 809 1565 871 συνήθων
1595 814 1689 857 δια-

198 883 363 937 τριβῶν
391 878 547 936 εἴχετο.
607 878 714 938 αὕτη
741 880 822 936 μὲν
853 871 935 923 οὖν
965 877 1123 937 πρώτη
1157 878 1276 924 αἰτία
1303 883 1382 939 τῆς
1411 884 1502 925 τῶν
1533 882 1690 925 ποδῶν

159 947 438 1008 Βοῖλγηδόνος
479 950 562 992 τοῦ
606 949 846 1004 βασιλέως·
894 944 938 990 αἶ
980 945 1059 1005 γὰρ
1107 943 1257 992 ὀδύναι
1301 952 1391 993 τῶν
1431 946 1587 992 τόπων
1628 948 1691 1002 εἰς
1705 954 1734 989 1⁴

200 1015 354 1072 ἑαυτὰς
375 1015 430 1061 τὰ
451 1014 643 1075 ῥεύματα
665 1013 990 1075 ἐφειλκύσαντο.
1042 1017 1224 1073 δευτέρα
1245 1017 1293 1061 δὲ
1313 1017 1385 1061 καὶ
1406 1017 1690 1076 ἑναργεστέρα

199 1088 270 1130 καὶ
313 1089 390 1146 τῆς
428 1083 529 1144 ὅλης
560 1080 715 1143 ὀδύνης
746 1081 890 1144 μήτηρ
915 1081 1114 1142 ’τοιαύτη
1158 1102 1226 1138 τις
1255 1077 1319 1144 ἢν.
1388 1087 1455 1139 τίς
1485 1082 1565 1130 οὐκ
1595 1081 1689 1130 οἶδε

197 1152 251 1198 τοὶ
295 1148 458 1210 ἄπειρα
498 1155 587 1197 τῶν
617 1153 803 1196 Κελτῶν
849 1153 993 1197 ἐκεῖνα
1036 1149 1193 1211 πλήθη
1241 1156 1331 1197 τῶν
1371 1154 1449 1198 τὶν
1485 1155 1689 1210 βασιλίδα

148 1270 151 1273 ,
200 1220 331 1267 πόλιν
360 1218 702 1281 κατειληφότων,
742 1218 885 1265 ὁπότε
915 1224 994 1279 τῆς
1023 1219 1192 1265 ἑαυτῶν
1225 1219 1542 1278 ἁπανταχόθεν
1571 1218 1690 1267 ἄπα-

195 1287 430 1343 ,ναστάντες
460 1288 575 1346 πρὸς
608 1287 720 1350 ἡμᾶς
764 1286 996 1346 ὡ’ρ,ι.ιησαν,·
1039 1287 1140 1334 τότε
1179 1287 1258 1348 γὰρ
1293 1281 1423 1344 οὗτος
1459 1290 1523 1343 εἰς
1553 1291 1690 1334 πέλα-
1706 1299 1734 1332 12

46 1369 89 1407 V.
115 1371 186 1406 344
199 1375 274 1416 γος
303 1353 455 1414 ἀχανὲς
486 1358 735 1417 φροντίδων
765 1357 1075 1415 ἐμπεπτωκὼς
1110 1359 1157 1403 ἐκ
1188 1360 1360 1404 πολλοῦ
1399 1357 1587 1405 συνιδών
1614 1355 1690 1404 αὕ-

199 1424 303 1480 τούς
331 1425 409 1486 τὴν
435 1424 661 1483 Ῥωμαίων
679 1427 906 1482 βασιλείαν
927 1423 1277 1483 όνειρώττοντας,
1308 1425 1421 1484 ’ὑπὲρ
1443 1426 1524 1486 τήν
1544 1422 1691 1484 ἷίμμον

160 1495 248 1539 Οδὲ
276 1495 347 1538 καὶ
376 1493 430 1538 τὰ
465 1489 605 1551 ὂῖστρα
629 1491 709 1552 τὴν
737 1489 883 1537 αὐτῶν
904 1492 1084 1552 πληθύν
1105 1492 1234 1551 ὁρῶν,
1265 1495 1343 1548 τὰς
1372 1495 1420 1539 δὲ
1447 1493 1691 1552 Ῥωμαϊκὰς

198 1560 374 1616 ἁπάσας
403 1560 606 1619 δυνάμεις
636 1557 739 1607 οὐδὲ
769 1561 885 1619 πρὸς
915 1561 1303 1622 πολλοστημόριον
1334 1561 1504 1608 τούτων
1523 1564 1691 1619 ἐξισου-

197 1632 340 1688 μένας,
374 1629 412 1675 εἰ
443 1632 516 1675 καὶ
545 1630 607 1684 εἰς
636 1629 683 1675 ἓν
714 1634 1001 1690 συναφθεῖεν,
1026 1633 1181 1690 πολλῷ
1212 1649 1259 1690 γε
1290 1633 1457 1689 μᾶλλον
1478 1633 1690 1688 διεσπαρ-
1704 1643 1734 1676 24

331 1758 366 1791 2.
390 1760 571 1793 ταττίκιον
597 1757 640 1793 A.
798 1759 830 1793 3.
859 1755 949 1804 ὑπὸ]
975 1756 1077 1804 παρὰ
1093 1758 1129 1794 C.
1287 1759 1321 1794 5.
1349 1759 1479 1804 γένυος
1491 1758 1527 1794 C.
1624 1755 1691 1793 τὸν

333 1817 403 1840 om.
418 1805 497 1841 FA.
631 1808 662 1841 7.
690 1803 812 1852 τυχὼν
828 1805 869 1850 F,
895 1811 1020 1853 τυχεῖν
1044 1806 1084 1841 Ρ.
1231 1809 1264 1842 8.
1295 1804 1418 1842 ἐλθὼν
1442 1807 1484 1852 F,
1511 1807 1637 1841 ἐλθεῖν
1649 1806 1689 1842 Ρ.

333 1855 364 1889 9.
392 1866 458 1889 ουν
484 1866 555 1889 om.
584 1854 626 1890 F.
844 1857 897 1889 11.
927 1855 1077 1901 δευτέρα
1105 1856 1147 1890 δὲ
1173 1855 1214 1898 F,
1244 1855 1285 1890 δὲ
1314 1867 1385 1891 om.
1414 1855 1452 1891 P.
1587 1855 1691 1901 ἑναρ·

330 1906 486 1948 γεστέρα
500 1902 578 1944 FA,
606 1903 845 1949 ἔνεργεστέρα
863 1903 901 1939 P.
1004 1904 1058 1939 12.
1086 1904 1128 1939 δὲ
1156 1906 1216 1939 καὶ
1232 1904 1272 1947 Ρ,
1297 1904 1339 1938 δὲ
1360 1916 1430 1940 om.
1447 1903 1488 1939 F.
1553 1903 1631 1938 οἶδε
1646 1904 1689 1948 F,

331 1951 405 1986 εἶδε
420 1951 459 1986 Ρ.
560 1953 612 1987 13.
642 1951 763 1986 ἐκεῖνα
777 1951 852 1992 ΡΑ,
881 1952 1090 1988 ἐκείνωνΙῧ.
1168 1954 1221 1988 14.
1250 1948 1530 1998 ἁπανταχόθεν]
1562 1949 1584 1986 ἆ
1605 1952 1689 1987 add.

329 2011 375 2035 m.
410 2002 426 2034 1
457 1999 499 2035 F..
630 2000 683 2034 16.
714 2002 776 2034 καὶ
801 2001 842 2035 ἐκ
869 2000 908 2044 P,
935 2003 996 2035 καὶ
1022 2012 1093 2037 om.
1121 2001 1162 2036 F.
1239 2001 1376 2036 πολλοῦ
1405 2001 1450 2045 F,
1477 2001 1625 2035 πολλῶν
1650 2000 1688 2035 Ρ.

330 2046 490 2083 συνιδὼν
515 2047 558 2093 F,
586 2048 749 2084 συνιδεῖν
773 2048 812 2085 P.
967 2051 1023 2085 17.
1047 2047 1114 2094 τὴν
1137 2050 1212 2085 τῶν
1231 2049 1271 2095 Ρ,
1294 2050 1368 2086 τῶν
1393 2061 1465 2085 om.
1484 2049 1527 2084 F.
1631 2051 1687 2084 19.

329 2093 415 2132 οὐδὲ
442 2094 535 2142 πρὸς
561 2095 605 2142 F,
631 2094 724 2142 πρὸς
750 2109 822 2133 om.
849 2097 889 2133 P.

197 2199 260 2235 sed
284 2203 327 2235 ut
351 2211 478 2236 veram
519 2202 642 2237 morbi
667 2203 853 2249 originem
879 2202 1080 2248 proferam,
1107 2202 1296 2249 quondam
1320 2201 1398 2248 pila
1433 2199 1586 2236 ludebat
1611 2211 1690 2235 cor-

196 2248 298 2293 poris
322 2249 519 2284 exoreendi
543 2261 651 2285 eausa
676 2263 750 2286 una
774 2263 858 2287 cum
875 2251 1031 2294 Tutiam,
1059 2251 1163 2287 cuius
1187 2251 1320 2287 erebra
1343 2251 1419 2285 iam
1445 2250 1586 2284 mentio
1604 2248 1687 2283 fuit.

196 2298 227 2331 is
251 2299 331 2331 tum
355 2309 452 2343 equo
476 2297 712 2334 vehementer
739 2300 916 2345 abreptus
941 2300 980 2335 in
1019 2302 1286 2345 imperatorem
1324 2298 1550 2344 impingitur
1586 2296 1689 2332 inde-

196 2356 268 2390 que
293 2345 445 2381 alterius
462 2358 625 2392 genuum
649 2347 767 2383 nodus
792 2348 960 2394 graviter
983 2349 1017 2384 ei
1034 2351 1211 2384 contusus
1235 2347 1402 2383 dolorem
1428 2347 1467 2381 in
1491 2348 1614 2381 totum
1628 2357 1689 2390 pe-

195 2393 279 2428 dem
307 2395 548 2440 propagavit3
575 2407 685 2441 quem
710 2399 835 2431 tamen
861 2400 903 2432 ut
927 2397 1097 2432 laborum
1133 2398 1280 2443 patiens
1317 2391 1567 2437 dissimulavit
1602 2394 1690 2428 levi-

195 2453 267 2486 que
293 2454 382 2477 eura
412 2442 583 2478 adhibita
609 2444 837 2491 sublatisque
864 2445 969 2481 brevi
993 2445 1186 2481 doloribus
1220 2444 1406 2480 consuetis
1435 2442 1688 2488 occupationi-

194 2489 263 2525 bus
288 2491 453 2527 vacabat.
505 2492 595 2527 haee
620 2493 743 2538 prima
768 2493 989 2539 imperatori
1018 2495 1126 2530 istius
1153 2493 1240 2528 mali
1266 2504 1376 2529 causa
1404 2492 1495 2527 fuit:
1540 2491 1688 2526 dolores

194 2538 294 2573 enim
319 2541 482 2585 partium
511 2540 557 2575 ad
589 2552 626 2575 se
664 2541 838 2577 humores
865 2542 1074 2578 attrahunt.
1131 2542 1362 2578 altera'vero
1389 2543 1427 2575 et
1454 2539 1688 2575 manifestior

194 2589 231 2621 et
257 2588 376 2622 omnis
403 2589 571 2623 miseriae
597 2592 717 2625 mater
743 2590 832 2626 haee
851 2590 934 2626 fuit.
979 2592 1061 2636 quis
1088 2591 1237 2636 ignoret
1255 2588 1568 2625 innumerabilem
1586 2587 1688 2622 illam

194 2634 386 2671 Gallorum
411 2637 568 2682 copiam,
587 2638 651 2683 qui
666 2638 798 2674 relicta
812 2640 938 2684 patria
965 2639 1012 2675 ad
1028 2651 1094 2675 nos
1115 2638 1378 2675 confluxerunt
1398 2637 1606 2682 urbemque
1633 2647 1690 2671 re·

193 2683 291 2728 giam
331 2684 633 2721 inundaverunt?
683 2689 773 2722 tune
813 2689 911 2722 enim
938 2689 1118 2724 immenso
1149 2687 1211 2722 ille
1236 2698 1411 2722 curarum
1451 2686 1556 2731 quasi
1594 2684 1689 2719 mari

194 2732 420 2777 agitabatur,
457 2745 540 2768 eum
566 2735 746 2770 barbaros
773 2735 1025 2771 Romanorum
1051 2737 1249 2782 imperium
1277 2735 1463 2771 somniare
1498 2733 1688 2779 intellege-

193 2782 252 2815 ret
276 2781 516 2827 ingentiaque
545 2783 694 2829 agmina
722 2795 817 2829 quae
843 2784 1007 2819 siderum
1032 2785 1267 2831 harenaeque
1300 2794 1497 2818 numerum
1540 2792 1690 2827 supera-

194 2828 286 2864 bant
320 2828 473 2875 videret,
500 2830 754 2866 Romanorum
780 2835 905 2867 autem
931 2833 1058 2879 copiae
1084 2845 1211 2868 omnes
1237 2833 1276 2867 in
1301 2843 1415 2867 unum
1442 2830 1618 2866 collectae
1643 2839 1690 2864 ne

195 2876 442 2913 multesimam
468 2878 616 2924 quidem
644 2879 792 2915 illorum
820 2884 967 2926 partem
982 2885 1186 2927 aequarent
1211 2891 1412 2926 earumque
1437 2879 1589 2925 insuper
1615 2878 1689 2925 ple·
1717 2892 1734 2915 ἡ
