1768 3152
478 291 484 293 f
513 269 779 304 ALEXIADIS
810 266 905 304 LIB.
937 271 984 304 X.
1014 265 1053 304 4.
1479 267 1528 306 17

31 383 376 444 κληρωσάμενος
407 387 455 431 ἐκ
495 384 814 445 γενναιοτάτων
853 381 1024 444 ἀνδρῶν
1066 385 1368 447 γενναιότερος
1419 394 1528 444 παῖς

31 456 272 514 γεννηθείς.
332 456 382 511 ἐξ
412 453 614 514 ὑπογύου
646 456 694 501 δὲ
735 459 815 500 τοῦ
852 453 1052 502 θανάτου
1086 459 1282 516 ῥυσθείς,
1319 459 1529 516 ἇναζέσας

30 525 95 581 τῷ
128 526 265 582 θυμῷ
294 521 404 567 κατὰ
435 526 517 567 τοῦ
553 525 923 582 Ψευόοδιογένους
952 522 1146 583 ἐχώρησε
1177 527 1379 583 πέραθεν
1408 527 1530 586 παρὰ

30 594 95 650 τῷ
126 593 260 647 χείλει
292 594 378 636 τοῦ
408 596 617 649 ποταμοῦ
649 595 722 638 καὶ
751 589 887 638 αύτοῦ
930 591 1178 651 ἱσταμένου,
1221 593 1340 640 ὅπου
1374 594 1399 641 ὁ
1430 601 1529 640 Μα-

0 663 18 700 5
31 658 180 716 ριανὸς
198 659 312 717 μετὰ
338 664 429 705 τῶν
447 658 685 718 βαρβάρων
706 660 906 719 ἐμάχετο,
936 662 1008 706 καὶ
1029 660 1312 720 θεασάμενος
1341 664 1529 721 ἐρυθρο-

31 731 263 788 φοροῦντα
292 730 366 773 καὶ
405 731 646 784 βασιλικῶς
689 731 954 788 ἐσταλμένον
998 732 1071 776 καὶ
1106 732 1211 785 τούς
1250 734 1355 789 περὶ
1398 728 1532 778 αὐτὸν

30 798 369 855 σκεδασθέντας,
399 795 627 853 ἄνατείνας
654 802 890 858 τηνικαῦτα
927 797 1006 858 τὴν
1041 798 1230 859 μάστιγα
1270 799 1400 846 ἔπαιε
1429 806 1532 847 τοῦ·

29 882 108 910 τον
136 865 248 910 κατὰ
276 868 472 926 κεφαλῆς
501 863 700 927 ἀφειδῶς
730 866 1026 925 ψευδώνυμον
1062 864 1304 914 ἇποκαλιῦν
1339 871 1528 926 βασιλέα.

139 939 179 979 4.
234 931 280 980 Ὁ
309 935 358 980 δὲ
385 937 593 991 βασιλεὺς
620 938 698 998 τὴν
728 938 835 994 περὶ
866 936 945 998 τὴν
970 934 1342 995 Ἀδριανούπολιν
1378 958 1528 997 καρτε-

0 1004 128 1059 ῦρίαν
158 1007 250 1047 τῶν
279 1001 503 1061 Κομάνων
528 1003 771 1061 μανθάνων
800 1007 873 1051 καὶ
906 1004 1011 1060 τούς
1048 1006 1234 1063 συχνοὺς
1270 1008 1413 1053 ἐκεῖσε
1445 1019 1574 1054 πο-Ι)

29 1073 190 1129 λε’μους
235 1073 336 1122 δέον
383 1072 526 1131 ἔκρινε
570 1075 644 1119 καὶ
687 1071 821 1128 αι’-τὸς
862 1076 911 1131 ἐξ
949 1074 1181 1134 Ἀγχιάλου
1224 1081 1350 1122 κεῖθι
1389 1096 1530 1135 παρα-

28 1142 252 1198 γενέσθαι.
295 1141 708 1199 μεταπεμψάμενος
737 1136 815 1189 οὖν
829 1143 934 1197 τοὺς
954 1145 1181 1201 ἐκκρίτους
1198 1149 1289 1191 τῶν
1306 1144 1532 1205 ἡγεμόνιον

28 1210 101 1254 καὶ
130 1209 402 1267 προέχοντας
427 1214 507 1256 τοῦ
537 1212 646 1256 λαοῦ
665 1211 939 1268 ἐβουλεύετο,
960 1214 1004 1257 τί
1034 1211 1087 1257 ἂν
1106 1211 1350 1272 ποιήσειεν.
1395 1213 1530 1260 εἶσελ·

29 1278 128 1324 θῶν
158 1278 208 1324 δέ
237 1297 305 1332 τις
331 1274 440 1338 ἀνὴρ
455 1275 725 1334 Ἀλακασεῦς
758 1276 1088 1338 ὀνομαζόμενος
1119 1280 1207 1342 ἔφη
1239 1281 1290 1326 ‘⁴5
1316 1279 1426 1339 ἒμός
1445 1301 1530 1327 πα-

0 1347 107 1405 ὖτὴρ
139 1346 336 1408 συνήθης
365 1346 506 1394 πάλαι
533 1352 598 1408 τῷ
632 1353 713 1395 τοῦ
744 1348 1041 1407 ψευδωνύμου
1078 1352 1216 1407 πατρὶ
1259 1350 1411 1406 ἔτυχεν
1455 1346 1529 1397 ὤν.

31 1414 164 1473 ἔγωγε
190 1417 339 1461 τοίνυν
368 1412 588 1462 ἀπελθών
617 1419 691 1463 καὶ
720 1417 784 1472 εἰς
821 1417 869 1464 ἓν
898 1422 988 1464 τῶν
1016 1421 1258 1475 πολιχνίων
1286 1418 1530 1478 εἰσαγαγών

28 1479 161 1530 ‹xi-‘cdv
188 1483 391 1541 κατάσχω
408 1487 448 1539 ,·”
514 1486 710 1545 ἐζητεῖτο
754 1490 859 1545 γοῦν
903 1491 1138 1546 τηνικαῦτα
1168 1486 1192 1533 ὁ
1236 1487 1408 1545 τρόπος
1451 1492 1530 1547 τῆς

27 1556 108 1598 τοῦ
150 1551 358 1600 τοιούτου
405 1553 535 1612 ἔργου
578 1558 934 1612 μεταχειρίσεως.
1004 1554 1028 1601 ὁ
1060 1556 1109 1601 δὲ
1146 1555 1224 1603 τὸν
1263 1557 1341 1602 ἐπὶ
1373 1555 1526 1615 Κύρου
1539 1563 1583 1599 V.
1609 1566 1682 1600 220

29 1618 255 1680 Ζώπυρον
291 1620 596 1682 μιμησάμενος
635 1622 715 1669 τὸν
753 1625 921 1670 ἐκείνου
961 1622 1135 1682 τρόπον
1171 1623 1373 1671 ὑπέθετο
1415 1627 1580 1683 πρόςΡ.
1608 1638 1678 1671 278

0 1689 107 1737 ῠτόν
135 1687 439 1749 αὐτοκράτορα
456 1705 466 1714 ·
513 1691 775 1738 αἰκίσασθαι
806 1691 886 1752 γὰρ
925 1692 1081 1739 ἑαυτὸν
1119 1695 1405 1752 ἐπηγγείλατο
1455 1696 1529 1739 καὶ

0 1783 1 1786 =
27 1755 106 1802 τὸν
136 1756 331 1817 πώγωνα
360 1761 434 1804 καὶ
462 1760 540 1813 τὰς
558 1761 710 1817 τρίχας
737 1761 978 1818 ἅποκερεῖν
1005 1763 1078 1806 καὶ
1099 1760 1163 1816 εἷς
1184 1762 1352 1807 ἐκεῖνον
1373 1765 1527 1824 φοιτῆ-

30 1843 101 1872 σαι
134 1825 196 1880 ιῦς
237 1829 378 1888 δῆθεν
416 1832 554 1873 ταῦτα
595 1828 719 1886 παρὰ
766 1833 845 1875 τοῦ
888 1826 1217 1888 αὐτοκράτορος
1259 1829 1526 1885 πεπονθώς.

165 1922 198 1956 2.
225 1917 390 1967 ὑπογύου
414 1921 456 1967 F,
482 1919 663 1968 ὑπογυίου
688 1922 729 1959 P.
965 1925 999 1959 3.
1023 1919 1190 1970 ἐχώρησε
1214 1924 1257 1968 F,
1282 1921 1471 1972 ἐχώρησεν
1483 1924 1525 1959 P.

165 1971 199 2004 4.
234 1969 284 2016 τῷ
317 1972 435 2017 χείλει
462 1970 505 2015 F,
547 1969 588 2006 τὸ
621 1973 747 2019 χεῖλος
786 1971 827 2007 P.
1085 1973 1118 2008 8.
1155 1969 1321 2020 ἀφειδῶς
1354 1985 1427 2009 om.
1454 1972 1526 2008 CG.

165 2017 200 2054 9.
226 2017 405 2064 καρτερὰν
430 2018 472 2054 G.
586 2022 641 2056 15.
666 2020 717 2066 τῷ
741 2019 825 2056 add.
851 2019 973 2065 prima
997 2031 1130 2056 manus
1155 2021 1195 2056 in
1220 2021 1264 2058 F.
1390 2022 1446 2057 17.
1471 2022 1527 2056 in-

165 2068 436 2113 terrogationis
460 2068 610 2115 signum
635 2069 756 2115 posui.
897 2070 952 2104 18.
977 2073 1265 2116 μεταχειρίσεως
1289 2070 1332 2115 F,
1355 2081 1527 2117 μεταχει-

164 2111 304 2175 ρήσεως
322 2115 368 2200 g.
478 2118 537 2153 20.
563 2118 808 2164 ἐπηγγείλατο
834 2116 907 2162 FC,
933 2114 1184 2164 ἄπηγγείλατο
1209 2117 1252 2154 Ρ.
1349 2120 1407 2154 21.
1434 2116 1527 2153 ἀπο-

166 2175 300 2211 κειρειν
357 2193 366 2201 .

27 2245 197 2282 virorum
222 2245 360 2283 fortior
384 2246 519 2292 proles.
570 2247 603 2283 is
636 2249 757 2294 igitur
793 2259 814 2283 e
850 2248 1040 2294 praesenti
1080 2248 1248 2295 periculo
1287 2252 1456 2285 servatus
1488 2252 1527 2285 et

29 2294 86 2329 ira
124 2294 272 2330 fervens
295 2295 641 2342 Pseudodiogenem
666 2297 782 2342 petit3
821 2308 932 2343 quem
969 2308 1053 2333 cum
1080 2300 1242 2333 stantem
1273 2298 1314 2332 in
1346 2298 1526 2334 ulteriore

28 2343 113 2389 ripa
138 2342 315 2388 fluminis,
340 2344 407 2379 ubi
431 2345 623 2380 Marianus
648 2357 735 2381 cum
759 2345 932 2381 Comanis
957 2349 1180 2391 certaverat,
1207 2358 1317 2382 cocco
1346 2347 1525 2393 regioque

29 2395 166 2428 ornatu
200 2392 374 2428 indutum
401 2393 554 2439 eiusque
578 2394 734 2430 comites
770 2394 958 2441 dispersos
997 2394 1154 2439 videret,
1191 2394 1331 2441 flagelli
1368 2396 1525 2431 verbere

28 2443 143 2486 caput
159 2441 239 2476 eius
261 2441 505 2477 inclementer
524 2443 708 2487 percussit
730 2441 867 2478 falsum
897 2443 1018 2489 ipsum
1045 2443 1236 2489 appellans
1254 2444 1474 2490 principem.

126 2491 160 2525 4.
210 2489 375 2525 Tandem
406 2490 613 2536 imperator
656 2490 905 2527 Comanorum
940 2491 988 2527 ad
1015 2491 1291 2538 Adrianopolin
1315 2492 1526 2537 pertinacia.

0 2544 2 2546 ’
29 2549 73 2573 ac
98 2537 357 2584 frequentibus
381 2539 436 2574 ibi
453 2539 588 2585 pugnis
613 2540 774 2586 cognitis
800 2539 1013 2576 faciendum
1038 2541 1111 2576 sibi
1135 2541 1296 2586 putavit,
1314 2544 1358 2575 ut
1378 2552 1420 2576 eo
1445 2542 1525 2586 ipse

0 2630 3 2631 ⁷
30 2586 214 2622 Anchiale
234 2586 546 2633 proficisceretur.
575 2589 766 2624 arcessivit
791 2588 884 2635 ergo*
907 2589 1096 2635 principes
1123 2589 1260 2625 ducum
1284 2589 1526 2635 civitatisque

28 2646 202 2680 proceres
225 2646 360 2681 eosque
385 2637 478 2682 quid
503 2636 718 2672 faciendum
734 2640 829 2672 esset
843 2638 1041 2674 consuluit.
1088 2641 1178 2673 tunc
1196 2637 1348 2683 quidam
1373 2639 1525 2673 nomine

29 2683 229 2719 Alacaseus
258 2685 436 2720 accedens
474 2685 631 2720 “Pater”
670 2686 795 2731 inquit
844 2687 972 2722 “meus
1003 2686 1115 2721 huius
1146 2686 1392 2732 pseudonymi
1424 2687 1526 2732 patri

0 2743 1 2747 ¹
29 2731 121 2767 olim
146 2732 341 2768 familiaris
366 2733 460 2778 fuit3
486 2745 614 2780 quare,
639 2734 671 2770 si
695 2734 830 2780 placet,
855 2746 939 2769 eum
965 2734 1078 2770 adibo
1102 2734 1378 2780 deductumque
1402 2735 1443 2770 in
1458 2734 1523 2770 ali—

0 2820 2 2825 ,
29 2792 139 2826 quam
158 2792 281 2816 arcem
293 2782 641 2826 eomprehendam”.
667 2783 863 2829 quaeritur
888 2783 1033 2827 deinde,
1060 2794 1221 2828 quonam
1247 2782 1288 2817 id
1305 2783 1417 2819 modo
1443 2782 1525 2818 fieri

0 2855 3 2869 2
29 2832 165 2874 posset.
208 2832 248 2864 at
264 2829 296 2865 is
313 2829 500 2877 Zopyrum
517 2831 604 2877 Cyri
621 2831 814 2877 aequalem
831 2832 1002 2867 imitatus
1028 2832 1226 2876 rationem,
1252 2843 1326 2877 qua
1350 2832 1413 2867 ille
1438 2843 1525 2866 usus

0 2893 6 2922 ζ,
30 2881 124 2923 erat,
137 2878 360 2924 imperatori
384 2881 593 2925 proposuit.
627 2891 715 2915 nam
739 2891 777 2915 se
803 2880 926 2925 ipsum
949 2879 1250 2915 deformaturum
1276 2891 1352 2915 esse
1375 2880 1524 2925 pollice-

29 2925 143 2962 batur
164 2930 202 2962 et
225 2926 344 2963 barba
369 2927 530 2974 pilisque
567 2928 672 2974 rasis,
710 2931 902 2974 tamquam
940 2928 1032 2964 haec
1058 2928 1105 2963 ab
1130 2928 1359 2974 imperatore
1397 2940 1525 2974 passus

105 2998 221 3035 Arma
245 2997 440 3036 Gomnena.
497 3001 554 3036 II.
1238 3000 1261 3033 2
