1806 3132
264 191 348 235 694
784 202 963 237 cARom
991 202 1231 238 DUcAncn

654 315 874 373 Primique
899 320 997 371 post
1027 317 1229 360 damnum
1257 316 1380 370 thori,

654 373 783 429 Iynis
810 374 984 417 secundi
1012 374 1188 416 nescias.

263 430 500 474 Concilium
532 430 784 474 Toletanum
813 430 888 473 IV.
924 430 1025 473 Can.
1047 430 1113 472 56.
1148 429 1245 473 Duo
1273 434 1375 473 sant
1401 445 1559 486 yenera
1593 430 1754 474 Vidua-

259 502 368 540 rum,
413 486 633 531 Secalares
674 491 713 530 et
757 486 1123 530 Sanctimoniales.
1191 486 1410 530 Seculares
1443 487 1606 532 Viduae
1641 493 1753 542 sant,

261 558 367 599 quae
395 544 534 587 adbuc
563 544 830 598 disponentes
858 544 1012 587 nabere
1065 543 1258 587 laicalem
1286 543 1476 587 habitum
1512 558 1599 588 non
1629 545 1752 599 depo-

259 604 446 644 suerant.
505 599 859 644 Sanctimoniales
889 604 1000 655 sunt,
1041 615 1146 656 quae
1183 601 1270 643 iam
1310 604 1469 644 mutato
1506 602 1652 645 habitu
1687 615 1752 645 se-

260 658 399 702 culari
442 658 518 701 sub
562 657 759 713 reliyioso
792 657 904 700 calta
957 658 1004 700 in
1042 661 1263 711 conspecta
1290 657 1544 710 Sacerdotis,
1575 658 1638 701 vel
1670 658 1752 701 Ec-

260 714 411 758 clesiae
440 718 748 768 apparuerunt.
809 715 1090 757 Mutationem
1137 714 1318 757 vestium
1361 715 1585 759 observant
1625 715 1750 758 ctiam

259 771 497 815 Parisiense
515 771 565 815 V.
599 770 700 814 Can.
726 772 792 814 13.
823 771 1063 815 Turonense
1093 771 1149 814 II.
1189 770 1290 814 Can.
1314 772 1380 814 20.
1419 771 1669 815 Toletanum
1698 772 1751 815 X.

261 827 362 871 Can.
395 828 435 871 4.
479 829 520 871 et
567 827 751 871 Foroiul.
795 827 895 871 Can.
926 829 991 870 11.
1029 828 1077 870 ut
1114 827 1155 870 et
1196 827 1386 882 Epistola
1432 829 1656 872 Clodovaei
1699 829 1751 872 ad

259 884 499 940 Episcopos.
560 883 601 927 A
630 884 884 939 professione
921 884 1158 928 devotionis
1185 883 1374 927 Devotae
1414 886 1680 940 appellantur
1709 886 1753 927 in

260 941 403 986 eadem
439 940 663 984 Clodovaei
709 941 912 996 Epistola,
962 942 1003 984 et
1032 940 1257 994 Professae
1299 941 1344 984 in
1387 941 1572 986 Concilio
1602 942 1753 986 Arela-

258 998 367 1042 tensi
393 998 448 1041 ΙΙ.
496 997 596 1041 Can.
624 998 693 1041 46.
741 997 852 1052 quod
896 1011 991 1041 vero
1034 998 1377 1041 consecrarentur
1424 999 1478 1042 ab
1523 999 1750 1054 Episcopis‚

262 1054 539 1099 Consecratae
566 1054 612 1097 in
643 1053 829 1098 Concilio
861 1054 1057 1098 R-emensi
1089 1054 1190 1099 Can.
1211 1055 1278 1098 23.
1322 1055 1431 1110 quod
1481 1056 1658 1111 deniqne
1700 1056 1752 1098 iis

257 1111 545 1166 impertiretur
575 1111 823 1164 benedictio,
855 1110 1111 1155 Benedictae
1139 1112 1181 1154 in
1214 1111 1400 1155 Concilio
1430 1112 1663 1155 Turonensi
1694 1113 1750 1155 Π.

259 1167 359 1212 Can.
382 1169 450 1211 20.
496 1168 557 1211 At
583 1168 721 1223 qualis
750 1168 879 1211 fuerit
891 1169 1128 1212 Viduarum
1148 1168 1416 1212 Gonsecratio
1435 1170 1477 1212 et
1491 1168 1750 1222 Benedictio,

258 1224 378 1268 video
410 1225 679 1268 controverti.
741 1223 861 1268 Certe
904 1225 956 1268 iis
1002 1225 1046 1267 in
1094 1225 1364 1269 caeremoniis
1405 1226 1548 1270 varius
1593 1226 1675 1269 fuit
1708 1227 1751 1268 in

259 1281 446 1325 Ecclesia
476 1294 588 1325 usus.
648 1281 761 1325 Nam
791 1282 940 1325 viduas
976 1282 1126 1326 emissa
1161 1282 1385 1326 viduitatis
1414 1284 1668 1338 professione
1698 1283 1752 1326 ad

257 1338 427 1394 nuptias
470 1338 650 1381 transire
693 1339 811 1382 vetat
841 1338 1119 1394 Symmachus
1156 1339 1242 1381 ΡΡ.
1281 1339 1414 1394 Epist.
1443 1340 1655 1383 Decretali
1699 1340 1751 1383 ad

258 1394 502 1439 Caesarium
523 1395 686 1438 Arelat.
720 1407 809 1450 cap.
832 1396 870 1438 5.
894 1397 934 1438 et
956 1395 1188 1439 Concilium
1212 1396 1396 1439 Foroiul.
1419 1396 1519 1440 Can.
1544 1398 1609 1439 11.
1641 1396 1751 1451 quod

257 1451 308 1495 de
323 1452 583 1495 Diaconissis
603 1452 757 1495 statuit
778 1451 1112 1495 Chalcedonense
1132 1453 1172 1495 et
1194 1452 1442 1496 Toletanum
1461 1454 1535 1497 IV.
1563 1453 1664 1497 Can.
1683 1454 1750 1496 56.

257 1508 299 1551 et
329 1508 508 1552 Additio
529 1509 567 1551 3.
599 1508 757 1552 Ludov.
791 1521 880 1564 cap.
903 1509 972 1552 47.
1023 1509 1207 1552 Proinde
1246 1509 1281 1552 si
1322 1511 1374 1553 ab
1416 1523 1464 1554 ea
1498 1511 1751 1565 professione

257 1565 507 1618 recederent,
538 1565 587 1608 ut
616 1566 657 1608 et
689 1578 833 1609 earum
864 1566 1065 1621 raptores,
1097 1566 1524 1611 excommunicatione
1545 1567 1752 1610 damnant

257 1621 568 1666 Arausicanum
598 1622 632 1665 Ι.
664 1621 767 1666 Can.
788 1623 856 1666 27.
888 1623 998 1666 idem
1021 1622 1298 1679 Symmachus
1330 1637 1418 1679 cap.
1441 1624 1481 1666 4.
1515 1623 1750 1667 Concilium

258 1678 474 1722 Aurelian.
506 1678 563 1721 II.
610 1677 711 1722 Can.
738 1679 807 1722 46.
850 1680 1155 1723 Aurelianense
1180 1680 1260 1723 III.
1312 1679 1411 1725 Can.
1436 1682 1501 1724 16.
1549 1681 1751 1724 Remense

257 1734 359 1779 Can.
382 1737 448 1778 23.
490 1734 726 1779 Parisiense
755 1736 835 1779 III.
865 1735 965 1780 Can.
989 1737 1027 1780 5.
1058 1737 1310 1780 Toletanum
1340 1738 1394 1780 X.
1439 1736 1540 1781 Can.
1562 1738 1603 1780 4.
1648 1737 1751 1780 Tul-

254 1792 367 1836 lense
398 1792 455 1835 II.
488 1791 589 1836 Can.
609 1793 648 1836 2.
682 1793 760 1836 etc.
820 1792 879 1835 At
910 1806 1054 1837 earum
1085 1793 1440 1838 consecrationem
1472 1795 1588 1838 vetat
1614 1795 1751 1849 Epao-

255 1862 381 1892 nense
412 1848 512 1892 Can.
534 1850 602 1892 21.
633 1849 752 1893 cuius
782 1850 951 1893 Decreti
987 1850 1089 1893 haec
1125 1850 1169 1893 in
1201 1850 1432 1894 Turonensi
1462 1852 1517 1894 II.
1557 1850 1658 1894 Can.
1681 1852 1748 1894 20.

256 1905 446 1949 redditur
475 1906 598 1957 ratio,
631 1906 730 1961 quia
760 1920 978 1962 nunqnam
1003 1908 1051 1950 in
1083 1907 1312 1951 Canonicis
1345 1907 1467 1951 libris
1503 1908 1657 1963 Zeyitar
1687 1907 1748 1950 be-

255 1963 438 2005 nedictio
467 1962 674 2016 vidualis;
718 1964 790 2007 ubi
822 1963 1050 2007 benedictio
1081 1977 1155 2019 pro
1187 1977 1336 2007 manus
1362 1965 1642 2020 impositione,
1678 1978 1750 2007 seu

255 2019 519 2062 ordinatione
549 2020 745 2071 sumitur,
772 2020 938 2064 diversa
968 2034 992 2064 a
1013 2020 1294 2075 poenitentiae
1312 2022 1612 2065 benedictione.
1658 2022 1748 2064 Imo

254 2088 338 2118 non
358 2075 558 2119 velandas
579 2076 633 2119 ab
655 2077 858 2132 Episcopo
888 2078 1041 2120 statuit
1062 2077 1254 2120 Gelasius
1285 2078 1370 2121 ΡΡ.
1402 2078 1534 2134 Epist.
1557 2080 1596 2121 9.
1631 2078 1748 2130 Cum,

253 2133 406 2187 inquit,
437 2146 512 2176 nec
542 2134 775 2177 auctoritas
805 2134 965 2186 divina,
1008 2148 1082 2178 nec
1114 2134 1333 2178 Canonam
1367 2136 1511 2189 forma
1540 2136 1587 2179 id
1619 2149 1750 2189 prae-

253 2189 455 2232 scribant.
506 2189 556 2232 Id
586 2190 731 2245 postea
760 2191 948 2235 firmavit
969 2191 1191 2235 Zacharias
1213 2191 1298 2234 ΡΡ.
1317 2192 1447 2246 Epist.
1480 2192 1532 2235 ad
1548 2192 1749 2247 Pipinum

257 2258 345 2300 cap.
367 2247 405 2288 6.
435 2259 518 2301 qua
553 2246 737 2291 decrevit
758 2247 918 2292 Viduas
955 2248 1031 2291 sab
1069 2248 1191 2291 nulla
1221 2248 1504 2292 benedictione
1533 2249 1747 2301 velandas,

255 2302 316 2346 ita
348 2303 396 2345 ut
424 2304 463 2346 si
488 2304 671 2358 propria
700 2304 912 2348 voluntate
933 2305 1176 2359 professam
1197 2306 1385 2360 coniayii
1405 2306 1638 2349 castitatem
1657 2320 1749 2348 ma-

254 2358 378 2402 tabili
406 2364 541 2403 mente
568 2360 835 2413 calcaverint,
864 2362 1051 2415 periculi
1080 2376 1225 2406 earum
1255 2363 1434 2415 intersit,
1465 2362 1583 2417 quali
1610 2363 1749 2405 Deum

254 2415 429 2459 debeant
448 2417 736 2470 satisfactione
752 2418 937 2472 placare.
968 2419 1092 2470 Nam,
1116 2420 1164 2461 ut
1183 2419 1244 2462 ait
1262 2418 1497 2462 Concilium
1515 2420 1669 2462 Turon.
1692 2420 1747 2461 ΙΙ.

254 2470 354 2515 Can.
376 2473 446 2516 20.
477 2474 568 2516 Etsi
598 2474 733 2517 solum
765 2476 1034 2529 propositam
1062 2476 1151 2518 illis
1187 2475 1377 2529 sufficere
1425 2476 1553 2526 debet,
1597 2476 1749 2530 absque

253 2528 347 2571 dolo
363 2529 411 2571 in
431 2543 475 2572 eo
483 2544 756 2583 perseverare
767 2545 1006 2586 procurare
1021 2533 1179 2575 debent.
1212 2532 1368 2575 Verum
1390 2533 1491 2575 haec
1514 2533 1613 2575 sunt
1634 2533 1748 2587 post-

254 2585 425 2628 modum
455 2586 705 2631 immutata:
747 2588 954 2643 siquidem
997 2603 1119 2632 sacro
1156 2588 1280 2632 semel
1318 2589 1525 2632 velamine
1558 2593 1746 2642 suscepto

250 2647 514 2685 consecratas
543 2644 695 2687 viduas
740 2645 793 2688 ab
825 2646 975 2688 emissa
1004 2645 1257 2700 professione
1287 2645 1475 2688 recedere
1498 2646 1744 2700 prohibitas,

252 2697 407 2740 evincit
438 2699 673 2743 Concilium
692 2701 1002 2746 Wormatiense
1032 2702 1109 2745 sub
1137 2701 1325 2745 Adriano
1350 2703 1405 2745 ΙΙ.
1442 2702 1526 2746 ΡΡ.
1558 2702 1658 2745 Can.
1678 2703 1743 2745 20.

253 2754 318 2796 21.
351 2754 512 2798 Viduae
543 2756 686 2811 itaque
717 2759 758 2801 et
790 2759 1061 2802 Diaconissae
1091 2759 1135 2801 in
1156 2758 1347 2801 Ecclesia
1373 2759 1534 2801 certum
1557 2758 1745 2802 ordinem

253 2809 475 2864 confecere,
517 2812 580 2855 uti
611 2813 962 2859 Sanctimoniales
998 2816 1039 2859 et
1069 2815 1314 2868 Monachae‚
1345 2829 1370 2859 a
1401 2815 1551 2871 quibus
1582 2815 1746 2858 differe-
