1806 3132
509 241 564 275 m
590 241 880 277 ALEXIADEM
910 244 1072 280 NOTAE
1452 242 1532 287 501

49 356 100 400 de
126 354 318 410 Spalato,
347 356 364 400 i
389 354 609 411 Spalatmi
651 357 715 413 ‚qli
741 358 1005 403 maudarouo
1048 361 1095 404 iu
1123 362 1238 407 aiuto
1282 378 1368 408 una
1425 366 1531 420 alea,

48 417 86 457 et
112 414 129 457 i
159 413 321 457 Rausei
349 414 442 466 due,
472 415 640 469 quando
671 415 742 458 che
771 416 856 471 cyli
897 416 1044 469 faceva
1087 433 1246 473 yucrra
1283 422 1342 464 ad
1368 380 1533 467 Aqlcssio

51 470 247 514 Couneno
276 470 384 526 Imp.
427 475 466 514 et
502 486 529 514 a
557 471 788 516 Domem'co
832 473 966 517 Silvio
996 474 1117 530 Doye
1159 477 1204 519 di
1231 476 1413 534 Venetia,
1457 479 1532 524 all'

46 528 152 571 hora
182 541 352 579 avenne,
382 529 454 572 che
483 529 751 573 attacandosi
780 534 917 584 queste
947 532 1027 574 due
1045 537 1207 576 armate
1227 549 1253 577 a
1274 535 1530 590 combattere,

47 585 91 628 la
117 585 244 640 yalea
271 585 444 629 Rausea
471 600 602 629 verme
630 601 658 629 a
687 601 783 630 caso
811 587 895 631 alle
922 589 1040 631 mani
1082 602 1158 632 con
1201 590 1245 633 la
1288 592 1412 646 yatea
1444 592 1532 636 Im-

43 641 217 697 pertale,
249 655 380 696 sopra
408 642 455 686 di
483 643 551 686 eui
584 645 764 687 montati
794 645 811 687 i
837 644 996 688 soldati
1026 645 1198 698 Rausei,
1243 661 1327 690 uuo
1368 649 1413 692 di
1442 649 1532 692 loro

44 698 187 742 volcva
211 698 345 753 ferire
376 699 683 754 l'Imperatore,
713 714 783 744 ma
813 701 847 744 il
877 715 952 744 suo
985 703 1183 756 capitano
1222 705 1436 759 yridaudo
1475 707 1533 749 ad

45 755 134 798 alta
164 769 270 811 voce,
293 770 381 799 non
407 757 519 810 fare,
564 756 635 800 che
663 759 797 801 costui
826 772 847 800 e
878 757 1184 812 l'Imperatore,
1229 761 1312 816 eyti
1340 762 1379 805 si
1406 762 1531 805 ritiro

44 812 239 856 iudietro.
313 812 433 857 Certe
459 813 698 869 Ragusinos
731 814 903 858 Roberti
946 816 1085 870 partes
1128 817 1338 871 amplexos
1386 819 1531 862 contra

46 869 224 913 Venetos
257 869 298 913 et
323 868 502 914 Graecos
532 871 656 914 autor
686 871 748 914 est
777 872 989 926 praeterea
1023 871 1274 917 Guillelmus
1307 874 1432 929 Apul.

214 937 330 982 Gens
350 938 548 982 comitata
567 938 729 982 Ducem
748 953 841 983 cum
861 939 1119 984 Dalmaticis
1139 941 1379 997 Baqusaca,

217 994 412 1038 Telorum
439 995 582 1039 densis
610 997 838 1040 consteruit
866 996 1047 1040 iactibus
1077 1011 1232 1052 aequor
1245 1015 1258 1040 .-

211 1051 312 1095 Non
332 1055 473 1095 tamen
493 1067 520 1096 a
548 1056 679 1106 portu
699 1053 857 1107 procul
877 1054 1035 1097 audent
1053 1055 1201 1098 ducere
1219 1069 1356 1108 naves,

215 1107 462 1152 Castrorum
490 1109 665 1153 dederat
694 1113 830 1154 tutum
855 1111 1014 1163 vicinia
1036 1115 1223 1165 portum.

212 1165 412 1209 Fuuibus
439 1167 589 1210 incisis
617 1167 824 1222 quasdam
851 1167 1053 1211 violenter
1081 1168 1133 1211 ab
1163 1169 1255 1222 ipso

210 1222 374 1266 Littore
395 1223 631 1278 propulsas
661 1225 704 1267 vi
733 1224 859 1268 turba
887 1224 1081 1268 Venetica
1113 1225 1239 1269 ducit.

175 1287 252 1341 Εἷς
283 1291 398 1348 μῆνα
427 1284 715 1346 Αὔγουστον]
748 1292 888 1347 Igitur
922 1292 1094 1335 Alexius
1122 1294 1269 1336 statim
1299 1293 1426 1348 atque
1443 1294 1528 1336 Ro-
1541 1299 1762 1346 Pag.108.1)

40 1346 148 1389 berti
174 1347 218 1390 in
232 1347 450 1403 Illyricum
481 1349 710 1392 adventum
738 1349 921 1402 rescivit,
948 1348 1075 1392 CPoli
1095 1349 1237 1392 eodem
1257 1362 1367 1392 anno
1384 1350 1473 1394 Ind.
1489 1351 1527 1393 4.

40 1415 135 1446 cum
165 1405 348 1448 exercitu
376 1405 588 1460 profectus
617 1408 691 1449 est.

179 1470 415 1527 Τατίκιος]
448 1472 489 1516 Is
518 1474 580 1516 est
610 1473 812 1526 Taticius‚
841 1473 1024 1528 Magnus
1045 1474 1276 1517 Turcorum
1294 1473 1526 1517 Achriden-
1541 1480 1757 1526 Pag.109.c

40 1528 162 1580 sium,
193 1541 262 1572 seu
282 1529 634 1574 Bardariotarum
655 1530 937 1583 Primicerius‚
966 1543 1089 1585 quem
1120 1530 1280 1586 origine
1310 1531 1351 1573 et
1380 1543 1528 1586 genere

39 1584 294 1628 Saracenum
326 1586 453 1629 fuisse
483 1587 680 1630 docemur
712 1600 758 1630 ex
786 1587 865 1630 hoc
895 1587 1043 1630 Annae
1074 1587 1176 1639 loco,
1219 1587 1373 1642 quique
1410 1601 1434 1630 a
1464 1587 1525 1630 te-

38 1641 148 1684 neris
178 1642 299 1685 annis
327 1642 464 1686 Alexii
495 1639 808 1700 σινηλικιώτης
837 1646 879 1687 et
899 1639 1148 1701 σύντροφος
1169 1643 1317 1695 fuerat,
1340 1643 1387 1685 ut
1403 1644 1526 1686 autor

38 1699 100 1741 cst
145 1698 379 1754 Bryennius
423 1700 496 1743 lib.
531 1701 570 1742 4.
617 1700 669 1743 Ν.
706 1702 773 1743 2Ο.
846 1700 1122 1743 Postmodum
1151 1699 1453 1742 Gothofredum
1484 1701 1524 1743 et

38 1754 220 1798 Francos
248 1755 292 1798 in
323 1756 624 1811 expeditionem
643 1757 1074 1812 Hierosolymitanam
1095 1756 1399 1811 proficiscentes
1429 1769 1522 1798 cum

35 1811 182 1855 idoneo
213 1813 409 1866 exercitu,
441 1814 493 1857 ab
524 1814 667 1857 eodem
698 1813 845 1856 Alexio
876 1814 1039 1866 missus,
1071 1813 1294 1856 comitatus
1323 1813 1396 1855 est.
1440 1811 1522 1855 Ta—

36 1868 151 1911 tiuus
180 1872 401 1913 truncatae
428 1871 564 1924 uaris,
596 1884 668 1914 seu
702 1871 1013 1922 Rhinotmetus,
1045 1870 1200 1912 dicitur
1231 1868 1406 1911 Alberto
1440 1869 1519 1923 Aq.

35 1924 106 1968 lib.
128 1926 167 1967 2.
199 1938 287 1980 cap.
315 1927 377 1970 12.
409 1927 451 1970 et
478 1928 546 1970 37.
593 1927 711 1971 Tatio
739 1926 918 1970 naribus
945 1931 1119 1970 truncus
1162 1929 1200 1968 et
1228 1925 1341 1968 omui
1369 1925 1523 1967 virtute

37 1981 286 2036 Raymuudo
329 1983 380 2026 de
424 1983 590 2039 Agiles;
639 1984 847 2038 Tattuyus
882 1983 1077 2026 Baldrico
1106 1982 1177 2025 lib.
1203 1983 1264 2024 11.
1312 1981 1522 2035 Taciuyus

37 2037 241 2082 Guiberto
271 2039 342 2083 lib.
363 2040 401 2083 4.
434 2053 523 2095 cap.
547 2042 612 2083 10.
662 2040 833 2095 Tetiyus
871 2040 1052 2083 Roberto
1085 2040 1195 2082 Mon.
1227 2038 1298 2080 lib.
1320 2038 1359 2079 4.
1391 2036 1521 2102 Tani-

36 2108 117 2138 nus
134 2095 348 2140 Willelmo
394 2097 523 2152 Tyrio
555 2097 628 2141 lib.
650 2098 688 2140 2.
727 2110 815 2152 cap.
850 2096 927 2139 ult.
968 2096 1039 2139 lib.
1063 2098 1102 2138 3.
1134 2108 1222 2150 cap.
1249 2095 1312 2136 11.
1345 2094 1521 2148 denique

35 2150 230 2195 Statiuus
262 2151 404 2196 Giloni
434 2154 530 2198 Par.
562 2154 634 2198 lib.
657 2155 695 2197 5.
726 2154 885 2196 Hister.
910 2153 1011 2195 Viae
1041 2152 1204 2195 Hieros.

204 2219 422 2274 Robertus,
453 2220 704 2276 Stephanus,
740 2220 998 2271 Tancretius‚
1028 2219 1169 2275 Huyo,
1198 2217 1403 2273 Stati-uus,

206 2275 288 2330 Qui
318 2277 419 2321 dum
446 2279 621 2333 vivebat,
652 2291 757 2322 naso
786 2291 871 2320 nou
901 2277 1026 2320 laude
1055 2276 1233 2320 carebat.

170 2340 488 2401 Πριμικήριος]
553 2344 789 2388 Primicerii
825 2343 1013 2399 dignitas
1057 2344 1105 2386 ut
1148 2340 1345 2384 Palatina
1386 2340 1556 2405 inter-C

34 2399 134 2442 dum
167 2400 207 2443 et
235 2401 433 2445 militaris
474 2402 570 2445 fuit.
631 2401 882 2445 Praesertim
930 2412 1023 2442 vero
1065 2400 1126 2442 ita
1167 2397 1430 2451 nuncupatus
1472 2410 1516 2439 1n

33 2456 200 2500 Palatio
233 2456 700 2514 Constantinopolitano
722 2457 1067 2500 Bardariotarum
1098 2454 1414 2517 foederatorum,
1445 2465 1516 2496 seu

33 2512 267 2556 Turcorum
297 2514 634 2567 Achridensium‚
667 2514 739 2570 qui
774 2513 826 2556 ad
858 2513 1110 2555 Bardarium
1140 2509 1409 2574 Macedomae
1438 2508 1517 2551 fiu-

34 2569 149 2612 vium
179 2570 444 2624 habitabant‚
486 2572 735 2627 praefectus,
778 2570 826 2612 ut
871 2569 1035 2612 constat
1081 2581 1126 2611 ex
1156 2566 1313 2630 Codino
1356 2565 1406 2607 de
1437 2565 1515 2608 Off.

32 2638 121 2681 cap.
141 2626 180 2669 5.
209 2626 263 2670 N.
284 2628 351 2671 54.
382 2641 464 2684 quo
495 2630 587 2672 tum
627 2639 797 2670 munere
839 2625 1093 2680 fungebatur
1124 2623 1325 2674 Taticius,
1356 2622 1517 2664 Turcus

30 2681 118 2738 ipse
148 2682 418 2727 Achridensis
451 2686 493 2729 et
520 2684 781 2728 Bardariota.
832 2682 882 2724 V.
912 2682 984 2724 lib.
1007 2682 1070 2723 11.
1103 2693 1198 2745 pag.
1221 2679 1314 2722 317.
1468 2734 1477 2743 ·

167 2733 406 2795 Ἀχριὸῶν]
468 2741 620 2784 Achris
654 2739 881 2795 Bulgariae
919 2737 1212 2803 Macedonicae
1257 2734 1554 2790 Metropolls,c

31 2790 163 2847 πόλις
191 2792 399 2853 ἑσπέριος
429 2794 521 2841 ὑπὸ
550 2795 629 2856 τὴν
659 2794 844 2851 Πιερίαν
872 2790 925 2837 τὸ
955 2809 1062 2849 ορος
1091 2791 1264 2848 κειμένη
1305 2790 1514 2855 Cantacu-

32 2865 132 2896 zeno
165 2853 237 2897 lib.
256 2855 294 2897 2.
327 2867 418 2910 cap.
441 2856 508 2899 20.
558 2855 608 2897 In
627 2852 796 2897 sublimi
830 2851 945 2907 colle,
967 2863 1090 2907 prope
1109 2850 1248 2893 lacum
1271 2860 1511 2899 manmum,
