1806 3132
683 15 723 25 ef*

357 53 421 59 ...-,
428 46 470 56 ,zu
496 42 499 43 ⁷
511 37 545 43 b*

526 215 582 250 m
604 215 891 251 AIAEXIADEM
920 218 1081 254 NOTAE
1455 218 1539 261 599

65 328 170 380 loco,
210 327 340 371 etiam
383 328 621 371 senescente
647 327 838 382 Graecia,
869 330 1124 375 Francorum
1167 333 1264 386 Rex,
1308 335 1456 380 docent
1495 339 1538 383 hi

67 385 221 428 Versus
254 384 535 428 mixobarbari
564 397 611 427 ex
641 385 958 431 Lamentatione
984 387 1072 432 MS.
1105 389 1155 433 de
1189 392 1311 446 capta
1339 406 1363 435 a
1392 394 1538 439 Turcis

67 439 443 495 Constantinopoli.
454 455 466 483 :

115 491 166 540 Ὠ
194 498 503 540 Κωνσταντῖνε
535 497 726 540 Raucae&
755 494 885 555 τύχης
918 499 1080 554 βαρέαν
1109 500 1307 556 ὁποῦχες,

123 552 250 597 Θέλω
279 549 333 596 vd
358 548 490 596 δώσω
520 547 766 610 εὖθῦμησιν
795 558 912 598 στῶν
939 551 1190 600 Λῦθέντων
1218 560 1295 616 τῆς
1325 557 1481 618 Λύσης,

118 606 268 666 Ῥῆγαν
294 606 374 652 τὸν
402 606 766 665 ἐκλαμπρότατον
794 611 866 655 καὶ
894 614 973 656 τοῦ
1000 610 1154 670 Πάρης
1181 615 1205 657 ὁ
1236 617 1427 671 πρῶτος,

121 662 423 722 Πρωτόαρχος
449 668 540 708 τῶν
564 661 818 710 Αὖθέντων
845 666 1082 723 τοπάρχων
1109 672 1190 723 τῧς
1217 669 1372 729 Λύσης,

115 713 165 766 Ὠ
195 719 372 790 Φράτζα
398 719 640 780 τιμιωτάτη
669 724 742 766 καὶ
771 707 1167 791 πθλιφουμισμένηι,

122 779 466 836 Φρατζορτζιόες
493 779 772 835 πολεμισταὶ,
802 782 955 838 ανδρες
982 799 1068 837 μου
1098 786 1372 839 στρατιῶται,
1403 788 1478 830 etc.

62 837 196 892 Regio
223 837 430 892 apparatu
458 837 501 880 et
544 838 749 881 comitatu
793 852 815 882 e
856 839 997 883 Gallia
1039 841 1269 895 profectum
1312 842 1535 898 Hugonem

63 894 246 937 testatur
273 895 399 937 Anna
427 906 525 961 pag.
546 894 641 937 297.
699 895 807 938 Vide
836 896 1056 940 Dissertat.
1087 898 1154 940 27.
1194 898 1247 940 ad
1283 899 1535 942 Ioinvillam.

201 949 583 1006 Τζερπεπηριου]
616 950 716 994 Fuit
736 952 774 995 is
789 952 1031 995 Willelmus
1052 952 1357 1008 Oarpentarius‚
1388 968 1458 998 seu
1487 957 1580 998 utD

62 1006 226 1050 Gallico
254 1006 503 1050 efferebatur
529 1007 633 1050 tunc
673 1007 885 1061 idiomate,
932 1009 1042 1064 quod
1078 1022 1152 1053 suo
1189 1010 1371 1053 reddidit
1397 1011 1535 1064 Anna,

64 1061 361 1117 Gharpentier.
421 1063 484 1106 De
525 1064 613 1106 eius
655 1063 819 1107 familia
862 1066 903 1108 et
943 1066 1189 1121 cognomine
1229 1067 1289 1109 sic
1331 1067 1535 1110 Robertus

60 1120 175 1163 Mon.
196 1120 268 1163 lib.
282 1120 323 1163 4.
351 1119 589 1164 Willelmus
616 1120 668 1163 de
684 1121 840 1176 Reyali
857 1123 1069 1176 prosapia
1089 1126 1205 1165 ortus
1232 1123 1328 1176 fuit,
1360 1127 1398 1166 et
1421 1123 1533 1167 Vice-

59 1189 194 1220 comes
224 1177 445 1220 cuiusdam
474 1175 659 1232 Castelli,
689 1178 800 1232 quod
827 1178 1094 1222 Milidunum
1122 1179 1289 1232 dicitur,
1327 1179 1427 1223 olim
1466 1194 1534 1223 ex-

58 1234 158 1284 titit,
188 1234 262 1288 qui
290 1233 384 1277 ideo
416 1232 724 1287 carpentarius
753 1236 888 1288 coepit
915 1236 1216 1290 coynominari,
1240 1236 1339 1290 quia
1357 1237 1405 1278 in
1430 1236 1533 1279 bello

58 1289 203 1333 nullus
229 1290 394 1334 valebat
425 1291 465 1333 ei
501 1291 727 1334 occursari.
785 1291 922 1335 Nulla
959 1292 1070 1334 enim
1107 1292 1241 1335 lorica
1272 1296 1372 1344 erat,
1410 1292 1534 1347 yalea

58 1346 123 1390 vel
149 1347 331 1402 clypeus,
361 1347 434 1401 qui
463 1347 595 1390 duros
623 1347 794 1391 lanceae
820 1348 949 1400 illius,
979 1349 1066 1391 sive
1085 1349 1298 1391 mucronis
1312 1349 1534 1391 sustineret

58 1404 179 1447 ictus.
223 1402 429 1447 ‘Guibert
453 1403 527 1446 lib.
546 1404 587 1447 4.
617 1415 708 1459 cap.
728 1405 765 1446 7.
797 1404 877 1447 hoc
905 1405 1032 1448 etiam
1060 1405 1305 1460 cognomine
1332 1405 1532 1447 donatum

59 1459 122 1503 ait
152 1459 429 1512 Willelmum,
457 1473 546 1503 non
574 1462 675 1515 quia
699 1460 824 1513 faber
852 1461 1066 1517 liquarius
1098 1465 1211 1513 esset,
1249 1461 1323 1504 sed
1359 1462 1459 1515 quia
1486 1462 1534 1503 in

58 1516 179 1559 bellis
204 1516 429 1570 caedendo,
456 1530 571 1560 more
593 1516 877 1571 Garpentarii,
908 1518 1129 1560 insisteret.
1179 1518 1240 1559 At
1269 1530 1351 1560 non
1383 1517 1532 1560 desunt

59 1573 131 1628 qui
153 1572 415 1628 Carpentarii
442 1573 688 1629 cognomine
717 1574 921 1617 donatum
949 1574 1101 1628 putant
1143 1574 1310 1628 propter
1338 1573 1530 1616 eximiam

57 1629 147 1672 eius
173 1630 219 1672 in
247 1629 503 1673 fabricandis
531 1630 692 1673 bellicis
712 1631 916 1673 machinis
935 1630 1160 1680 solertiam,
1183 1629 1531 1685 quemadmodum

57 1685 305 1730 Pulcherius
335 1686 496 1741 primus
522 1686 879 1729 Lemovicensium
901 1686 1046 1730 Comes
1074 1687 1311 1729 industrius
1333 1685 1455 1738 faber
1485 1686 1533 1727 in

57 1742 190 1798 liynis
216 1742 347 1786 fuisse
375 1742 519 1786 eadem
549 1743 601 1786 de
630 1756 756 1786 causa
785 1743 942 1786 dicitur
979 1743 1032 1786 ab
1061 1742 1270 1785 Ademaro
1305 1741 1458 1785 Caban.
1488 1741 1532 1783 in

58 1798 155 1842 Chr.
186 1798 269 1843 An.
298 1808 590 1843 DGOOLXXVI.
632 1800 841 1843 Robertus
881 1799 1025 1843 Comes
1063 1798 1342 1849 Belismensis,
1380 1799 1427 1840 in
1462 1811 1530 1840 ex-

57 1856 249 1899 truendis
275 1856 482 1910 aedificiis
510 1859 550 1899 et
572 1856 780 1900 machinis
813 1856 992 1910 aliisque
1020 1855 1168 1898 arduis
1196 1854 1388 1908 operibus
1416 1854 1530 1908 inqe-

56 1913 202 1956 niosus
231 1912 399 1966 artifex,
434 1912 489 1956 ab
517 1911 715 1956 Orderico
736 1913 871 1956 Vitali
902 1913 975 1956 lib.
997 1913 1037 1954 8.
1078 1910 1381 1965 Carpentarius
1408 1922 1529 1964 porro

56 1968 175 2012 faber
202 1969 410 2025 lignarius
439 1969 504 2012 est
529 1968 811 2024 Scriptoribus
844 1969 935 2011 aevi
974 1968 1187 2023 sequioris,
1254 1966 1369 2009 Idem
1401 1965 1530 2008 Orde-

55 2025 168 2068 ricus
193 2025 268 2069 lib.
291 2026 357 2069 12.
388 2024 690 2080 Carpentarios
716 2025 952 2079 berfredum
975 2025 1177 2078 facientes
1202 2022 1382 2067 docebat.
1428 2021 1529 2065 Gar·

49 2083 278 2136 pentarius
304 2096 450 2126 servus
491 2083 536 2124 in
556 2082 604 2124 L.
626 2082 711 2128 Sal.
733 2083 801 2124 tit.
820 2083 885 2124 11.
920 2082 957 2136 ἓ.
979 2082 1016 2124 5.
1049 2080 1304 2134 Carpentata
1323 2078 1529 2131 aedificia,

55 2138 100 2181 id
127 2139 191 2182 est
232 2138 387 2194 lignea,
417 2139 462 2181 in
483 2138 660 2194 Speculo
690 2139 839 2182 Saxon.
868 2138 941 2180 lib.
966 2139 1002 2179 1.
1030 2138 1108 2180 art.
1127 2138 1194 2179 20.
1236 2135 1527 2188 (lamentam,

54 2195 171 2238 locus
202 2195 275 2238 ubi
303 2195 413 2238 fabri
442 2195 473 2238 li
506 2195 617 2238 narii
653 2195 786 2249 operis
833 2194 919 2237 suis
957 2193 1216 2244 incumbunt,
1259 2191 1369 2246 apud
1402 2191 1529 2232 Inno-

56 2251 238 2294 centium
268 2252 347 2295 111.
371 2251 457 2294 PP.
475 2208 560 2294 qib.
581 2252 646 2294 13.
679 2251 868 2306 Epistola
888 2251 955 2292 55.
985 2249 1189 2292 Willelmi
1208 2248 1385 2291 virtutes
1404 2246 1528 2310 longe

54 2307 253 2363 deprimit
280 2321 332 2352 ac
357 2308 494 2352 elevat
514 2307 741 2351 Guibertus
760 2307 850 2350 loco
879 2306 1022 2357 citato,
1042 2318 1123 2360 quo
1144 2305 1185 2348 et
1204 2305 1290 2347 eius
1310 2303 1354 2345 in
1373 2303 1529 2356 Hispa-

55 2364 171 2407 niam
198 2364 513 2420 Expeditionem
545 2364 699 2420 tangit,
738 2363 789 2406 de
831 2376 913 2418 qua
958 2362 1084 2405 etiam
1118 2361 1251 2416 agunt
1282 2358 1527 2402 Tudebodus

53 2420 127 2463 lib.
152 2421 188 2463 1.
218 2421 260 2464 et
289 2421 454 2464 Beslius
489 2421 534 2463 in
564 2420 715 2464 Comit.
750 2420 858 2462 Pict.
896 2431 984 2473 cap.
1010 2419 1074 2460 18.
1110 2419 1151 2459 et
1180 2418 1248 2459 30.
1307 2415 1400 2458 Una
1431 2426 1525 2456 cum

54 2477 236 2532 Hugone
279 2478 450 2533 captum
491 2478 704 2520 testantur
746 2475 945 2518 Albertus
987 2474 1070 2528 Aq.
1113 2473 1184 2515 lib.
1209 2474 1248 2515 2.
1293 2483 1380 2525 cap.
1409 2471 1448 2513 9.
1479 2470 1526 2533 et

56 2533 208 2588 Tyrius
238 2533 313 2577 lib.
333 2535 373 2576 2.
403 2546 492 2589 cap.
514 2534 554 2576 5.
586 2534 649 2576 De
663 2532 789 2575 Helia
820 2532 888 2574 hic
917 2531 1144 2573 memorato
1173 2528 1276 2570 nihil
1307 2526 1524 2590 succurrat,

54 2589 194 2633 nullus
222 2591 347 2643 enim,
378 2590 491 2646 quod
529 2590 672 2642 sciam,
717 2589 795 2631 hoc
825 2588 990 2630 nomine
1017 2586 1220 2640 reperitur
1248 2583 1358 2639 apud
1387 2582 1527 2636 Scrip-

53 2646 166 2689 tores
191 2659 329 2690 rerum
357 2647 520 2690 Hieros.

53 2699 284 2814 11...Ίᾶ
310 2704 472 2814 {fii
495 2695 1350 2810 saiisszziffvss⁰ssssssgfflm3322
1369 2694 1569 2793 {iiten

55 2827 153 2870 pag.
170 2817 239 2860 35.
259 2774 526 2861 &armarius
556 2815 668 2870 apud
687 2813 876 2858 eumdem
902 2811 975 2854 lib.
997 2811 1036 2853 6.
1064 2811 1105 2853 et
1126 2811 1164 2852 7.
1190 2821 1285 2864 pag.
1306 2808 1374 2851 58.
1393 2808 1435 2850 et
1454 2806 1522 2849 64.
