1806 3132
537 219 590 252 IN
620 218 907 253 ALEXIADEM
936 221 1099 255 NOTAE
1476 219 1558 260 629

0 367 14 389 ’,Γ
182 364 189 370 .
215 329 497 390 Μαρακέως]
529 332 755 377 Maraclea
775 332 1056 389 scriptoribus
1090 336 1245 380 Rerum
1266 337 1427 382 Hie-ros.
1454 340 1558 384 Ma—
1571 344 1605 379 A

0 393 6 438 ἦ
77 402 226 433 ruccas
251 401 467 444 perperam
497 389 610 433 dicta
636 390 681 432 in
709 390 932 434 Itinerario
967 391 1174 435 Hierosol.
1209 407 1314 448 quae
1343 396 1478 450 prima
1509 397 1560 440 de

0 455 14 474 ³
78 445 251 490 urbibus
278 445 499 489 Phoenicis
541 459 567 489 3
597 446 887 501 Septentrioue
925 447 1186 492 venientibus
1226 452 1418 504 occurrit,
1447 453 1561 497 haud

77 502 223 558 procul
252 502 307 545 ab
331 502 554 546 Antarado
582 503 625 545 et
656 502 838 546 Castello
869 503 1014 547 Arcas.
1042 505 1193 560 Tyrius
1222 506 1294 549 lib.
1312 508 1350 549 7.
1383 520 1471 563 cap.
1495 510 1559 552 17.

76 559 147 602 lib.
169 559 238 602 22.
267 571 356 614 cap.
378 560 419 602 3.
491 559 615 602 Hanc
657 560 799 602 autem
840 560 987 603 Turcis
1031 561 1273 605 dedentibus
1312 564 1435 618 paulo
1465 567 1562 608 ante

3 621 6 622 ’
76 616 364 671 expugnarant
392 616 540 668 nostri,
570 617 619 658 01
638 616 827 671 111011003
862 618 1037 660 narrant
1064 618 1270 662 Robertus
1286 619 1397 662 Mon.
1426 621 1498 664 lib.
1522 623 1561 665 8.

77 671 300 716 Baldricus
317 672 390 716 lib.
405 673 446 715 4.
482 671 671 716 Guibert.
692 673 765 715 lib.
787 674 826 715 6.
858 686 946 728 cap.
957 675 1024 716 20.
1045 674 1279 718 Μ31301030
1297 675 1559 720 dominorum

78 729 226 772 seriem
253 728 403 772 damus
431 729 477 772 in
508 729 701 772 Familiis
729 729 846 772 Hier.

212 782 468 843 Βαλανέως]
512 785 691 830 Valem‘a
707 785 741 828 Τ
798 786 836 829 'o
865 786 936 829 lib.
960 787 996 828 7:
1020 799 1109 841 cap.
1131 788 1195 830 17.
1227 788 1298 831 lib.
1323 790 1388 832 10.
1418 802 1505 844 cap.
1518 791 1602 832 5.A

76 842 149 885 lib.
171 842 236 885 11.
267 854 358 898 cap.
378 843 444 885 14.
473 844 516 886 01
542 843 695 886 Iacobo
754 855 776 885 e
805 843 994 886 Vitriaco
1040 843 1112 886 lib.
1132 845 1168 887 1.
1199 857 1287 900 cap.
1307 845 1375 888 44.
1450 846 1560 889 Urbs

76 898 153 942 sub
191 898 342 954 oppido
371 899 544 955 Margat
590 899 704 942 haud
736 899 881 954 procul
912 913 937 942 a
966 899 1177 944 Maraclea
1214 901 1296 945 sit-a
1325 901 1563 946 Balanicus

76 954 564 1055 idgdgrisithssenium
576 955 798 1054 {ulcherio
824 956 898 998 lib.
922 958 956 999 1.
987 969 1075 1012 cap.
1097 958 1164 1000 21.
1192 958 1373 1002 Valonia
1402 958 1560 1002 Sanuto

97 1026 111 1054 1
141 1045 151 1055 .
203 1045 215 1055 .
243 1025 298 1067 pa
342 1046 352 1055 .
430 1046 440 1056 .
470 1025 559 1068 cap.
606 1047 615 1055 .

208 1061 498 1124 Ἀπάραδον]
551 1068 821 1112 Antaradum
838 1102 848 1121 ,
890 1082 996 1124 quae
1031 1070 1175 1124 postea
1216 1069 1392 1114 Tortosa
1433 1070 1603 1123 dicta,B

78 1125 231 1169 nobilis
262 1125 414 1169 civitas
456 1126 500 1169 in
532 1125 738 1169 Phoenice
767 1125 992 1169 Provincia
1021 1127 1116 1178 sita,
1155 1126 1271 1169 iuxta
1302 1139 1345 1170 se
1374 1127 1561 1170 Insulam

77 1183 235 1226 habens
264 1182 488 1235 modicam,
518 1182 640 1238 quasi
667 1195 740 1236 per
772 1182 853 1224 duo
885 1183 1112 1226 distantem
1142 1182 1355 1235 milliaria,
1386 1183 1458 1226 ubi
1486 1197 1561 1226 an·

74 1239 196 1295 tiqua
237 1240 281 1283 et
312 1252 384 1294 per
421 1240 559 1283 multa
586 1238 752 1282 saecula
793 1239 973 1294 insignis
1016 1239 1165 1282 civitas
1195 1239 1359 1282 Arados
1396 1241 1563 1283 nomine

74 1296 170 1339 fuit.
228 1297 345 1339 Haec
364 1296 516 1352 Tyrius
544 1296 618 1339 lib.
640 1296 679 1338 7.
715 1308 804 1350 cap.
828 1297 893 1338 15.
917 1297 981 1339 17.
1006 1296 1079 1338 lib.
1104 1297 1168 1338 10.
1197 1307 1285 1350 cap.
1310 1297 1373 1340 14.
1402 1296 1472 1339 lib.
1494 1297 1562 1339 22.

35 1366 39 1368 ·
78 1365 169 1408 031).
188 1354 229 1396 3.
307 1353 572 1396 Describitur
601 1352 814 1407 praeterea
855 1366 880 1395 3
924 1353 1075 1396 Iacobo
1114 1352 1165 1394 de
1195 1352 1383 1395 Vitriaco
1429 1352 1501 1395 lib.
1525 1353 1560 1395 1.

78 1422 167 1464 cap.
180 1410 252 1452 44.
280 1409 571 1453 Willebrando
604 1409 656 1452 ab
687 1408 928 1463 Oldenborg
955 1409 998 1451 in
1029 1409 1172 1451 Itiner.
1207 1408 1254 1451 Τ.
1275 1408 1316 1452 S.
1346 1422 1443 1464 pag.
1468 1410 1560 1451 130.

77 1466 260 1510 Roberto
282 1466 395 1510 Mon.
412 1465 622 1509 Autisiod.
654 1465 736 1508 An.
751 1475 888 1508 MCCII
903 1467 945 1508 et
964 1466 1127 1521 Rogero
1158 1465 1319 1508 Hoved.
1349 1478 1447 1521 pag.
1466 1466 1560 1507 708.

0 1532 4 1539 ’
76 1525 116 1566 A
147 1522 395 1566 Constantio
425 1523 531 1578 Imp.
564 1522 792 1574 conditam,
822 1524 864 1565 et
893 1522 943 1564 de
974 1522 1061 1565 eius
1089 1521 1255 1565 nomine
1272 1520 1562 1565 Constantiam

74 1581 360 1635 nuncupatam
387 1581 512 1623 autor
543 1580 606 1623 031
627 1578 849 1622 Cedrenus.
881 1579 1003 1621 Hanc
1033 1579 1174 1621 autem
1194 1578 1390 1630 obtinuit,
1420 1577 1563 1632 expul-

74 1637 132 1680 sis
160 1636 392 1690 Saracenis,
423 1636 687 1680 Raimundus
705 1635 1081 1690 Sanctaegidianus
1098 1634 1243 1678 Comes
1271 1635 1366 1689 post
1395 1634 1559 1688 captam

76 1693 364 1746 Antiochiam,
394 1694 458 1736 uti
497 1694 673 1736 narrant
702 1692 947 1735 Fulcherius
976 1692 1048 1734 lib.
1071 1693 1109 1733 2.
1142 1704 1230 1745 cap.
1255 1692 1320 1733 16.
1361 1690 1561 1733 Albertus

76 1749 158 1805 Aq.
188 1749 263 1793 lib.
285 1751 324 1794 5.
356 1762 446 1805 cap.
468 1751 534 1793 31.
569 1748 832 1792 Raimundus
863 1749 914 1791 de
934 1748 1079 1803 Agiles
1110 1759 1206 1802 pag.
1231 1748 1323 1790 169.
1354 1746 1561 1789 Robertus

75 1806 190 1849 Mon.
215 1806 299 1906 gib.
328 1807 369 1850 8.
410 1819 507 1863 pag.
538 1806 604 1848 72.
648 1806 799 1862 Tyrius
831 1805 933 1848 locis
971 1804 1112 1847 citatis
1165 1804 1205 1845 01
1246 1802 1376 1846 Gesta
1410 1802 1558 1845 Franc.

73 1875 123 1906 ca
153 1897 163 1905 .
185 1864 213 1905 4
243 1897 254 1906 .

54 1935 61 1940 ·
124 1876 151 1918 p
207 1913 482 1977 Ἀταπόαας]
515 1919 664 1962 Malim
695 1911 973 1969 Ἅπαπάκας,
1004 1917 1065 1959 310
1091 1915 1199 1959 enim
1220 1914 1444 1970 legendum
1464 1926 1558 1957 cen·
1572 1920 1602 1954 B

75 1989 143 2020 seo
173 1977 285 2032 apud
313 1978 482 2020 Annam
513 1978 555 2019 et
574 1976 782 2019 Nicetam.
832 1974 1072 2029 Imperabat
1102 1972 1211 2015 enim
1232 1983 1279 2014 ea
1298 1971 1557 2025 tempestate,

1 2048 5 2051 ·
75 2033 154 2076 boc
181 2034 256 2086 est,
287 2034 386 2077 31110
415 2032 663 2077 Gothofredi
692 2045 915 2082 excessum,
947 2031 1234 2073 Damascenae
1262 2027 1355 2070 urbi
1385 2026 1558 2069 Ababa·

73 2104 147 2134 cas
180 2089 385 2146 Teytah'n
413 2089 690 2144 Dahiroldim
723 2101 805 2131 non
838 2100 1028 2142 supremo
1061 2084 1230 2141 quidem
1260 2084 1349 2126 iure
1394 2084 1435 2126 01
1461 2084 1558 2125 1311-

74 2159 203 2202 quam
232 2147 438 2190 Dominus
466 2146 723 2202 principalis,
755 2144 824 2187 sed
856 2143 1062 2187 Praefecti
1101 2142 1205 2193 loco,
1244 2152 1314 2183 seu
1343 2138 1558 2203 Procura-

75 2204 192 2259 toris,
231 2203 582 2259 quemadmodum
622 2202 976 2245 Damascenorum
1014 2198 1259 2252 Principum
1287 2196 1476 2238 Vicanos
1516 2195 1557 2237 et

74 2259 292 2303 Ministros
334 2273 416 2303 non
459 2260 585 2303 semel
627 2260 750 2301 vocat
785 2257 971 2300 Antistes
1011 2255 1161 2311 Tyrius
1197 2253 1268 2296 lib.
1297 2253 1361 2294 15.
1402 2264 1490 2316 cap.
1518 2251 1554 2292 7.

73 2317 147 2360 lib.
171 2317 236 2359 16.
267 2329 356 2372 cap.
375 2318 413 2360 7.
442 2317 516 2360 lib.
543 2317 608 2359 18.
640 2328 729 2369 cap.
750 2315 818 2356 27.
864 2322 938 2356 3111
975 2310 1195 2366 Αηιὶναῖἱε,
1243 2310 1290 2351 ut
1334 2307 1554 2351 Ordencus

75 2373 244 2416 Vitalis.
286 2373 495 2417 Damasco
526 2385 623 2416 vero
653 2371 913 2425 imperarunt
945 2369 1055 2411 circa
1086 2380 1132 2409 ea
1161 2368 1348 2420 tempora
1367 2362 1553 2428 ,1090οῑ-

74 2429 200 2473 dulus
226 2429 374 2482 Nisus,
405 2431 478 2485 qui
514 2431 662 2472 Annae
696 2427 882 2478 Tutuses,
918 2423 1204 2468 Gelaloldulae
1235 2420 1554 2485 Magnl'l'urco-

74 2499 168 2529 rum
198 2485 366 2530 Sultani
396 2487 540 2537 frater,
571 2485 689 2540 pulso
736 2486 777 2526 et
814 2484 957 2525 exacto
993 2482 1107 2524 Isaro
1139 2479 1329 2532 Princlpe
1363 2477 1414 2519 A.
1445 2475 1552 2530 Heg.

75 2553 291 2586 CDLXXH.
323 2543 419 2587 Chr.
440 2552 681 2587 MLXXXIX.
704 2540 830 2583 Caeso
862 2540 902 2582 et
932 2537 1095 2580 sublato
1117 2549 1138 2578 e
1159 2534 1265 2577 vivis
1282 2531 1551 2588 Tageoldulo,

73 2600 272 2643 successit
312 2600 355 2642 in
400 2600 591 2642 eumdem
620 2597 910 2650 Principatum
941 2590 1329 2654 Phacherolmadac
1360 2587 1551 2639 Rodoan,

74 2655 323 2711 Tageolduli
370 2656 496 2706 filius,
533 2658 585 2698 A.
628 2655 735 2708 Heg.
784 2660 1085 2694 CDLxxxvm.
1133 2647 1289 2691 Christi
1332 2654 1551 2688 mxv.

74 2725 156 2768 quo
185 2713 231 2755 in
259 2713 447 2756 ordinem
478 2713 585 2763 acto,
618 2711 871 2753 Damascum
901 2706 1084 2750 obtinuit
1125 2703 1267 2747 eodem
1302 2713 1411 2766 anno
1443 2700 1550 2764 8011-

71 2769 275 2812 solmaluc
302 2768 454 2821 Deme,
480 2765 878 2812 Phacherolmaduci
913 2763 1054 2805 frater.
1099 2761 1140 2803 Is
1170 2759 1436 2813 Soubequino
1463 2769 1549 2811 pn-

73 2838 203 2878 mum,
224 2826 342 2869 cuius
361 2839 485 2882 opera
506 2826 648 2868 urbem
673 2822 885 2865 invaserat
916 2821 957 2863 01
977 2817 1282 2872 Principatum,
1313 2825 1549 2869 supremam
