1780 3138
530 253 796 289 ALEXIADIS
826 253 919 286 LIB.
950 254 1016 290 XI.
1052 253 1114 291 ll.
1483 248 1560 292 121

68 377 332 432 καταλαβεῖν
370 373 423 420 τὰ
454 373 680 432 Κούρικον
718 374 791 418 καὶ
834 371 909 418 διὰ
937 371 1099 430 τάχους
1126 372 1475 438 α’νοικοδομῆσαί
1516 394 1563 422 τε

67 441 177 491 adv}
207 447 280 491 καὶ
308 446 361 491 vti
394 443 585 502 κάστρον
616 441 881 489 Σελεύκειαν
915 443 1074 490 στάδια
1102 444 1156 502 ἓξ
1182 444 1345 492 τούτου
1376 443 1566 507 ἀφιστα-

67 516 201 574 μένην
228 516 301 560 καὶ
330 511 519 571 δύναμιν
546 509 820 571 ἀποχρῶσαν
849 515 1110 559 καταλιπεῖν
1148 515 1194 560 ἐν
1221 512 1387 570 αι’-τοῖς,
1429 518 1567 561 δοῢκα

67 584 117 629 δὲ
160 584 537 642 προχειρίσασθαι
566 580 835 642 Στρατὴγιον
868 581 947 627 τὸν
976 581 1189 640 Στραβόν,
1229 579 1367 641 ἔτ’νδρα
1409 584 1569 642 μικρὸν

33 654 148 710 ὃμὲν
176 656 241 713 τῷ
276 650 462 710 σώματι,
494 656 594 706 ταῖς
618 651 667 697 δέ
687 653 955 709 πολεμικαῖς
984 653 1237 710 ἐμπειρίαις
1256 652 1399 699 πολύν
1425 673 1473 700 τε
1494 656 1567 700 καὶ

67 723 287 780 μέγιστον,
332 717 443 766 ἀλλὰ
471 722 545 766 καὶ
575 720 640 774 εἷς
676 719 756 765 τὸν
779 721 933 778 λιμένα
975 719 1138 766 στόλον
1177 719 1327 768 ἱκανὸν
1370 741 1568 780 προσορ-

68 791 195 848 μίσαι
219 792 294 836 καὶ
321 792 611 849 παραγγεῖλαι
640 790 917 849 ἐγρηγορέναι
945 792 1018 835 καὶ
1049 789 1291 848 ἐνεδρεύειν
1329 791 1435 846 τούς
1471 789 1565 838 ἀπὸ

68 860 399 918 Λογγιβαρδίας
428 858 494 913 εἷς
526 854 708 917 α’ρωγὴν
735 863 816 904 τοῦ
837 857 1118 916 Βαϊμοῦντου
1150 860 1424 917 ἐρχομένους,
1459 862 1569 906 ἐπα-

70 926 218 990 ρήγειν
243 929 293 974 δὲ
322 929 394 973 καὶ
423 931 478 989 τῇ
512 925 704 987 Κύπρῳ.
774 926 975 984 ἐξελθών
1005 921 1084 973 οὖν
1113 928 1137 973 ὁ
1168 931 1325 987 ῥηθεὶς
1357 927 1611 988 δροι·γγά-Β

2 1002 168 1054 ·1οριος
208 1000 290 1041 τοῦ
335 994 498 1043 στόλου
544 998 617 1041 καὶ
666 995 1021 1053 προκαταλαβιὸν
1063 996 1121 1043 τὰ
1164 1001 1250 1043 τοῦ
1289 996 1567 1054 Rammium·

70 1065 343 1127 διανοήματα
370 1061 583 1123 ἀνεγείρει
616 1065 698 1122 μὲν
730 1062 844 1110 αὐτὸ
877 1067 950 1110 καὶ
987 1065 1054 1120 εἷς
1079 1066 1159 1127 τὴν
1200 1067 1424 1124 προτέραν
1452 1062 1569 1111 ἄπο-

71 1140 268 1198 καθιστᾷ
311 1134 589 1182 κατάστασιν.
663 1139 935 1193 παραχρῆμα
978 1136 1027 1181 δέ
1071 1138 1143 1181 καὶ
1186 1135 1266 1197 τὴν
1305 1133 1570 1181 Σελεύκειαν

71 1202 370 1265 οἰκοδομήσας
397 1207 470 1251 καὶ
498 1202 813 1262 κατοχιρώσας
841 1203 915 1250 διὰ
945 1202 1131 1265 τάφρων
1150 1202 1347 1263 γυρόθεν
1363 1202 1571 1261 δυνάμεις

70 1291 119 1319 τε
153 1272 303 1328 ἱκανὰς
331 1275 378 1320 ἐν
404 1270 679 1333 ἀμφοτέροις
708 1272 965 1319 καταλιπών
993 1272 1106 1331 μετὰ
1132 1276 1212 1319 τοῦ
1242 1272 1403 1328 den-269
1432 1279 1572 1331 Στρα-

13 1342 59 1378 Ῑ5
71 1345 222 1402 τηγίου
251 1341 487 1389 κατελθών
521 1343 587 1397 εἷς
618 1341 697 1388 τὸν
724 1344 878 1400 λιμένα
914 1343 987 1388 καὶ
1026 1341 1188 1388 στόλον
1225 1338 1496 1399 ἀποχρῶντα
1525 1343 1571 1387 ἐν

71 1408 194 1472 αὐτῷ
236 1410 494 1457 καταλιπών
537 1410 647 1456 κατὰ
686 1410 771 1466 τοὶς
811 1414 896 1457 τοῦ
940 1407 1272 1469 αι’·τοκρὰτορος
1323 1408 1569 1471 εἶσηγὴσεις

73 1480 413 1540 ἐπαναζεύγνι·σι
442 1479 559 1537 πρὸς
580 1479 660 1539 τὴν
696 1478 1009 1539 μεγαλόπολιν.
1082 1481 1156 1525 καὶ
1198 1477 1402 1537 μεγάλως
1449 1480 1573 1537 παρὰ

72 1553 152 1596 τοῦ
181 1548 506 1606 αὖτοκράτορος
534 1550 793 1603 ἐπαινεθεὶς
822 1550 1029 1605 δαψιλῶς
1057 1549 1420 1607 πεφιλοτίμηται.

214 1623 280 1664 11.
337 1613 475 1662 Ἀλλὰ
502 1620 642 1662 ταῦτα
668 1618 749 1674 μὲν
777 1617 834 1662 τὰ
863 1615 975 1663 κατά
1005 1615 1058 1661 τὸ
1089 1615 1334 1673 Κοὺρικον·
1380 1615 1495 1673 μετὰ
1523 1617 1570 1660 δὲ

8 1686 64 1723 90
75 1686 367 1747 παραδρομὴν
414 1687 619 1732 ἐνιαυτοῦ
659 1682 906 1744 ἆναμαθιιὶν
944 1685 968 1731 ὁ
1008 1684 1217 1742 βασιλεῦς
1257 1683 1324 1730 ὅτι
1376 1685 1449 1729 καὶ
1494 1690 1534 1729 Γ
1529 1684 1612 1729 ε-(ἷ

76 1754 253 1810 νοῦσιος
278 1754 439 1810 στόλος
470 1755 534 1810 εἷς
560 1757 811 1813 συμμαχίαν
848 1759 939 1800 τῶν
969 1753 1182 1813 Φράγγων
1220 1755 1423 1811 ἐξελθεῖν
1459 1752 1575 1798 ἑτοι-

73 1823 271 1882 μάζεται,
302 1823 633 1882 στοχασάμενος
662 1823 733 1870 ὅτι
766 1820 820 1869 οὗ
847 1827 1008 1882 μικρᾶς
1045 1821 1212 1882 βλάβης
1241 1823 1473 1879 παραίτιοι
1501 1823 1575 1866 καὶ

212 1991 247 2025 8.
272 1987 340 2031 τὴν
361 1986 515 2034 ἀρωγὴν
538 1987 580 2031 P,
608 1986 675 2033 τὴν
697 2000 769 2024 om.
797 1987 839 2023 F.
1100 1985 1135 2020 9.
1161 1986 1204 2029 τῆ
1229 1985 1272 2027 F,
1298 1981 1366 2028 τὴν
1391 1983 1432 2027 C,
1456 1984 1507 2030 τῷ
1533 1982 1573 2018 Ρ.

216 2038 271 2073 14.
299 2036 338 2072 τὲ
364 2036 408 2081 F,
433 2034 498 2076 τὰς
521 2037 561 2072 P.
746 2036 804 2072 20.
831 2031 1011 2074 Θνοῦσιος
1038 2034 1082 2080 C3
1110 2036 1165 2070 sic
1184 2045 1340 2080 semper.
1513 2033 1572 2066 22.

214 2089 401 2132 παραίτιοι
427 2088 490 2121 καὶ
516 2086 560 2128 F,
587 2087 650 2120 καὶ
675 2088 862 2131 παραίτιοι
887 2084 927 2120 Ρ.

78 2256 178 2291 rium
202 2257 372 2291 creatum
410 2254 519 2300 eique
544 2253 710 2296 mandat,
743 2256 787 2288 ut
813 2252 989 2288 Curicum
1014 2263 1200 2298 occupare
1223 2251 1410 2297 simulque
1441 2254 1480 2286 et
1504 2250 1575 2286 hoc

81 2307 120 2340 et
141 2303 346 2340 Seleuciam
372 2315 496 2339 arcem
522 2315 586 2339 sex
611 2302 744 2338 stadiis
771 2301 859 2337 inde
882 2301 1086 2337 distantem
1110 2302 1309 2336 restituere
1335 2303 1575 2346 properaret:

81 2355 163 2388 tum
189 2352 324 2388 idoneo
348 2351 537 2398 praesidio
576 2351 753 2397 imposito
788 2350 921 2386 ducem
959 2349 1181 2395 praeficeret
1215 2349 1448 2394 Strategium
1473 2347 1575 2384 Stra·

80 2401 181 2444 bum,
220 2400 357 2447 pusilla
391 2400 544 2446 quidem
577 2403 723 2436 statura
748 2399 884 2439 virum,
923 2398 988 2435 sed
1012 2399 1159 2442 ingenti
1183 2397 1273 2434 belli
1298 2410 1388 2432 usu:
1432 2396 1479 2432 ad
1504 2396 1576 2432 hoc

79 2450 216 2485 idoneo
241 2460 399 2485 numero
423 2449 577 2485 bellicas
601 2460 713 2484 naves
737 2449 776 2484 in
804 2450 919 2494 portu
956 2447 1206 2483 constitueret
1241 2445 1487 2481 insidiatum
1520 2445 1574 2480 di·

80 2498 329 2545 ligentissime
353 2497 502 2533 Latinis
526 2497 695 2541 navibus,
721 2509 816 2542 quae
842 2495 889 2531 ad
916 2495 1126 2532 Boemundi
1156 2494 1338 2530 auxilinm
1367 2506 1413 2530 ex
1437 2493 1575 2540 Longi-

82 2546 217 2583 bardia
252 2545 464 2590 tenderent,
502 2545 690 2592 Cyprique
727 2544 920 2581 custodiae
957 2544 1232 2590 invigilaturas.
1282 2543 1412 2589 itaque
1447 2542 1575 2578 classis

81 2607 193 2639 quem
215 2594 297 2631 dixi
329 2594 558 2641 drungarius
582 2593 785 2640 profectus,
819 2597 864 2629 ut
888 2592 1099 2628 Boemundi
1123 2592 1278 2628 consilia
1311 2594 1576 2634 anteverteret,

82 2643 260 2681 Curicum
287 2644 416 2679 statim
439 2643 622 2679 refect-um
646 2643 687 2679 in
710 2642 910 2689 pristinum
943 2644 1084 2677 statum
1122 2640 1271 2686 redegit
1296 2640 1577 2685 Seleuciamque

82 2692 253 2728 restituit
289 2704 332 2728 ac
369 2691 478 2728 fossis
513 2691 822 2728 circummunivit
860 2689 1162 2735 sufficientesque
1193 2689 1321 2735 copias
1357 2700 1443 2724 cum
1482 2687 1577 2724 duce

83 2739 275 2788 strategio
299 2740 340 2776 in
364 2743 525 2786 utraque
549 2752 635 2777 arce
656 2739 826 2785 reliquit.
877 2742 959 2774 tum
986 2741 1139 2784 portum
1163 2737 1323 2773 intravit
1338 2737 1467 2783 ibique
1487 2737 1578 2772 satis

83 2801 230 2834 magna,
257 2790 314 2825 uti
339 2789 583 2825 mandaverat
607 2789 826 2835 imperator,
850 2787 965 2823 classe
995 2786 1129 2822 relicta
1150 2785 1502 2831 Constantinopolin
1539 2797 1577 2820 se

83 2838 229 2881 retulit,
253 2838 320 2874 ubi
346 2838 480 2884 amplis
506 2837 554 2873 ab
582 2837 811 2883 imperatore
835 2835 1012 2871 laudibus
1037 2834 1319 2881 honoribusque
1344 2837 1514 2870 ornatur.

183 2887 238 2922 11.
288 2886 390 2922 Haec
405 2886 507 2923 circa
520 2885 695 2922 Curicum
712 2888 797 2921 aeta
815 2887 914 2920 sunt.
940 2895 1039 2919 anno
1059 2886 1146 2930 post
1162 2883 1302 2919 certior
1318 2882 1441 2918 factus
1460 2882 1577 2927 impe·

84 2936 191 2971 rator
206 2935 323 2971 etiam
340 2934 593 2972 Genuensium
611 2934 765 2971 classem
779 2934 820 2969 in
834 2933 1068 2969 Francorum
1098 2931 1281 2968 auxilium
1298 2932 1437 2976 venire,
1463 2929 1578 2966 sensit
