1734 3120
192 201 273 242 264
697 206 861 241 ΑΝΝΑΕ
891 206 1156 261 ΟρΜΝΕΝΑΕ

188 325 350 368 λοιποῦ
383 322 500 378 ἕξετε
533 315 633 365 οὔτε
663 319 748 381 μὴν
779 318 1055 380 ἕπαρήγοντα
1086 319 1193 378 ὑμῖν
1213 319 1292 367 τὸν
1321 323 1459 368 δοῦκα
1487 321 1674 380 Κύπρου

186 388 433 436 κάντεῦθεν
472 391 606 445 λιμοῦ
654 386 956 446 παρανάλωμα
999 387 1281 448 γενήσεσθε.”
1355 391 1414 444 ὠς
1455 394 1503 437 δὲ
1530 390 1675 437 πάντα

186 457 328 503 κάλων
375 461 593 510 κινοῦντες
636 460 700 515 πῆ
743 457 823 513 μὲν
867 456 939 502 διὰ
983 459 1210 515 μειλιχίων
1253 457 1406 518 λόγων,
1440 464 1503 519 πῆ
1540 462 1588 505 δὲ
1618 462 1673 506 δι’

139 523 379 572 Βοῗπειλιῦν
409 523 680 582 πειρώμενοι
711 523 766 570 τὰ
795 524 998 584 χρήματα
1025 522 1327 584 ἀναλαβέσθαι
1359 524 1436 574 οὐκ
1467 528 1671 583 ἔπειθον,

185 598 277 641 δεῖν
309 595 559 653 ἕλογίσαντο
590 592 668 639 τὸν
698 592 794 638 υἱὸν
828 598 914 640 τοῦ
945 597 1231 654 Πελκτράνου
1273 596 1337 651 εἷς
1375 595 1495 642 σώαν
1523 598 1710 642 πίστιν5

186 663 359 720 ὁρκίσαι
388 665 468 708 τοῦ
500 658 825 721 αὐτοκράτορος
853 665 925 709 καὶ
966 662 1082 709 οὕτω
1113 663 1193 725 τὴν
1235 664 1351 723 πρὸς
1391 665 1470 712 τὸν
1503 668 1675 724 πατέρα

184 727 323 776 αὐτοῦ
353 726 681 776 ἀποσταλεῖσαν
708 730 846 789 μόνην
881 730 1108 778 ἐπιδοῦναι
1147 730 1268 794 αὐτῷ
1306 733 1476 791 δωρεὰν
1506 731 1598 780 ἀπό
1625 753 1674 780 τε

184 798 461 858 χαράγματος
490 801 652 857 χρυσοῦ
684 801 757 844 καὶ
784 796 973 859 α’ργύρου
995 802 1068 846 καὶ
1089 803 1276 846 πέπλων
1295 804 1534 849 παντοίων.
1582 802 1605 847 ὃ
1627 805 1675 849 δὲ

35 877 74 914 Ρ.
101 878 170 912 429
186 867 332 925 λαβών
361 871 496 913 ταῦτα
527 867 590 922 εἷς
619 865 739 913 σώαν
770 869 923 913 πίστιν
953 864 1182 926 ὄμωμόκει
1215 872 1295 915 τοῦ
1329 867 1674 928 αὐτοκράτορος.

184 934 237 980 τοὶ
272 937 320 981 δέ
350 954 396 993 γε
427 934 564 981 λοιπὰ
593 934 790 997 χρήματα
817 932 1175 994 ἀποκομίσαντες
1205 937 1321 997 πρὸς
1345 938 1422 985 τὸν
1442 937 1675 998 Εὖμάθιον
1692 943 1734 980 10

184 1006 238 1050 δι’
285 1001 430 1050 αὐτῶν
477 1002 750 1065 ἐξωνήσαντο
798 1007 972 1060 ἵππους
1012 1010 1102 1051 τῶν
1149 1003 1340 1066 εὐγενῶν
1384 1003 1475 1054 ἇπό
1509 1027 1557 1053 τε
1588 1014 1676 1054 Λα-

185 1071 360 1130 μάσκου
386 1075 458 1118 καὶ
488 1069 663 1131 Ἐδέσης
692 1075 765 1118 καὶ
795 1069 928 1133 αὐτῆς
960 1070 1182 1132 Ἀραβίας.
1243 1077 1421 1122 ἐκεῖθεν
1456 1079 1504 1123 δὲ
1543 1076 1594 1123 τό
1626 1096 1674 1123 τε

184 1140 400 1199 Συριακδν
421 1142 612 1200 πέλαγος
636 1143 708 1186 καὶ
733 1140 811 1186 τὸν
830 1142 1099 1203 Παμφύλιον
1120 1146 1486 1203 παραμείψαντες
1507 1143 1676 1191 κόλπον

182 1208 260 1254 τὸν
290 1211 431 1254 πλοῦν
460 1227 507 1254 τε
547 1206 861 1270 παρῃτήσαντο
902 1213 975 1257 καὶ
1004 1212 1084 1271 τῆν
1123 1207 1310 1272 ’ἤπειρον
1347 1209 1675 1273 ἅσφαλεστέραν

183 1281 259 1338 τῆς
288 1275 511 1337 θαλάττης
555 1276 816 1339 ἡγησάμενοι
863 1279 980 1338 πρὸς
1025 1279 1106 1339 τήν
1147 1279 1435 1341 Χερρόνησον
1469 1277 1675 1342 ἀφορῶσι
1693 1293 1734 1329 15

184 1344 263 1390 τὸν
291 1342 593 1404 αι”τοκράτορα
616 1347 802 1403 ἔχουσαν
822 1349 892 1393 καὶ
922 1348 1001 1394 τὸν
1018 1348 1343 1412 Ἑλλήσποντον
1363 1349 1675 1410 διαβεβηκότες

33 1428 75 1464 V.
101 1428 172 1463 340
185 1412 263 1457 τὸν
289 1415 471 1470 βασιλέα
500 1414 920 1473 καταλαμβάνουσιν.

142 1500 171 1534 B
322 1488 359 1528 3.
420 1479 542 1528 Ἐπεὶ
571 1484 648 1542 γάρ
679 1481 1003 1545 ἅλλεπάλληλοι
1032 1485 1177 1547 τούτῳ
1215 1486 1259 1532 αἱ
1288 1489 1522 1548 φροντίδες
1552 1506 1675 1548 νιφε-

185 1554 264 1595 τοῦ
295 1551 416 1610 δίκην
446 1550 705 1610 ἐπήρχοντο,
752 1550 845 1598 ἀπὸ
888 1555 969 1612 μὲν
1012 1557 1091 1616 τῆς
1132 1554 1363 1615 θαλάσσης
1409 1555 1482 1602 διὰ
1512 1555 1674 1602 στόλου

185 1615 562 1678 εὖτρεπιζομένων
603 1625 692 1666 τῶν
734 1620 961 1681 ἡγεμόνιον
991 1625 1164 1682 Πίσσης
1204 1643 1251 1670 τε
1283 1627 1356 1670 καὶ
1382 1623 1572 1680 Γενούας
1602 1626 1674 1670 καὶ
1687 1637 1734 1671 20

184 1689 509 1746 Λογγιβαρδίας
552 1688 606 1734 τὰ
635 1689 758 1747 παρὰ
801 1692 1028 1737 θάλατταν
1069 1691 1244 1739 ἅπαντα
1281 1693 1557 1754 δῃώσασθαι,
1594 1689 1674 1739 κοῗκ

183 1760 260 1816 τῆς
291 1753 477 1816 ἠπείρου
509 1751 643 1813 αὖθις
674 1761 722 1816 ἐξ
740 1758 852 1821 ἑῴας
873 1765 952 1807 τοῦ
972 1757 1115 1822 Ἀμὴρ
1137 1761 1301 1809 Σαϊσὰν
1321 1762 1675 1822 καταλαμβάνον-

317 1926 350 1960 5.
378 1922 614 1972 Πελκτράνου
638 1927 678 1971 Ρ,
704 1923 940 1974 Πλεκτράνου
966 1928 1004 1964 C.
1150 1930 1183 1965 ’7.
1210 1927 1419 1966 ἀποδοῦναι
1445 1930 1483 1966 C.
1620 1933 1674 1966 11.

317 1970 505 2010 εὐσθενῶν
530 1974 567 2010 C.
725 1978 779 2012 12.
810 1977 942 2021 ἐδέσης
966 1978 1008 2022 F,
1036 1974 1219 2023 Ἐδέσσης
1242 1978 1318 2015 PA.
1417 1976 1571 2025 ἇραβίας
1596 1980 1674 2024 FA,

321 2020 510 2070 Άῤῥαβιάς
532 2022 572 2060 P.
651 2025 706 2060 14.
734 2025 851 2061 πλοῦν
875 2026 915 2061 τὲ
933 2026 1013 2071 FA,
1042 2039 1080 2062 τε
1105 2039 1176 2063 om.
1196 2027 1236 2064 P.
1314 2027 1370 2063 15.
1395 2024 1576 2072 θαλάττης
1593 2028 1672 2071 FA,

316 2066 509 2115 θαλάσσης
529 2071 568 2108 Ρ.
664 2070 875 2120 χερόνησον
899 2075 942 2110 F.
1093 2076 1150 2111 21⁷.
1177 2072 1469 2123 παραθαλάσσια
1495 2073 1614 2113 πάντα
1630 2077 1668 2114 C.

181 2225 258 2260 eius
286 2225 434 2262 auxiliis
461 2226 642 2263 iuvemini
666 2228 823 2275 ideoque
849 2229 947 2266 fame
975 2232 1172 2277 pereatisff’
1223 2231 1310 2268 dein
1337 2233 1439 2268 omni
1483 2235 1525 2268 ut
1566 2234 1673 2270 aiunt

179 2274 265 2308 fune
302 2277 414 2319 moto,
440 2286 524 2310 cum
551 2279 587 2311 et
612 2276 806 2314 blanditiis
847 2282 884 2314 et
922 2279 1034 2315 minis
1059 2280 1247 2316 Pelctrani
1288 2280 1379 2326 filio,
1418 2285 1459 2317 ut
1498 2283 1672 2327 pecunias

179 2321 361 2367 redderet,
387 2324 610 2369 persuadere
635 2338 709 2361 non
734 2327 956 2372 potuissent,
985 2332 1162 2374 oportere
1186 2333 1412 2366 censuerunt
1437 2331 1471 2366 ei
1488 2331 1670 2376 praestito

178 2370 332 2405 solemni
358 2372 396 2406 in
415 2373 679 2418 imperatorem
706 2374 794 2410 fidei
819 2377 1042 2422 iuramento,
1068 2390 1178 2424 quam
1205 2378 1373 2414 thesauri
1395 2382 1541 2424 partem
1570 2380 1671 2424 patri

178 2418 256 2454 eius
290 2419 548 2466 destinassent,
587 2433 670 2458 cum
704 2435 835 2460 aureos
875 2428 1145 2473 argenteosque
1179 2438 1350 2463 nummos
1381 2430 1462 2463 tum
1507 2427 1670 2463 multifa-

178 2467 251 2502 rias
277 2470 405 2512 vestes,
437 2469 546 2505 tradi.
597 2471 731 2516 quibus
768 2472 830 2508 ille
868 2474 1039 2519 acceptis,
1079 2475 1145 2510 ubi
1182 2477 1221 2511 in
1260 2475 1498 2521 imperatoris
1535 2488 1670 2511 nomen

179 2515 391 2551 solemniter
417 2519 561 2554 iuratus
587 2522 653 2565 est,
681 2517 842 2567 reliquas
866 2522 981 2568 legati
1015 2524 1190 2568 pecunias
1217 2524 1264 2560 ad
1289 2523 1533 2560 Eumathium
1573 2524 1670 2560 defe-

177 2566 267 2598 runt
294 2565 411 2610 iisque
436 2578 634 2613 generosos
659 2580 772 2615 equos
798 2570 1007 2607 eDamasco
1027 2574 1064 2606 et
1082 2571 1221 2608 Edessa
1245 2573 1399 2619 ipsaque
1417 2573 1559 2608 Arabia
1576 2585 1671 2609 mer-

177 2614 319 2647 eantur.
369 2613 457 2651 hinc
479 2614 672 2661 Syriacum
698 2617 849 2664 pelagus
875 2631 917 2655 ae
944 2619 1204 2667 Pamphylium
1232 2622 1352 2657 sinum
1391 2622 1530 2657 emensi
1569 2623 1669 2657 navi-

178 2660 327 2705 gatione
355 2663 490 2698 omissa
517 2665 688 2700 terrestri
715 2666 861 2712 itinere,
888 2667 988 2713 quod
1014 2669 1134 2705 tutius
1171 2670 1372 2715 habebant,
1400 2670 1668 2706 Cherronesum

178 2710 323 2753 petunt,
348 2710 412 2745 ubi
438 2714 519 2746 erat
543 2713 761 2758 imperator,
788 2716 1023 2762 transitoque
1049 2717 1290 2764 Hellesponto
1316 2730 1399 2754 eum
1428 2718 1578 2754 adeunt.
1726 2763 1727 2766 Ἴ

265 2758 307 2811 ,3.
347 2757 495 2794 Etenim
511 2762 615 2805 quasi
630 2762 813 2808 grandine
828 2765 1092 2801 continuarum
1112 2779 1286 2803 curarum
1302 2767 1471 2812 obrutus,
1485 2767 1668 2814 siquidem

180 2815 274 2839 mari
283 2804 386 2841 Pisae
400 2810 436 2841 et
445 2807 594 2844 Genuae
605 2810 956 2858 Longibardiaeque
968 2814 1157 2861 principes
1168 2818 1289 2851 totam
1303 2828 1406 2851 oram
1414 2816 1529 2852 classe
1537 2819 1670 2861 parata
1726 2815 1734 2822 ‘'

179 2854 324 2888 vastare
349 2856 590 2903 conabantur,
614 2858 653 2894 in
674 2860 883 2896 continenti
902 2873 990 2898 vero
1012 2874 1057 2898 ex
1077 2863 1250 2900 orientali
1272 2867 1380 2911 parte
1402 2864 1516 2900 Amer
1541 2864 1667 2900 Saisan
1713 2867 1734 2908 g

1720 2976 1734 3018 Ξ

1716 3019 1734 3120 3
