1806 3132
218 692 252 727 A

28 2178 120 2225 Pag.
130 2178 211 2213 346.
220 2178 252 2212 A

265 221 348 264 638
785 231 963 266 OAROLI
992 232 1231 267 DUOANGII

265 345 479 390 Ecclesiae
508 345 796 401 Scyllacensis,
838 347 949 402 apud
991 347 1219 403 Ughellum
1261 348 1378 391 Tom.
1403 349 1442 391 9.
1476 348 1574 391 Ital.
1609 346 1762 391 Sacrae

265 416 362 459 pag.
385 404 479 447 593.
515 403 701 446 Duxerat
722 404 864 446 autem
883 404 1121 447 Willelmus
1136 405 1347 448 Wiscardi
1377 404 1524 457 filiam,
1555 405 1604 447 ut
1635 417 1760 459 supra

266 474 291 503 a
319 460 438 503 nobis
469 459 719 503 indicatum.
768 460 995 503 Falluntur
1020 461 1155 515 igitur
1185 463 1258 517 qui
1280 462 1543 505 Tancredum
1574 461 1760 504 eiusdem

268 517 474 560 Willelmi
504 516 640 559 filium
680 517 857 569 faciunt,
896 519 971 560 aut
1001 518 1213 561 Wiscardi
1248 518 1391 573 ipsius,
1431 520 1480 561 ut
1507 518 1760 561 Hovedenus

266 587 362 630 pag.
387 574 482 639 710.
547 574 652 617 Vide
695 574 807 616 infra
856 587 952 630 pag.
975 575 1071 618 366.
1118 576 1159 618 et
1204 575 1406 618 Familias
1449 576 1613 619 nostras
1649 575 1761 617 Nor-

266 643 496 675 mannlcaS.

401 683 614 742 Λάρναξ]
647 687 708 730 De
738 688 817 731 hoc
837 687 1072 730 Boemundi
1104 688 1421 743 stratagemate,
1456 689 1498 731 et
1528 688 1576 730 ut
1605 688 1655 731 de
1686 688 1759 731 illo

266 745 432 787 mortuo
457 745 500 787 in
531 744 685 799 vulgus
713 745 827 788 fama
869 757 1012 799 sparsa
1053 745 1121 798 sit,
1165 745 1291 787 silent
1332 745 1478 798 nostri,
1524 745 1761 801 attigerunt

266 814 362 844 vero
394 802 576 844 Zonaras
603 802 645 843 et
676 800 830 857 Glycas
860 802 912 845 ab
944 801 1069 845 Anna
1108 802 1307 845 mutuati.
1384 802 1463 845 Sed
1509 814 1584 845 nec
1630 802 1758 845 etiam

265 858 432 902 videtur
472 858 687 913 probabile
717 858 1010 901 Boemundum
1053 859 1097 901 in
1142 859 1400 914 sarcophago
1442 859 1664 912 inclusum,
1712 860 1760 901 ut

264 916 491 967 mortuum,
521 915 749 958 Antiochia
777 915 1006 965 excessisse,
1053 928 1160 971 quae
1208 915 1336 958 nullis
1381 916 1646 971 premebatur
1693 916 1759 958 in-

265 972 512 1025 gruentibus
541 971 756 1022 hostibus3
800 972 881 1015 nisi
911 972 1018 1015 forte
1046 973 1089 1015 id
1118 973 1361 1025 tentaverit,
1395 986 1457 1024 ne,
1500 986 1583 1028 qua
1613 973 1685 1015 ille
1715 973 1759 1015 in

265 1029 438 1072 Italiam
468 1028 677 1071 vehendus
708 1030 811 1081 erat,
842 1029 962 1072 navis
994 1030 1047 1072 ab
1076 1029 1282 1072 Alexiana
1313 1029 1445 1073 classe
1473 1029 1759 1084 impeteretur,

265 1099 290 1128 a
321 1099 403 1140 qua
435 1085 543 1128 forte
574 1087 830 1129 commeatus
860 1086 1111 1141 impetratus
1143 1086 1281 1129 fuerat
1312 1100 1336 1130 a
1368 1087 1467 1139 suis,
1498 1086 1632 1141 specie
1662 1086 1759 1129 effe—

265 1142 382 1185 rendi
413 1143 647 1186 Boemundi
685 1143 898 1186 cadaveris
943 1143 987 1184 in
1016 1143 1201 1195 ltaliam,
1245 1143 1388 1199 ibique
1432 1144 1546 1187 avito
1594 1143 1758 1185 tumulo

266 1199 528 1242 recondendi.
585 1199 692 1242 Arte
723 1199 852 1242 simili
873 1201 1160 1255 expugnatum
1191 1201 1244 1243 ab
1264 1200 1514 1244 Alamannis
1537 1199 1759 1244 Casinense

267 1255 462 1299 Castrum
502 1257 636 1299 tradit
660 1257 880 1300 Mathaeus
912 1257 1046 1300 Paris.
1079 1258 1132 1300 A.
1163 1266 1431 1300 MCCXXXIX.
1478 1257 1564 1300 Per
1595 1257 1758 1312 excoyi-

266 1314 466 1356 tationem
495 1328 579 1368 qua
607 1328 650 1357 se
676 1318 887 1357 mortuum
915 1314 1144 1364 simulavit,
1176 1315 1223 1357 in
1255 1315 1412 1368 feretro
1446 1316 1495 1358 in
1534 1314 1657 1357 illum
1689 1314 1757 1357 de-

265 1369 389 1421 latus,
423 1375 565 1414 castra
597 1371 909 1415 Monachorum
938 1371 1075 1414 subito
1114 1372 1344 1425 occupavit.
1404 1372 1561 1415 Eodem
1602 1372 1759 1414 strata-

265 1427 431 1482 gemate
474 1440 597 1470 usum
643 1429 907 1472 Tancredum
956 1427 1125 1471 Siciliae
1169 1429 1326 1484 Regem
1373 1429 1539 1472 videtur
1585 1428 1758 1471 innuere

265 1483 440 1526 Ioannes
471 1485 702 1528 Monachus
731 1485 775 1528 in
807 1484 1010 1529 Chronico
1034 1484 1283 1528 Ceccanensi
1314 1488 1365 1528 A.
1398 1495 1582 1530 MCXCII.

468 1541 563 1584 Rex
594 1541 785 1596 Capuam
814 1543 936 1594 venit,
966 1542 1124 1595 feretro
1154 1556 1197 1585 se
1216 1557 1380 1596 ponere
1402 1544 1514 1598 fecit,

466 1597 527 1640 Et
557 1599 663 1642 Dux
690 1600 919 1642 multorum
948 1599 1049 1642 lecto
1081 1599 1268 1653 defertur
1299 1614 1508 1654 equorum.

266 1654 422 1697 Eodem
451 1655 629 1711 denique
658 1656 754 1699 dolo
784 1656 1021 1711 Hastingus
1044 1656 1085 1698 N
1088 1669 1314 1699 ormannus
1335 1657 1598 1711 Episcopum,
1630 1669 1654 1698 a
1676 1669 1757 1711 quo

265 1712 503 1766 baptizatus
550 1714 700 1765 fuerat,
742 1713 904 1765 fefellit,
947 1712 1058 1767 apud
1101 1713 1235 1756 Math.
1266 1713 1756 1756 Westmonasteriensem

265 1769 347 1810 An.
375 1778 720 1814 Doccnxxxvn.
768 1769 874 1812 Vide
906 1768 1074 1813 Guillel.
1108 1770 1233 1825 Apul.
1265 1770 1339 1814 lib.
1362 1771 1400 1814 2.
1433 1770 1483 1814 de
1511 1769 1625 1813 Gest.
1647 1769 1759 1812 Nor-

265 1838 376 1868 man.
407 1838 504 1881 pag.
528 1828 592 1870 17.
616 1828 681 1869 18.
713 1827 754 1870 et
786 1826 992 1870 Othonem
1023 1826 1205 1882 Frising.
1245 1827 1317 1870 lib.
1342 1828 1377 1871 1.
1411 1827 1461 1870 de
1494 1825 1609 1870 Gest.
1643 1826 1756 1869 Erid.

266 1895 355 1937 cap.
385 1884 453 1926 33.

467 2053 532 2096 IN
570 2053 794 2096 LIBRUM
829 2053 928 2096 XII.
999 2053 1307 2098 ALEXIADIS
1347 2053 1554 2097 NOTAE.

399 2168 745 2218 I'YNAIKA]
793 2167 1063 2210 Boemundus
1104 2167 1239 2210 multo
1280 2167 1387 2210 aeris
1418 2167 1545 2211 alieni
1579 2167 1757 2222 pondere

266 2222 485 2278 fatigatus,
516 2224 565 2265 ut
596 2223 649 2266 ad
680 2223 810 2266 debiti
840 2224 1090 2267 solutionem
1129 2237 1171 2267 se
1200 2225 1379 2279 pararet,
1425 2225 1467 2267 et
1503 2225 1550 2266 ut
1580 2224 1630 2267 de
1659 2237 1756 2279 par-

265 2280 379 2323 tibus
409 2280 701 2323 ultramarinis
737 2281 914 2323 maiores
965 2281 1151 2324 militum
1204 2294 1344 2324 secum
1381 2281 1566 2324 traheret
1603 2283 1754 2335 copiaS,

266 2337 535 2391 Principatus
565 2336 630 2379 sui
660 2350 760 2380 cura
784 2337 999 2381 Tancredo
1031 2338 1266 2389 commissa,
1297 2338 1341 2380 in
1361 2338 1564 2393 Apuliam
1583 2338 1755 2381 transiit

265 2393 347 2435 An.
381 2392 475 2436 Chr.
510 2403 644 2437 MCIV.
675 2395 723 2436 ut
769 2395 960 2449 pluribus
1005 2396 1181 2438 narrant
1214 2395 1366 2450 Tyrius
1411 2395 1482 2438 lib.
1507 2396 1570 2437 11.
1603 2408 1693 2449 cap.
1719 2396 1753 2437 1.

266 2450 511 2492 Fulcherius
539 2451 612 2493 lib.
636 2453 674 2493 2.
705 2464 795 2506 cap.
818 2452 885 2494 25.
915 2452 1117 2494 Albertus
1146 2452 1226 2507 Aq.
1259 2452 1330 2495 lib.
1354 2453 1393 2494 6.
1426 2464 1515 2506 cap.
1535 2452 1602 2494 47.
1643 2452 1755 2494 Hist.

265 2506 428 2549 Hieros
459 2507 536 2550 hoc
566 2508 617 2550 A.
649 2507 780 2551 Gesta
811 2509 961 2551 Franc.
993 2521 1081 2563 cap.
1104 2510 1172 2551 52.
1242 2509 1302 2551 Ex
1332 2509 1489 2563 Apulia
1527 2509 1674 2551 deinde
1712 2509 1755 2550 in

267 2562 452 2606 Galliam
479 2564 663 2617 transiit,
693 2565 734 2608 et
766 2564 1058 2608 Constantiam
1088 2566 1272 2620 Philippi
1288 2566 1322 2608 I.
1352 2566 1610 2608 Francorum
1627 2565 1754 2620 Regis

265 2619 397 2662 filiam
445 2620 631 2663 obtinuit
674 2622 718 2663 in
761 2635 942 2665 uxorem.
1007 2622 1190 2677 Nuptias
1235 2623 1329 2677 post
1374 2621 1535 2665 Pascha
1580 2621 1756 2665 Carnuti

265 2688 421 2731 magno
450 2679 657 2731 apparatu
699 2679 927 2722 celebratas
958 2679 1009 2722 A.
1039 2689 1172 2723 MOVI.
1202 2679 1380 2722 tradunt
1423 2679 1578 2733 passim
1609 2678 1754 2730 nostri,

267 2731 468 2786 Sugerius
498 2734 542 2775 in
570 2734 672 2777 Lud.
699 2736 772 2778 VI.
800 2748 888 2790 cap.
908 2737 946 2778 9.
985 2735 1205 2779 Ordericus
1236 2736 1308 2778 lib.
1332 2736 1370 2778 5.
1403 2737 1444 2778 et
1477 2736 1542 2778 11.
1576 2734 1755 2778 Guiber-

266 2789 335 2830 tus
380 2789 453 2832 lib.
484 2791 522 2832 3.
568 2803 656 2845 cap.
681 2793 719 2833 2.
759 2792 832 2835 lib.
853 2793 889 2835 7.
936 2805 1024 2848 cap.
1055 2793 1123 2835 34.
1169 2792 1360 2836 Fulcher.
1406 2792 1479 2835 lib.
1503 2793 1541 2834 2.
1573 2804 1663 2846 cap.
1686 2793 1753 2834 28.

268 2844 418 2900 Tyrius
438 2845 511 2889 lib.
538 2847 601 2889 11.
627 2859 714 2902 cap.
738 2849 774 2891 1.
810 2849 960 2892 Petrus
982 2849 1100 2893 Diac.
1121 2849 1194 2893 lib.
1211 2849 1252 2892 4.
1285 2848 1435 2892 Chron.
1459 2847 1551 2892 Cas.
1578 2861 1667 2904 cap.
1685 2849 1752 2891 50.
