1806 3132
513 241 568 274 IN
596 238 884 274 Amxunmr
910 239 1072 275 NOTAE
1446 234 1523 276 701

48 352 284 413 γεγόναμεν
326 350 406 397 ἐπὶ
442 352 631 404 πολλαῖς
677 348 868 410 ἡμέραις.
946 354 1055 398 Sunt
1085 368 1181 399 vero
1210 356 1410 411 Numera,
1456 369 1526 399 seu

49 413 189 469 potius
229 411 410 455 Numeri
452 410 649 466 portione,
694 410 739 453 in
789 411 940 465 quibus
983 412 1240 455 excubabant
1268 412 1527 456 Praetor-iani

50 469 219 521 milites,
249 468 299 511 ut
326 467 487 510 indicat
517 465 699 510 Codinus
725 466 775 509 de
807 466 922 522 Orig.
955 467 1035 511 ΟΡ.
1079 482 1103 511 a
1132 481 1229 511 voce
1258 468 1407 512 Latina
1434 469 1529 511 Nu-

48 539 201 578 merus,
233 537 343 580 quae
371 524 598 572 cohortem,
629 522 849 578 legionem,
891 524 966 566 aut
1001 525 1204 568 militares
1234 525 1371 579 copias
1398 525 1529 580 signi-

11 620 14 621 .
49 583 163 626 ficat.
240 581 452 624 Numeros
493 579 702 622 militares
750 579 857 622 dixit
886 580 1037 635 Tyrius
1084 581 1156 623 lib.
1177 583 1216 623 2.
1260 593 1347 636 cap.
1369 582 1437 624 20.
1481 582 1528 623 ut

0 654 5 660 ·
49 640 232 683 caeteros
269 637 479 690 omittam,
531 649 634 691 quos
678 635 855 679 laudant
886 635 1080 692 Cujacius
1119 637 1171 680 ad
1201 637 1245 679 L.
1266 639 1305 679 3.
1337 636 1434 680 Cod.
1480 637 1529 680 de

51 696 116 739 his
145 696 219 751 qui
248 707 333 738 non
359 694 477 750 impl.
509 693 606 747 stip.
639 692 711 735 lib.
738 693 800 735 10.
834 692 997 747 Lipsius
1027 693 1076 736 de
1097 693 1223 736 Milit.
1247 694 1365 736 Rom.
1396 693 1466 736 lib.
1487 694 1526 735 4.

49 765 140 808 cap.
161 753 202 796 2.
246 751 478 806 Dempster.
523 749 575 792 ad
614 748 779 804 Coripp.
807 751 849 792 et
880 749 1029 792 Meurs.
1074 750 1116 792 in
1163 748 1297 792 Gloss.
1340 749 1528 793 Carceres

48 810 151 852 istos
179 807 385 863 intelligit
413 807 551 850 Autor
578 805 630 850 de
662 806 796 848 Exilio
827 805 869 849 S.
895 806 1068 849 Martini
1092 806 1173 849 PP.
1213 806 1272 849 Et
1301 807 1531 859 auferentes

50 880 145 909 eam
173 866 225 908 de
253 864 384 908 lembo
418 866 655 918 posuerunt
693 876 784 904 eum
816 863 863 904 in
890 864 1127 918 qestatorio,
1170 863 1455 916 duxeruntque
1483 863 1530 904 in

48 922 283 966 custodiam
317 920 607 972 Excubitor-ii,
670 933 776 974 quae
818 920 1136 974 coynominatur
1171 919 1441 962 Prandearia
1492 922 1530 961 et

45 980 147 1034 fecit
183 991 276 1022 eum
305 978 516 1022 inclusum
542 977 618 1019 sub
647 976 780 1018 multa
810 977 1010 1027 custodia,
1037 977 1304 1030 praecipiens
1331 975 1531 1018 Eme-abite·

50 1036 309 1080 custodibus:
337 1039 384 1078 ut
411 1034 557 1078 nullus
581 1034 753 1087 penitus
780 1034 906 1075 sciret
934 1033 1133 1085 civitatis,
1172 1035 1271 1087 quia
1299 1035 1358 1075 est
1386 1033 1432 1074 in
1462 1045 1529 1074 eo-

50 1093 144 1137 dem
172 1091 398 1135 Eoecubitu.
456 1091 568 1134 Hinc
599 1090 796 1133 docemur
826 1089 926 1143 quid
960 1090 1016 1132 sit
1035 1088 1290 1143 Πρανδιάρα
1318 1089 1362 1131 in
1401 1087 1529 1131 Chro-

3 1159 6 1164 '
51 1150 144 1193 nico
172 1148 376 1192 Alexand.
407 1149 461 1192 A.
491 1147 665 1190 Arcadii
687 1147 751 1188 12.
796 1159 877 1200 quo
922 1147 984 1189 ait
1021 1146 1299 1201 conflagrasse
1346 1145 1528 1200 porticus

49 1205 327 1262 Hippodromi
351 1207 397 1249 'et
416 1203 719 1248 Prandeariam
750 1203 791 1246 et
821 1203 1056 1246 adiacentes
1086 1202 1282 1257 porticus.
1323 1201 1530 1255 Elephan-

49 1264 181 1307 tinem
237 1275 442 1306 carcerem
472 1262 534 1304 ita
580 1260 740 1303 dictum
770 1260 813 1301 in
845 1259 1010 1302 Palatio
1041 1260 1197 1314 pariter
1225 1258 1376 1301 statuit
1409 1257 1530 1299 Anna

51 1333 147 1376 pag.
168 1320 266 1362 457.
291 1319 501 1362 Praetorii
521 1329 707 1360 carceres
728 1316 854 1359 habet
876 1317 955 1359 Leo
978 1315 1285 1359 Grammaticus
1316 1326 1410 1369 pag.
1432 1314 1527 1356 467.

50 1376 247 1432 Zeuxippi
274 1375 549 1431 Pachymeres
592 1373 666 1417 lib.
688 1374 727 1416 6.
759 1385 847 1428 cap.
869 1374 935 1415 33.
980 1371 1141 1416 Palatii
1168 1370 1391 1414 Eleutherii
1428 1369 1530 1412 dicti

52 1432 293 1476 Theodorus
338 1431 510 1478 Studita
554 1431 599 1473 in
639 1430 729 1473 vita
780 1430 821 1474 S.
870 1429 1107 1484 Theophan.
1154 1427 1334 1471 Confess.
1374 1427 1427 1469 N.
1461 1428 1527 1469 23.

49 1490 190 1545 Igitur
234 1501 331 1532 cum
360 1487 520 1532 Palatii
551 1487 740 1530 custodia
772 1499 893 1541 penes
918 1486 1093 1540 Papiam
1130 1486 1248 1535 esset,
1287 1485 1374 1527 eius
1403 1483 1530 1526 etiarn

50 1547 141 1590 erat
170 1558 380 1589 carcerum
413 1544 706 1588 Palatinorum
748 1543 887 1598 etqui
930 1542 973 1584 in
1006 1542 1063 1584 eis
1108 1541 1399 1585 detinebantur
1439 1552 1531 1582 reo-

49 1615 143 1645 rum
177 1615 289 1646 cura.
346 1601 427 1646 Sed
455 1601 507 1644 de
534 1601 613 1644 hac
646 1600 855 1654 dignitate
883 1599 1047 1654 agimus
1078 1598 1130 1640 ad
1165 1597 1424 1641 Cinnamum.

185 1658 457 1717 Καλλικλῆς]
507 1658 551 1700 Is
597 1657 659 1700 est
688 1657 890 1699 Nicolaus
927 1653 1118 1698 Callicles
1149 1654 1378 1702 Archiater,
1412 1652 1528 1694 cuius
1545 1657 1765 1705 Pag.496.c

50 1715 215 1759 Poaeim
245 1717 288 1758 et
314 1715 484 1759 Iambos
514 1714 686 1768 plurimi
718 1713 820 1755 facit
851 1711 1052 1766 Georgius
1085 1709 1274 1753 Corinthi
1303 1709 1528 1764 Episcopus

49 1772 122 1815 lib.
154 1771 205 1815 de
225 1771 462 1815 Construct.
484 1770 601 1814 Orat.
625 1769 680 1812 ad
703 1782 825 1824 quem
847 1768 973 1811 etiam
1002 1767 1144 1810 extant
1164 1765 1375 1819 Epistolae
1396 1765 1529 1806 Theo-

50 1828 237 1884 phylacti
268 1828 395 1881 Bulg.
426 1827 738 1881 Archiepiscopi
762 1826 828 1868 38.
850 1826 916 1867 39.
938 1825 1006 1866 56.
1037 1823 1104 1865 57.
1162 1821 1283 1865 Illius
1312 1821 1410 1863 sunt
1429 1820 1529 1874 Epi-

50 1886 291 1940 grammata
327 1885 491 1940 aliquot
538 1884 624 1926 iam
669 1882 769 1924 olim
816 1882 868 1924 ab
909 1880 1163 1934 Hieronymo
1210 1877 1363 1921 Gontio
1404 1876 1527 1926 edita,

50 1954 227 1996 quorum
275 1941 370 1993 duo,
414 1940 515 1996 quia
550 1939 603 1982 ad
643 1939 875 1981 Historiam
906 1936 1052 1978 Annae
1099 1935 1275 1984 nostrae,
1322 1931 1529 1975 Eudociae

50 1998 203 2041 sororis
231 1998 275 2040 et
302 1999 442 2041 Irenes
470 1996 692 2052 pertinent,
743 1995 854 2037 hisce
884 1990 1204 2036 Commentariis
1232 1990 1420 2033 adtexere
1450 1987 1529 2030 erit

51 2067 198 2154 3222}ss
226 2055 430 2166 ἷξὲἓὲἰὲἒὲ
473 2051 889 2162 ἑῗέἓῖῐιωὸρθὲἓὲἓ
912 2044 1154 2147 ‘'m'‘gi?
1164 2043 1529 2145 {3321315533003

52 2180 159 2222 quac
187 2167 231 2210 in
262 2166 564 2211 Monasterium
607 2165 829 2207 secesserat
865 2161 1028 2204 divulsa
1073 2173 1098 2203 a
1128 2158 1293 2210 marito,
1322 2157 1427 2200 dono
1457 2168 1530 2198 ac-

52 2225 229 2279 ceperat.
278 2223 473 2267 Alterum
504 2222 665 2277 spectat
695 2220 830 2262 Irenes
859 2219 987 2273 ipsius
1018 2216 1236 2271 Augustae
1265 2216 1411 2257 Annae
1439 2225 1530 2254 ma-

53 2281 147 2333 triS,
177 2281 243 2324 vel
271 2280 398 2323 etiam
429 2279 600 2322 Ioannis
623 2275 819 2319 Comneni
840 2275 944 2328 Imp.
976 2272 1113 2315 uxoris
1141 2270 1255 2315 aliud
1286 2265 1527 2324 ἕγκόλπιον.

52 2337 116 2379 En
146 2337 386 2392 utrumque.

59 2434 148 2476 Τοῦ
181 2432 474 2483 Καλλικλέους
495 2430 651 2483 ,στίχοι
683 2426 746 2479 εἷς
775 2424 852 2468 τόν
882 2422 1013 2467 καλὸν
1051 2419 1245 2487 σταυρὸν,
1262 2419 1340 2463 τὸν
1368 2435 1529 2475 κοσμη-

188 2488 327 2532 θέντα
355 2486 478 2544 παρὰ
506 2490 584 2546 τῆς
603 2478 1025 2542 Πορφυρογεννὴτου
1055 2481 1204 2534 Κυρᾶς
1232 2481 1395 2533 Λννης.

253 2559 324 2606 Ἐκ
353 2568 433 2604 τοῦ
464 2558 592 2615 ξύλου
622 2558 764 2613 τρυγῶ
796 2572 844 2599 σε
875 2552 952 2613 τὴν
980 2551 1093 2612 ζωὴν
1122 2549 1263 2608 Adys,

189 2619 278 2662 Καὶ
308 2610 400 2662 Εὖα
428 2619 563 2674 τριπγᾷ
592 2614 670 2673 τὴν
702 2610 883 2671 φθορὰν
912 2602 1003 2653 vind
1034 2605 1182 2663 ξύλου,

188 2676 279 2718 Καὶ
307 2677 617 2731 προσκυνοῦσα
645 2671 736 2714 σῶν
774 2670 939 2711 παθῶν
967 2664 1045 2733 τὴν
1074 2662 1233 2715 εἰκόνα,

187 2730 265 2784 Εἰς
292 2726 490 2775 ἀπαθῶν
521 2728 630 2773 αἰτῶ
659 2742 708 2770 σε
738 2724 889 2780 λιμένα
918 2726 1111 2781 «penam,

192 2785 273 2831 Σύν
301 2784 469 2844 συζύγῳ
498 2802 546 2829 τε
575 2785 645 2827 καὶ
675 2783 841 2833 τέκνοις
867 2778 1121 2844 τηρουμΙένη,

189 2839 261 2899 Ἐξ
276 2843 492 2895 ,Εὖδοκίας
519 2844 656 2885 ταῦτα
686 2833 929 2896 Πορφῦρας
959 2835 1131 2878 dadon.
