1734 3120
471 225 785 262 GLOSSARIUM
817 228 1054 265 ANNAEUM
1429 225 1513 267 403

31 339 294 384 submotione
332 341 639 396 perrumpatur.
709 341 909 386 Mandras
946 344 1082 400 igitur
1117 346 1185 389 hic
1223 346 1354 389 Poeta
1388 349 1512 391 vocat

32 397 225 453 plagulas
264 397 415 452 quibus
450 397 642 441 schacchi
681 399 859 442 maiores
894 401 1079 444 insident
1115 403 1243 445 affixi.
1313 403 1511 447 Latronae

30 455 172 496 autem
216 453 391 497 minoris
434 453 558 497 molis
600 455 783 508 scachos,
829 457 956 512 vulgo
1000 457 1186 510 Pictam,
1232 459 1348 502 dicit.
1408 473 1511 515 quos

30 510 186 554 vitreos
214 509 315 554 dum
345 510 542 566 appellat,
573 523 621 554 ex
650 524 699 555 ea
727 513 820 556 tum
860 514 1038 557 materia
1078 516 1335 571 frequentius
1380 516 1512 559 factos

31 566 184 610 innuit.
241 566 322 611 Sed
351 567 453 611 haec
481 568 685 612 curiosius
714 570 859 624 exequi
889 570 956 613 vix
987 573 1049 614 est
1077 573 1201 615 tanti.

741 656 800 697 H.

163 721 349 765 ΗΛΟΣ.
405 721 556 766 Multis
583 721 686 765 loeis
716 730 800 766 non
830 722 987 774 clavus,
1018 724 1090 767 sed
1110 725 1248 780 cuspis
1272 739 1321 770 ae
1357 727 1510 770 ferrum

30 776 212 830 lanceae,
242 790 350 834 quae
379 777 536 822 Christi
564 779 738 822 Domini
766 779 880 823 latus
907 780 1027 823 fodit.

164 835 589 880 HMIAOXITAI.
649 836 740 880 Lib.
766 847 814 879 X.
843 837 920 880 sub
950 837 1091 881 finem.
1151 831 1260 880 ἀλλὰ
1296 835 1347 882 τὸ
1375 837 1512 893 μέσον

31 886 147 943 ἔχειν
173 892 264 933 τῶν
292 887 571 950 ἧμιλοχιτῶν.
630 892 754 936 Nova
797 893 839 936 et
880 893 983 937 haec
1027 907 1117 938 vox.
1178 895 1386 939 Videntur
1415 892 1512 962 Ιἤμυ-

28 946 201 1000 λοχῖται
230 949 352 1004 quasi
381 948 540 993 Triarii
576 950 724 993 fuisse:
765 950 839 1005 qui
877 952 1164 1006 pugnantibus
1204 952 1299 995 aliis
1327 953 1511 996 subside-

28 1004 135 1056 rent,
164 1006 377 1049 servantes
405 1018 449 1049 se
478 1006 533 1050 ad
561 1007 724 1050 incerta
751 1006 864 1059 belli,
904 1011 952 1050 ut
980 1008 1098 1061 fusis,
1129 1009 1164 1051 si
1195 1009 1314 1061 forte,
1343 1009 1512 1052 fractis·

30 1073 112 1115 que
137 1061 237 1114 suis,
267 1062 424 1118 integri
468 1063 675 1118 praelium
718 1064 902 1108 sumant.
964 1065 1059 1108 Non
1090 1066 1189 1107 sunt
1218 1066 1313 1120 puri
1343 1065 1510 1120 λοχῖται

28 1116 307 1162 insidiatores,
384 1117 466 1163 Sed
505 1133 649 1164 eorum
692 1120 829 1164 simile
872 1121 1027 1165 babent
1069 1122 1297 1177 quippiam.
1355 1122 1511 1166 idcirco

29 1169 293 1232 ἡμιλοχῖται.

165 1306 649 1351 ΚΛΒΛΛΛΛΡΙΟΙ.
707 1308 800 1352 Lib.
821 1319 925 1352 xm.
955 1309 1034 1352 sub
1064 1308 1188 1352 finem
1233 1302 1312 1362 οὐχ
1353 1306 1489 1352 ἱππεῖ

28 1357 166 1415 μόνον
193 1356 305 1405 ἀλλὰ
332 1363 405 1406 καὶ
433 1359 630 1407 ὁπλῖται.
689 1366 738 1408 ut
764 1367 890 1409 Anna
918 1365 1009 1420 ipsa
1038 1365 1128 1408 illic-
1157 1367 1345 1420 exponit:
1378 1367 1512 1422 signi-

28 1418 158 1462 ficans
186 1419 344 1463 militoe
371 1421 516 1477 gravis
544 1423 786 1466 armaturae
815 1421 1119 1476 καβαλλαρίων
1147 1423 1313 1466 nomine
1342 1424 1511 1476 censeri,

26 1476 197 1519 tametsi
240 1477 399 1532 pedites
441 1478 551 1522 sint:
593 1479 705 1534 quod
746 1493 772 1523 a
817 1479 1130 1523 Glossatoribus
1160 1478 1511 1524 Graeoobarbaris

27 1545 109 1576 non
139 1533 493 1587 animadversum,
525 1535 619 1579 ideo
650 1537 799 1580 notatu
829 1537 1005 1593 dignum
1030 1536 1161 1579 videri
1190 1538 1339 1591 potaet.

165 1591 469 1634 ΚΑΘΕΤΟΣ.
523 1593 612 1636 Lib.
642 1604 746 1637 xm.
775 1595 853 1637 sub
883 1593 1080 1636 medium.
1128 1589 1255 1644 ὅπως
1294 1590 1399 1643 τοὺς
1430 1593 1511 1646 μὲν

27 1645 247 1698 καθέτους
274 1644 460 1701 τούτους
488 1641 649 1705 ἄνδρας
675 1644 882 1705 ἀβλαβεῖς
904 1646 1192 1708 διατηρήσειε.
1222 1646 1415 1702 κάθετος
1443 1651 1510 1694 hic

26 1705 90 1746 oet
120 1704 330 1759 proiectus
359 1705 403 1748 in
433 1706 663 1761 periculum
696 1710 772 1751 aut
814 1708 1039 1763 perniciem
1084 1708 1254 1750 certam.
1326 1708 1507 1763 Elegans

26 1760 70 1803 id
99 1761 279 1816 quidem,
310 1763 381 1806 sed
411 1777 495 1807 non
524 1765 654 1821 vulgo
689 1765 920 1815 usitatum3
959 1764 1134 1819 ideoque
1170 1764 1239 1807 hie
1266 1765 1509 1807 notandum.

27 1818 138 1861 Puto
169 1818 338 1863 Annam
366 1821 560 1864 habuisse
587 1822 632 1865 in
661 1821 803 1865 animo
832 1815 970 1875 ἀμνὸν
1000 1817 1194 1863 κάθετον
1229 1821 1279 1863 de
1299 1833 1381 1876 quo
1397 1821 1510 1885 Har:

26 1875 242 1930 pocration
273 1877 398 1921 verbo
427 1874 636 1930 κάθετος.
695 1879 807 1934 quod
837 1878 1004 1934 exponit
1034 1874 1058 1919 ὃ
1087 1876 1333 1932 καθέμενος
1363 1874 1427 1927 εἷς
1454 1892 1507 1918 το

27 1931 218 1988 πέλαγος
247 1925 397 1988 ἆμνός.
440 1935 513 1991 qui
541 1935 743 1979 nimirum
774 1935 1078 1991 porriciebatur
1105 1935 1150 1977 in
1178 1934 1335 1977 medios
1358 1933 1510 1977 fluctus

77 1988 251 2033 riturus.

26 2001 102 2144 pet
129 2048 472 2146 111ΙξΛΜΙΝΟΣ.
516 2048 658 2105 Vulgo
687 2049 847 2094 fornax.
897 2049 978 2093 Sed
999 2050 1125 2092 Anna
1152 2060 1226 2102 pro
1257 2059 1359 2103 pyra
1387 2059 1509 2089 usur—

27 2115 80 2157 pa
192 2135 204 2146 .
231 2113 311 2147 xv.

162 2161 582 2206 ΚΑΝΙΚΛΕΙΟΝ.
634 2163 724 2206 Lib.
754 2173 819 2206 XI.
847 2162 925 2205 sub
948 2162 1073 2205 finem
1100 2154 1193 2203 ἀπὸ
1224 2162 1302 2212 τῗς
1324 2160 1405 2202 τοῦ
1432 2175 1509 2201 κα-

26 2214 216 2259 νικλείου
242 2211 371 2272 «ἰξίας
398 2216 533 2284 μέγαν
561 2214 844 2277 δρουγγάριον
872 2220 952 2261 τοῦ
981 2214 1142 2261 στόλου
1171 2211 1508 2273 προχειρισάμε-

26 2288 113 2324 νος.
171 2273 279 2317 Vide
307 2275 540 2320 Meurslum
569 2278 612 2320 et
642 2275 903 2320 Glossarium
934 2275 1119 2318 Cedreni.

163 2332 492 2377 ΚΑΠΛΝΛΙ.
550 2333 663 2377 Nam
707 2346 783 2388 pro
826 2333 1042 2382 καπανοῖς
1071 2330 1376 2375 rescribendum
1408 2331 1508 2385 puto

25 2382 254 2440 καπάναις.
313 2389 391 2432 Est
412 2390 556 2433 autem
584 2385 757 2446 καπάνη
787 2389 1027 2433 Thessalica
1055 2387 1235 2430 dialecto
1262 2387 1371 2429 idem
1392 2386 1502 2441 quod

25 2436 186 2502 ἀπήνη,
208 2445 445 2490 vehiculum
466 2448 543 2490 aut
561 2447 702 2491 rheda.
749 2445 997 2489 Eustathius
1017 2444 1071 2487 ad
1090 2444 1211 2487 Iliad.
1230 2439 1280 2486 λ’.
1302 2455 1398 2499 pag.
1411 2443 1505 2486 799.

26 2500 125 2544 edit.
155 2501 454 2556 Frobenianae‚
484 2504 558 2547 ubi
595 2503 855 2547 enumeravit
884 2501 1088 2557 quaedam
1118 2499 1321 2543 vocabula
1357 2499 1507 2555 qulbus

26 2558 262 2602 adventitia
301 2559 426 2604 litera
467 2560 717 2616 praefigitur
754 2562 802 2602 ut
848 2556 1036 2612 χλιαρὸν,
1082 2573 1117 2598 π
1132 2552 1287 2623 ’γανρη
1335 2555 1505 2622 galiug,

26 2609 255 2669 σμύραινα.
303 2629 410 2671 quae
441 2617 549 2661 citra
589 2617 842 2673 epenthesim
888 2615 1086 2658 dicuntur
1120 2573 1290 2668 7ἑιικρον,
1336 2627 1504 2677 ηγανογ,

25 2669 169 2725 μίλαξ,
201 2668 401 2728 μύραινα.
446 2674 545 2718 huic
574 2674 716 2743 generi
750 2673 938 2716 accenset
962 2666 1176 2739 ,mfldvqy
1204 2671 1403 2736 nostram,
1427 2681 1507 2735 'sic

25 2728 172 2771 statim
216 2730 474 2785 subiungens
518 2746 593 2773 και
634 2727 686 2772 τὸ
730 2724 904 2784 καπάνη
947 2742 1093 2783 απανη
1130 2744 1155 2770 ο
1194 2725 1311 2770 ἐστιν
1327 2741 1504 2793 yssym).

29 2784 245 2829 Θετταλοὶ
272 2785 357 2842 reip
385 2783 449 2839 ὥς
481 2787 527 2830 ἐν
554 2789 652 2839 τοῖς
678 2787 758 2829 τοῦ
785 2783 1029 2842 Ἀθηναίου
1060 2783 1252 2852 φέρεται,
1285 2797 1365 2850 τᾳς
1381 2798 1507 2850 0αττηῖ

26 2856 102 2893 νας
146 2844 350 2896 καπάνας
393 2842 544 2902 ἔλεγον
583 2841 697 2888 ὅθεν
744 2843 816 2885 ναὶ
858 2857 1076 2885 mamma
1119 2841 1223 2895 παρ’
1271 2855 1423 2890 αυτοις
1454 2854 1507 2880 τα
