1734 3120
219 171 302 212 422
741 180 919 214 CAROLI
949 179 1189 214 DUOANGII

219 309 342 338 mune
362 295 615 351 periculum,
647 296 722 339 sed
751 310 802 339 ex
824 295 982 338 occulto
1011 309 1173 349 semper
1203 299 1424 353 attentant,
1454 302 1501 341 ut
1528 299 1710 355 integris

219 353 336 451 ssn'sL
368 356 566 451 qum'igtos¹3
583 353 777 452 100.ssinlt2
797 353 937 451 hostia}
970 353 1229 404 interimam,
1261 358 1368 397 certe
1405 355 1469 398 vel
1513 359 1709 400 terreant.

6 474 207 520 Pag.11.A
263 444 271 452 ’
339 411 918 539 βῖἒαλαιῗρῢητῗᾶῧξαλαβῇρ,
954 466 1209 533 Ζοηᾳϊαειρὺ
1240 466 1459 534 Scylitzae‚
1496 470 1610 540 regio
1649 471 1709 513 sic

221 522 349 576 dicta,
379 519 451 564 διὰ
479 519 532 564 τὰ
562 518 832 577 κατάρρυτον
862 537 974 567 ειναι
1007 537 1084 564 τον
1112 537 1257 565 voum}
1293 525 1501 578 βρυσεσιν
1531 522 1708 569 ὐδάτων

221 578 402 621 πολλῶν
431 595 478 621 τε
509 578 583 622 καὶ
612 574 807 635 ἅγαθῶν.

171 648 204 682 Α
355 631 615 691 Μανιάκου]
655 637 697 679 Is
728 637 790 678 est
823 635 1028 691 Georgius
1060 636 1285 688 Maniaces,
1332 637 1404 692 qui
1445 638 1489 680 in
1534 640 1705 683 Italiam

218 705 290 735 seu
322 692 561 736 Calabriam
614 694 666 736 ab
696 694 801 748 Imp.
847 693 1006 736 Basilio
1043 693 1194 736 missus
1236 693 1410 746 Siculos,
1451 695 1708 740 Normannis

216 749 475 802 iuvantibus,
521 750 695 793 adortus
727 751 768 792 et
798 751 850 793 ab
886 750 938 792 iis
981 750 1123 804 postea
1169 750 1392 793 derelictus
1435 751 1707 796 defectionem

217 806 391 849 molitus
420 807 494 858 est,
525 807 801 850 Monomacho
835 807 1092 861 imperante;
1131 807 1392 862 sumptisque
1429 809 1599 864 Imperii
1636 811 1708 853 In-

217 862 420 918 signibus,
446 863 617 906 tandcm
645 875 739 906 cum
772 863 824 906 ad
847 863 1013 907 Servios
1041 876 1083 906 se
1115 863 1372 912 contulisset,
1404 866 1623 910 commisso
1654 867 1707 910 ad

218 919 417 962 Strobum
447 919 618 976 praelio,
649 919 881 963 debellatus
913 920 986 963 est.
1037 920 1270 963 Historiam
1303 923 1481 965 narrant
1511 923 1707 976 Zonaras,

128 1014 131 1016 .
218 975 431 1031 Scythes,
479 975 643 1031 Glycas,
691 975 927 1020 Gaufredus
976 977 1205 1020 Malaterra
1249 977 1321 1021 lib.
1345 989 1375 1021 Ι.
1417 992 1506 1034 cap.
1528 980 1565 1023 7.
1595 982 1635 1023 et
1667 982 1705 1024 8.

218 1033 299 1075 Leo
331 1032 419 1076 Ost.
450 1033 522 1076 lib.
547 1035 585 1076 2.
617 1045 706 1088 cap.
725 1034 789 1076 18.
822 1033 863 1076 et
895 1033 1116 1077 Ordericus
1137 1034 1293 1077 Vitalis
1333 1035 1405 1079 lib.
1427 1036 1466 1079 4.
1503 1037 1574 1091 qui
1605 1037 1706 1080 Ma-

217 1089 372 1132 nicheti
400 1103 563 1141 nomen,
594 1091 636 1132 et
667 1090 718 1133 ob
744 1090 987 1134 affectatam
1020 1090 1211 1134 fortassis
1243 1091 1538 1147 Tyrannidem,
1570 1094 1708 1149 Impe-

216 1146 422 1191 ratorium
451 1146 626 1189 titulum
660 1147 697 1189 ei
731 1146 895 1190 tribuit.

173 1213 202 1247 B
350 1196 467 1245 ῗΑπὸ
497 1204 576 1259 τῆς
603 1198 864 1261 Ἑταιρείας]
894 1204 954 1246 Ex
986 1204 1226 1248 cohortibus
1255 1205 1415 1248 scilicet
1446 1207 1636 1251 conflatis
1658 1221 1706 1250 ex

216 1259 503 1303 Romanorum
548 1260 684 1311 sociis,
733 1273 836 1315 quas
889 1261 1090 1315 peculiari
1144 1262 1424 1316 appellatione
1463 1259 1705 1319 ‘Evatqelag

216 1316 496 1371 appellabant.
570 1316 770 1373 Scylitzes
799 1317 845 1360 in
875 1317 1080 1361 Michacle
1106 1318 1254 1374 Balbo,
1299 1317 1344 1361 ἐν
1384 1321 1447 1376 τῷ
1493 1320 1705 1378 Παλατίῳ

217 1369 376 1425 σχολὰς
406 1368 602 1431 εἰληφώς
647 1373 721 1416 καὶ
749 1371 828 1425 τὰς
853 1373 1093 1430 Ἑταιρείας
1126 1371 1262 1428 ἔξεισι
1293 1373 1402 1418 κατὰ
1431 1379 1510 1419 τοῦ
1547 1375 1703 1433 τυράν-

214 1444 303 1471 νου.
363 1430 517 1485 Atque,
550 1432 599 1473 ut
628 1443 676 1473 ex
705 1431 783 1474 hoc
812 1431 903 1474 loco
934 1431 1101 1475 videtur
1129 1445 1247 1486 posse
1277 1433 1434 1489 colligi,
1461 1434 1705 1478 militabant

212 1486 314 1529 illae
339 1485 383 1528 in
413 1487 581 1531 Palatio
612 1487 665 1530 ad
696 1488 967 1543 Imperatoris
1003 1489 1251 1541 custodiam,
1297 1490 1449 1545 quibus
1481 1491 1553 1546 qui
1586 1505 1706 1547 prae-

213 1543 332 1586 erant
350 1539 668 1599 Ἑταιρειάρχαι
686 1545 727 1587 et
747 1540 949 1600 ΖΚῙεγάλοι
969 1541 1290 1600 Ἕταιρειάρχαι
1311 1547 1414 1590 dicti
1428 1547 1704 1592 Constantino

212 1599 365 1655 Porph.
395 1600 444 1643 de
466 1601 591 1644 Adm.
614 1602 717 1656 Imp.
753 1615 840 1657 cap.
855 1603 923 1644 51.
956 1602 1172 1645 Willelmo
1195 1603 1321 1659 Tyrio
1342 1604 1415 1648 lib.
1434 1606 1499 1648 21.
1528 1618 1615 1660 cap.
1638 1607 1702 1648 16.

211 1656 460 1712 Pachymeri
490 1657 562 1700 lib.
588 1659 626 1701 2.
659 1671 748 1713 cap.
769 1659 835 1701 24.
868 1658 1158 1703 Cantacuzeno
1189 1660 1261 1704 lib.
1286 1662 1321 1703 1.
1354 1673 1442 1716 cap.
1466 1663 1532 1706 55.
1571 1662 1643 1706 lib.
1663 1665 1701 1706 2.

214 1725 302 1768 cap.
324 1714 362 1756 6.
406 1713 625 1769 Scylitzae,
673 1715 870 1768 Zonarae,
916 1715 1150 1769 Manassae,
1196 1718 1237 1759 et
1283 1717 1336 1760 al.
1382 1731 1406 1760 a
1448 1719 1630 1762 Meursio
1664 1720 1704 1762 et

212 1770 394 1813 Fabroto
416 1770 620 1814 laudatis:
647 1772 758 1827 quod
779 1773 994 1827 praeterea
1015 1773 1158 1816 firmat
1176 1773 1406 1817 Cinnamus
1436 1775 1506 1818 lib.
1526 1777 1563 1817 5.
1590 1776 1643 1818 N.
1662 1778 1700 1819 8.

211 1830 237 1868 I
243 1822 432 1882 ἐώργιον
462 1821 512 1878 ὃς
542 1824 757 1884 ἑταιρείας
783 1830 848 1885 τῷ
877 1825 979 1871 τότε
1011 1827 1156 1888 ἡγεῖτο
1188 1830 1265 1889 τῆς
1293 1831 1530 1891 βασιλικῆς.
1587 1833 1703 1875 Idem

211 1883 488 1940 Pachymeres
517 1884 648 1935 Iib.4.
682 1898 770 1941 cap.
797 1887 863 1929 29.
907 1886 969 1930 ait
1008 1900 1151 1930 eorum
1185 1901 1338 1931 munus
1377 1888 1504 1932 fuisse
1545 1889 1587 1931 in
1621 1890 1703 1933 Pa-

210 1940 315 1983 latio
346 1938 422 1983 ἐ-πὶ
452 1946 529 1998 τῆς
556 1938 806 2000 εἰσαγωγῆς,
840 1943 950 1986 unde
979 1943 1318 1988 Admissionales
1352 1946 1480 1989 vertit
1516 1946 1704 1994 eruditus

210 1997 431 2053 Interpres.
502 1998 756 2043 Huiusmodi
793 2000 893 2044 sunt
923 2000 1034 2055 apud
1071 2013 1144 2043 nos
1183 2001 1241 2044 les
1268 2001 1588 2053 Introducteurs
1632 2004 1704 2047 des

211 2054 562 2098 Ambassadeurs.

168 2118 199 2153 B
353 2109 706 2169 Ταρχανειώτης]
767 2114 894 2158 Cuius
939 2114 1132 2159 meminit
1185 2115 1366 2159 Zonaras
1420 2116 1463 2159 in
1510 2116 1702 2160 Romano

212 2168 410 2223 Diogene.

168 2234 198 2268 Β
345 2218 652 2284 Ἀρχοντικοῦ]
687 2220 930 2282 ᾎίρχοντες
969 2228 1140 2272 Graecis
1178 2229 1461 2284 Scriptoribus
1503 2230 1595 2273 aevi
1640 2243 1702 2273 se—

213 2282 382 2336 quioris,
403 2282 529 2326 iidem
558 2284 629 2339 qui
651 2286 804 2328 nostris
827 2284 1024 2329 Barones
1044 2286 1262 2329 dicuntur:
1292 2280 1576 2340 Ἀρχοντικόν
1606 2299 1701 2330 vero

210 2338 321 2382 idem
344 2339 462 2404 ,quod
490 2340 776 2396 Barnayium.
806 2343 856 2385 V.
885 2342 986 2386 Not.
1017 2343 1071 2386 ad
1101 2356 1195 2398 pag.
1218 2345 1312 2387 204.

168 2406 198 2440 B
354 2395 435 2451 Ecp’
488 2395 651 2448 ἵπποις
694 2398 958 2454 Θετταλοῖς]
1020 2400 1279 2444 Thessalicos
1324 2413 1450 2456 equos
1499 2401 1600 2444 olim
1656 2402 1700 2444 in

211 2452 343 2505 pretio
383 2453 510 2496 fuisse
553 2455 761 2498 annotant
790 2457 1003 2511 praeterea
1033 2457 1272 2500 Herodotus
1300 2458 1372 2501 lib.
1401 2458 1437 2500 7.
1485 2458 1619 2501 Varro
1651 2458 1701 2501 de

212 2508 273 2550 Re
302 2509 478 2552 Rustica
522 2511 593 2554 lib.
630 2513 667 2555 2.
714 2525 803 2567 cap.
834 2514 870 2556 7.
931 2513 1178 2557 Theocritus
1222 2511 1314 2557 Εἰό.
1350 2510 1416 2557 ιδ’.
1487 2514 1700 2570 Oppianus

211 2564 282 2607 lib.
302 2566 357 2630 1.),
372 2568 529 2622 Κυνηγ.
574 2568 765 2612 Lucanus
796 2570 867 2613 lib.
890 2571 928 2613 6.
959 2571 1001 2613 et
1031 2570 1117 2614 alii.

173 2632 198 2667 C
248 2669 260 2686 ἆ
341 2622 538 2687 Ἐξωθεν
570 2626 649 2667 τοῦ
678 2621 925 2682 σχήματος]
959 2627 1069 2670 Edit.
1090 2627 1306 2671 Hoeschel.
1340 2625 1514 2682 ἔξωθεν
1545 2626 1593 2671 δὲ
1619 2630 1698 2671 τοῦ

211 2691 441 2732 ευωνυμου
473 2679 667 2734 κέρατος.

0 2748 155 2796 Pag.13.
165 2750 198 2783 A
343 2728 708 2793 Ἐπισυρόμενον]
754 2740 919 2795 Equum
958 2741 1118 2784 scilicet
1156 2754 1202 2784 ex
1240 2741 1304 2794 iis,
1338 2755 1440 2797 quos
1473 2742 1507 2784 B
1539 2742 1697 2785 zantini

215 2791 421 2835 vocabant
464 2791 658 2849 Συρτοὺς
698 2809 768 2842 seu
813 2794 969 2854 Συρτά,
1017 2799 1066 2841 ut
1111 2798 1307 2842 docemur
1352 2813 1398 2843 ex
1444 2799 1500 2844 Co
1531 2799 1600 2843 ino
1648 2799 1698 2845 de
