1806 3132
38 641 127 688 Pag.
141 584 267 680 165}

234 714 267 750 D

46 2261 134 2309 Pag.
147 2264 226 2300 166.
235 2264 266 2300 Β

237 2443 267 2478 Β

243 2621 270 2657 C

278 218 360 262 552
794 228 972 264 GAROLI
1000 228 1240 265 DUGANGH

279 343 357 386 etc.
387 342 503 387 Idem
525 342 579 387 ad
599 343 871 398 Polemicum,
904 343 1042 388 Oarm.
1065 345 1128 388 14.
1167 344 1337 389 Videris
1359 349 1503 390 utrum
1520 353 1646 390 aures
1666 360 1763 401 quo-

277 401 477 444 rumdam
499 414 584 455 per
609 402 868 455 imperitiam
895 406 1043 445 temere
1069 403 1319 446 mentionem
1349 403 1493 456 centri,
1518 404 1763 458 proportio-

277 458 347 501 nis
375 458 682 512 diastematum,
718 459 944 512 climatum,
975 459 1039 502 vel
1069 460 1280 503 mirarum
1309 460 1580 516 epithalamio
1611 461 1765 505 condu-

277 515 442 559 cibilem
471 529 558 559 non
579 519 745 570 putent.

413 577 738 639 Ἀλεξανδρέως
766 580 944 642 λογικὴ]
977 584 1120 628 Editio
1149 585 1329 630 Hoesch.
1362 580 1699 642 Ἀλεξανδρέων.

416 636 724 698 Κατανάγκης]
754 643 933 686 Hoesch.
967 643 1185 693 Κατανᾶς.

415 706 740 767 Βαθυπώγων]
776 711 854 755 Vel
894 724 940 754 ex
969 712 1048 755 hoc
1076 711 1226 755 Annae
1254 712 1346 755 loco
1376 712 1580 756 coniicere
1607 714 1765 766 liceret,

278 767 547 811 Normannos
577 781 624 811 ea
653 768 901 824 tempestate
927 769 1102 813 barbam
1133 771 1371 824 nutrivisse,
1403 772 1598 827 quamvis
1624 786 1670 816 ex
1692 773 1766 816 ob-

278 824 456 868 servatis
486 825 539 868 ad
564 838 661 880 pag.
696 826 790 869 106.
820 826 869 868 ut
897 827 940 869 et
968 828 1152 870 caeteros
1183 828 1379 881 Francos,
1409 829 1587 872 barbam
1614 830 1765 873 rasisse

278 881 452 924 constet.
485 881 593 926 Sane
621 883 882 926 Richardum
909 884 942 926 I.
974 884 1262 928 Normanniae
1289 886 1448 929 Ducem
1485 886 1618 930 barba
1647 887 1762 930 eani-

272 938 370 992 fera
399 942 437 981 et
458 939 640 993 prolioea
668 940 920 984 honoratum
950 941 1141 997 depingit
1172 942 1293 985 Dudo
1323 942 1396 985 lib.
1419 944 1459 985 3.
1492 943 1543 987 de
1577 943 1766 987 Moribus

278 996 319 1038 et
356 995 452 1038 Act.
490 996 723 1040 Normann.
764 996 845 1040 Sed
882 999 924 1041 et
959 997 1182 1042 Ordericus
1219 999 1377 1043 Vitalis
1412 1000 1485 1043 lib.
1516 1001 1581 1043 11.
1622 1001 1677 1044 ad
1711 1000 1764 1043 A.

276 1061 410 1096 ΜΘΝ.
448 1053 571 1096 autor
606 1054 669 1096 est
703 1053 918 1097 Serlonem
955 1055 1197 1110 Sagiensem
1232 1056 1485 1112 Episcopum
1514 1058 1767 1112 persuasisse

278 1109 461 1152 Henrico
488 1110 522 1152 I.
551 1109 659 1166 Regi
686 1111 816 1166 Angl.
847 1111 1030 1155 Roberto
1060 1112 1116 1155 II.
1155 1112 1441 1157 Normanniae
1485 1114 1595 1157 Duci
1631 1115 1767 1157 caete-

278 1166 1766 1280 Ξῗᾳξὲῑῂῗὲᾞὲἒὲᾎθῗιῖ·θῗτέᾙὲὲἰῦῗιᾉέξῖἒὲἶῗῖἱῖἒὲὒέἒπῖἓῖἓὶῖἓῗ

277 1293 454 1334 quorum
475 1280 744 1334 petulantiae
772 1277 968 1326 sordibus
993 1283 1224 1337 fornicarii
1262 1287 1301 1327 et
1330 1286 1554 1328 catamitae
1582 1286 1764 1340 turpiter

276 1337 559 1380 maculantur.
610 1338 665 1381 Et
694 1338 829 1382 infra:
861 1339 1036 1384 Barbas
1063 1355 1165 1385 suas
1194 1341 1347 1385 radere
1375 1342 1576 1395 devitant,
1606 1356 1659 1385 ne
1678 1343 1767 1396 pili

276 1408 391 1459 suas·
406 1395 453 1437 in
483 1394 638 1438 osculis
667 1396 826 1440 amicas
850 1399 1037 1451 praecisi
1076 1402 1275 1454 punyant
1305 1402 1344 1442 et
1372 1401 1498 1443 setosi
1529 1399 1766 1465 Saracenos

273 1464 499 1551 '5²53ng
513 1452 1767 1567 {iffi‘Z'Zr²{?3?⁰{u{²⁹i²t‘lfi⁹f}r10Xuirffitsssssstttiassssiffi

275 1565 507 1608 Robertum
538 1578 585 1609 ex
615 1567 812 1622 concepto
843 1568 955 1621 voto,
986 1582 1058 1612 seu
1086 1570 1227 1624 potius
1269 1570 1546 1623 sacramento,
1591 1571 1766 1614 barbam

275 1621 526 1680 nutrivisse:
570 1622 657 1666 Per
697 1625 887 1668 animam
918 1626 1067 1679 patris
1107 1627 1189 1670 mei
1221 1626 1432 1670 Tancredi
1474 1628 1581 1679 iuro,
1627 1627 1767 1682 inquit

276 1679 497 1731 Robertus‚
531 1683 569 1722 et
600 1680 675 1724 hoe
705 1681 982 1726 iureiurando
1012 1683 1131 1727 vobis
1162 1697 1317 1736 assero,
1338 1685 1449 1738 quod
1478 1684 1608 1727 donee
1625 1699 1765 1727 rever-

275 1749 348 1778 sus
376 1735 435 1778 ad
463 1749 535 1778 vos
557 1736 692 1793 fuero,
722 1752 809 1781 non
840 1743 941 1782 utar
971 1739 1131 1796 balneo,
1162 1740 1296 1784 barba
1315 1754 1419 1784 vmea
1456 1755 1544 1784 non
1576 1742 1763 1793 radetur,

275 1805 406 1847 neque
433 1795 641 1837 caesaries
668 1795 774 1838 mihi
802 1796 1106 1840 tonsurabitur.
1168 1797 1290 1841 Unde
1320 1810 1573 1854 consequens
1601 1798 1768 1842 videtur

276 1849 508 1893 Robertum
539 1851 715 1895 barbam
746 1853 871 1896 antea
900 1854 1062 1906 rasisse,
1096 1867 1226 1910 eoque
1253 1855 1517 1898 sacramento
1547 1854 1694 1898 Gallos
1726 1855 1768 1898 et

276 1906 459 1949 Francos
490 1908 648 1951 veteres
678 1909 910 1963 imitatum,
941 1911 1092 1965 quibus
1122 1911 1166 1953 in
1196 1924 1311 1955 more
1340 1912 1442 1964 erat,
1484 1912 1533 1954 ut
1563 1911 1666 1955 victi
1697 1924 1768 1954 co-

276 1976 403 2016 mam,
436 1964 511 2006 aut
540 1965 715 2010 barbam
746 1967 937 2022 squalere
978 1968 1269 2022 permitterent
1314 1981 1388 2011 nec
1418 1968 1517 2012 ante
1559 1968 1767 2012 novacula

277 2032 370 2062 eam
399 2020 606 2074 raderent,
637 2023 712 2066 aut
744 2024 955 2080 ornarent,
985 2037 1114 2079 quam
1145 2037 1188 2068 se
1224 2025 1274 2068 de
1303 2025 1425 2068 hoste
1459 2025 1766 2069 vindicassent:

278 2076 389 2130 quod
430 2077 608 2121 tradunt
653 2080 826 2123 Tacitus
867 2080 942 2124 lib.
961 2082 1000 2124 4.
1036 2081 1149 2124 Hist.
1183 2077 1225 2124 et
1249 2082 1322 2125 lib.
1355 2081 1406 2124 de
1447 2082 1595 2125 morib.
1628 2081 1768 2125 Germ.

279 2132 420 2176 Sidon.
449 2134 521 2177 lib.
545 2135 581 2179 1.
613 2136 746 2191 Epist.
769 2138 807 2181 2.
837 2136 1185 2193 Gregor.'1'uron.
1215 2139 1289 2182 lib.
1310 2139 1349 2182 5.
1379 2138 1494 2182 Hist.
1525 2152 1613 2194 cap.
1637 2139 1703 2181 15.
1725 2138 1767 2182 et

277 2189 438 2233 Paulus
467 2191 585 2235 Diac.
612 2192 685 2237 lib.
707 2194 746 2237 3.
778 2194 829 2237 de
862 2193 976 2238 Gest.
1003 2195 1191 2251 Longob.
1223 2208 1312 2250 cap.
1335 2195 1374 2238 7.

413 2255 545 2301 Μετὰ
591 2285 643 2290 -
686 2261 767 2303 τοῦ
797 2255 1011 2317 Κὸμητος
1042 2261 1310 2318 Βρυεννίου]
1356 2259 1417 2306 At
1460 2239 1608 2306 contra·
1642 2276 1769 2318 supra

278 2327 375 2369 pag.
402 2315 495 2360 154.
537 2317 599 2359 ait
629 2317 754 2362 Anna
784 2319 987 2361 Brienum
1015 2319 1168 2363 adduci
1209 2333 1294 2363 non
1337 2319 1534 2375 potuisse,
1578 2320 1628 2363 ut
1672 2333 1765 2363 cum

280 2372 454 2415 caeteris
474 2373 653 2427 perfidis,
675 2375 742 2418 vel
768 2375 1015 2431 transfugis,
1037 2377 1082 2419 in
1102 2377 1243 2431 partes
1259 2376 1530 2432 Imperatoris
1550 2376 1763 2420 transiret.

410 2435 626 2498 Ἑβδόμης
656 2438 984 2499 ἕπινεμήσεως]
1034 2444 1191 2487 Incidit
1234 2444 1372 2500 prima
1407 2445 1649 2488 Decembris
1695 2445 1767 2488 In-

280 2496 593 2596 &3325VH'
637 2500 683 2543 in
719 2499 772 2544 A.
818 2499 914 2544 Chr.
963 2511 1209 2555 MLXXXIH,
1240 2514 1326 2557 qua
1371 2501 1497 2545 Anna
1539 2501 1585 2544 in
1628 2502 1766 2545 lucem

414 2620 685 2680 Πορφύραν]
724 2625 954 2682 Porphyra,
987 2639 1059 2670 seu
1089 2626 1297 2682 Purpura,
1330 2626 1580 2669 Triclinium
1609 2625 1692 2670 fuit
1721 2626 1765 2668 in

281 2677 438 2732 Magno
467 2680 650 2734 Palatio,
681 2681 817 2725 forma
851 2683 1071 2737 quadrata,
1114 2683 1168 2727 ad
1199 2683 1468 2749 Bucoleontis
1504 2683 1689 2749 portum,
1721 2695 1768 2726 ex

282 2739 716 2838 marm‘ssffiuimfflss
745 2739 895 2840 ⁰332?
923 2740 1223 2841 issiffssrt‘ffuiss’
1249 2739 1586 2841 ssssssaffss'ffl
1616 2752 1769 2840 {iffi

281 2803 422 2890 iiliaffii
446 2825 505 2892 ’111
536 2863 585 2894 ea
615 2850 773 2895 Palatii
816 2854 935 2908 parte
967 2831 1231 2898 excaecatum
1276 2854 1454 2899 tradunt
1484 2853 1766 2910 Theophanes,
1801 2914 1803 2916 Ι
