1768 3152
436 198 439 200 ’
470 192 475 194 ’
502 180 789 252 ‘nimirums
820 177 916 250 Lm.
947 216 994 250 x.
1029 207 1067 251 2.
1522 206 1549 252 5

157 338 198 381 2.
261 330 392 380 Οῧτω
434 332 517 389 μὲν
555 322 642 376 οὖν
686 327 843 387 ὥσπερ
884 346 954 383 τις
995 324 1172 388 ἆγαθὸς
1215 328 1485 389 κυβερνήτης
1523 329 1548 376 ὅ

41 399 331 462 αὗτοκράτωρ
375 399 456 455 τὰς
502 395 866 460 ἆλλεπαλλήλους
910 400 1002 443 τῶν
1044 395 1254 455 κυμάτων
1305 398 1555 458 ἐπιδρομὰς

43 468 201 530 ὥσπερ
228 467 547 529 διανηξάμενος
582 468 659 512 καὶ
687 464 860 528 πολλὴν
888 461 1264 524 ἅποκλυσάμενος
1305 464 1447 526 ἅλμην
1475 470 1555 529 τῆς

44 539 306 599 οἰκουμένης
346 539 422 584 καὶ
461 536 517 583 τὰ
552 535 664 582 κατὰ
702 534 785 598 τὴν
822 536 1054 596 ἐκκλησίαν
1083 528 1133 581 εὖ
1170 537 1439 595 διαθέμενος
1478 538 1550 583 ἐπ’

10 603 138 662 5ἆ’λλ’
166 600 280 653 ἅττα
308 605 447 653 πάλιν
489 603 659 664 πελάγη
706 605 920 663 πολέμων
964 605 1035 650 καὶ
1071 603 1294 663 θορύβων
1330 603 1553 664 ἐπάγεται.

44 675 116 724 dei
143 675 226 736 γὰρ
253 676 409 735 ἕτερον
451 676 522 736 ἐφ’
552 673 690 734 ἑτέρῳ
729 674 1010 732 προσίστατο
1051 676 1126 720 καὶ
1170 672 1381 721 θάλασσά
1418 692 1555 736 φασιν

48 748 127 793 ἐπὶ
169 743 379 806 θαλάσσῃ
418 746 492 790 καὶ
535 741 745 802 ποταμὸς
782 746 931 788 κακῶν
969 743 1047 789 ἐπὶ
1091 746 1306 804 ποταμῷ,
1351 742 1415 799 ὦς
1452 745 1554 804 μηδ’

44 811 260 861 ἀναπνεῖν
286 815 364 861 ἐᾶν
392 812 445 859 τὰ
475 815 560 859 τοῦ
603 809 740 871 λόγου
780 810 863 857 τόν
890 812 1077 868 βασιλέα
1111 814 1212 872 μηδ’
1245 811 1460 871 ἕπιμύσαι
1499 810 1556 857 τὰ

43 885 257 945 βλέφαρα.
312 880 394 928 κῖὶν
424 881 554 943 ἡμεῖς
581 879 776 941 σταγόνα
803 879 980 940 μικράν,
1013 877 1144 928 εἶπεν
1174 877 1229 927 ι’ίν
1256 900 1325 937 τις
1352 880 1601 943 εἶκότως,Β

0 953 95 1002 [oen
124 954 205 998 τοῦ
234 949 545 1010 Ἀδριαντικοῠ
575 949 797 1010 πελάγους
828 946 1146 1010 ἀνιμησάμεθα
1187 947 1312 1010 ὀλίγα
1340 954 1431 996 τῶν
1459 953 1555 996 κατ’

49 1020 196 1068 ἐκεῖνο
226 1023 384 1079 καιροῦ
413 1021 741 1079 πεπραγμένων
769 1022 834 1079 τῷ
855 1021 1034 1076 βασιλεῖ
1052 1017 1414 1079 περιγράψαντες
1441 1021 1555 1077 μᾶλ-

48 1092 128 1136 λον
154 1087 184 1151 ἢ
210 1086 475 1149 γράψαντες,
523 1085 620 1134 ἄλλ’
667 1089 838 1142 ἐκεῖνος
880 1085 1064 1145 α’ντέσχε
1108 1087 1228 1147 πρὸς
1267 1087 1445 1135 ἅπαντα
1482 1087 1559 1134 κύ-

47 1157 167 1218 ματά
185 1176 235 1204 τε
260 1159 334 1205 καὶ
354 1156 592 1213 κλύδωνας,
625 1157 713 1212 ἕως
732 1157 812 1218 τὴν
830 1160 910 1219 τῆς
927 1158 1156 1214 βασιλείας
1175 1153 1559 1217 οὐριοδρομοῦσαν

47 1233 154 1274 ναῦν
182 1226 248 1283 εἷς
278 1230 457 1287 λιμένας
484 1223 731 1281 ἇκλύστους
760 1227 973 1286 ὁρμίσειε.
1033 1228 1107 1273 καὶ
1149 1228 1219 1282 τίς
1257 1224 1311 1272 ἣν
1340 1224 1370 1272 ἲ
1407 1232 1558 1287 Δημο-

0 1311 36 1347 ι5
47 1298 242 1352 σθένους
268 1294 362 1360 ἧχώ
392 1294 423 1359 ἢ
451 1298 603 1357 ῥοῖζος
621 1297 898 1354 Πολέμωνος
917 1293 944 1357 ἢ
960 1294 1189 1356 Ὁμηρικαὶ
1210 1300 1352 1343 πᾶσαι
1375 1300 1558 1343 Μοῦσαι

46 1364 104 1411 τὰ
117 1367 271 1427 ἐκείνῳ
285 1366 625 1423 κατωρθωμένα
642 1363 760 1423 πρὸς
767 1360 894 1421 ἇξίαν
907 1362 1171 1426 ὑμνήσειανς
1191 1363 1275 1424 ἐγώ
1289 1366 1327 1410 δ’
1342 1362 1396 1410 ἂν
1408 1367 1557 1426 φαίην,

48 1430 142 1480 οὐδ’
172 1432 227 1480 ἷὶν
254 1431 391 1488 αὖτός
412 1432 611 1481 Πλάτων
639 1436 731 1480 οὐδ’
763 1431 818 1479 ι’ὶν
848 1431 1060 1491 ξύμπασα
1088 1432 1202 1480 στοὰ
1231 1435 1305 1479 καὶ
1332 1429 1556 1494 ἅκαδημία

49 1502 114 1557 εἷς
138 1500 277 1549 ταῦτὸ
316 1505 658 1563 ξυνεληλυθυῖαι
694 1510 929 1562 προσῆκον
957 1506 1038 1564 τῆς
1073 1503 1243 1548 ἐκείνου
1275 1506 1423 1565 ψυχῆς
1459 1504 1558 1563 ἔφι-

50 1570 321 1634 λοσόφησαν.
350 1570 490 1633 μήπω
514 1570 595 1631 γὰρ
614 1573 914 1629 παυσαμένων
932 1574 1022 1616 τῶν
1036 1569 1269 1630 χειμώνων
1289 1572 1470 1618 ἐκείνων
1484 1572 1558 1617 καὶ
1570 1584 1598 1621 c

0 1645 141 1694 ιοτῶν
159 1638 467 1687 πολυπλόκων
490 1642 704 1699 πολέμων
719 1642 838 1700 μηδὲ
866 1644 947 1686 τοῦ
975 1638 1201 1695 κλύδωνος
1228 1636 1559 1702 ἅφυβρίσαντος
1569 1649 1614 1689 V.
1641 1650 1715 1686 215

190 1749 223 1783 1.
247 1750 460 1794 κυβερνίιης
483 1747 527 1783 F.
667 1748 702 1783 5.
726 1743 819 1782 ἄλλα
844 1745 889 1782 τὰ
915 1746 957 1793 P,
982 1748 1142 1783 correxi.
1242 1743 1357 1783 πάλιν
1380 1758 1455 1783 om.
1482 1746 1555 1783 CG.

187 1798 222 1833 6.
250 1795 315 1843 ἐφ’
340 1796 495 1842 scripsi:
524 1793 592 1843 ὑφ’
617 1795 660 1832 Ρ.
759 1795 873 1842 ἑτέρω
899 1795 941 1840 F,
967 1795 1095 1842 ἑτέρου
1119 1795 1160 1831 P.
1343 1797 1379 1831 8.
1406 1795 1475 1832 ἐᾶν
1498 1794 1558 1842 τὸ]

189 1846 233 1882 ἐν
257 1841 358 1891 αι’·τῷ
384 1844 457 1880 CG.
608 1845 643 1880 9.
669 1844 809 1892 πικρὰν
833 1844 877 1880 G.
1033 1846 1090 1880 11.
1118 1844 1240 1880 ἐκεῖνο
1270 1843 1312 1887 F,
1347 1845 1492 1880 ἐκείνου
1518 1843 1558 1879 P.

189 1891 492 1942 περιγράψαντες
529 1894 681 1939 scripsi:
724 1887 1047 1940 παραγράψαντες
1070 1893 1111 1928 Ρ.
1319 1893 1377 1929 12.
1412 1891 1488 1938 πρὸ
1514 1892 1558 1928 G.

191 1945 249 1979 15.
274 1942 466 1990 Ὁμηρικαὶ
491 1945 554 1977 καὶ
580 1942 625 1978 A.
795 1943 852 1977 16.
879 1942 1024 1977 ἐκείνου
1047 1941 1091 1976 G.
1257 1943 1313 1978 18.
1342 1940 1453 1977 ταυτὸ
1479 1940 1557 1984 FA,

188 1990 324 2028 ταυτὸν
347 1991 389 2027 P.
480 1992 754 2035 ξυνεληλυθυΐαι
781 1990 824 2036 F,
851 1992 1133 2035 συνεληλυθυῖαι
1160 1989 1237 2026 ΡΑ.
1473 1989 1561 2037 ἐφι-

189 2037 459 2088 λοσόφησανη
488 2039 530 2075 F.
822 2041 879 2075 19.
906 2039 1061 2075 ἐκείνων
1092 2065 1102 2075 .
1122 2065 1131 2074 .
1150 2065 1160 2075 .
1190 2038 1291 2087 μηδὲ
1316 2038 1383 2073 τοῦ
1416 2049 1490 2074 om.
1515 2037 1559 2074 G.

190 2091 250 2126 20.
278 2088 573 2138 ἀφυβρίσαντος]
597 2084 860 2135 ἡσυχάσανιος
883 2087 957 2124 CG.

152 2175 188 2210 2.
236 2172 298 2209 112
332 2173 542 2220 imperator
574 2173 618 2207 ut
649 2170 887 2217 gubernator
919 2170 1046 2207 bonus
1081 2169 1238 2206 crebros
1274 2169 1466 2206 undarum
1503 2169 1562 2205 in·

54 2234 189 2260 cursus
212 2221 323 2268 quasi
345 2221 536 2258 eluctatus
553 2222 757 2265 vastosque
785 2219 918 2255 mundi
942 2222 1070 2255 aestus
1094 2230 1267 2255 emensus
1293 2218 1563 2255 ecclesiasticis

56 2271 172 2308 rebus
199 2271 358 2318 iusuper
388 2271 487 2306 bene
517 2268 736 2306 constitutis
770 2269 811 2304 in
836 2269 910 2304 alia
933 2280 1066 2305 rursus
1090 2268 1280 2304 bellorum
1312 2268 1562 2304 tumultuum-

57 2331 132 2366 que
155 2320 278 2356 maria
302 2319 489 2356 defertur.
539 2317 723 2353 contiuuo
754 2317 855 2353 enim
896 2316 999 2353 aliud
1035 2320 1126 2363 post
1159 2316 1264 2353 aliud
1298 2316 1484 2352 successit
1522 2317 1563 2351 et

57 2380 163 2405 mare
187 2369 285 2404 mari
310 2370 355 2404 ut
379 2367 513 2404 dicunt
544 2366 762 2412 flumenque
800 2367 987 2402 malorum
1024 2365 1181 2402 flumine
1206 2365 1480 2412 excipiebatur,
1517 2367 1562 2399 ut

57 2417 270 2464 imperator
294 2428 344 2454 ne
370 2416 561 2463 respirare
586 2415 740 2461 quidem
757 2415 817 2451 vel
834 2415 1010 2451 conivere
1027 2417 1169 2461 posset.
1216 2416 1332 2461 atque
1362 2414 1455 2450 licet
1478 2424 1562 2458 nos,

57 2469 102 2502 ut
130 2466 235 2504 dicet
257 2466 340 2502 iure
365 2465 515 2512 aliquis,
539 2475 697 2510 parvam
715 2463 830 2499 modo
847 2463 989 2500 stillam
1015 2475 1036 2499 e
1059 2463 1156 2499 mari
1172 2462 1372 2498 Adriatico
1394 2461 1563 2498 hauseri-

58 2526 143 2551 mus
166 2526 308 2562 paucas
331 2525 462 2550 rerum
487 2513 535 2549 ab
561 2513 791 2559 imperatore
808 2515 903 2548 tunc
918 2515 1114 2559 gesturum
1139 2511 1409 2548 adumbrantes
1433 2510 1564 2556 potius

58 2575 172 2608 quam
208 2563 480 2607 describentes,
518 2562 694 2598 omnibus
728 2564 855 2597 tamen
888 2561 954 2597 ille
986 2560 1167 2596 fluctibus
1193 2559 1380 2606 undisque
1406 2558 1563 2603 restitit,

60 2613 183 2649 donec
206 2612 317 2658 regni
342 2623 476 2647 navem
504 2610 670 2646 secundo
695 2612 810 2646 vento
836 2622 943 2646 usam
968 2609 1018 2645 ad
1044 2612 1150 2645 tutos
1175 2612 1310 2655 portus
1340 2607 1562 2654 appelleret.

59 2660 494 2747 flffmssffiffiffi
496 2659 693 2743 {¹1:333
694 2658 1239 2754 ἷῑξίἓῗέἶέιῗὲἓζὲῖῗᾞὲ
1241 2659 1302 2742 ἳέ
1303 2668 1402 2752 ‘3233
1403 2656 1564 2751 1ᾳὲἲὲἓὲ

61 2758 193 2805 Plato,
217 2770 290 2795 nec
314 2758 348 2794 si
372 2760 456 2793 stoa
485 2769 572 2793 cum
595 2755 790 2793 academia
813 2756 1027 2803 conspiret,
1062 2753 1323 2801 philosophari
1356 2753 1566 2800 quidquam

63 2807 168 2854 quod
193 2808 275 2844 eius
299 2806 419 2842 menti
443 2807 739 2842 consentaneum
766 2805 818 2840 sit
842 2808 995 2851 queant.
1038 2803 1177 2840 etenim
1193 2802 1363 2840 nondum
1386 2801 1566 2849 procellis

0 2875 1 2878 ¹
62 2856 139 2892 illis
158 2856 351 2903 variisque
367 2855 479 2892 bellis
495 2854 717 2900 compositis
734 2852 993 2900 fluctibusque
1007 2852 1149 2889 sedatis
1166 2852 1314 2899 ingruit
1330 2853 1369 2887 in
1388 2862 1474 2887 eum
1492 2849 1567 2886 alia
