1806 3132
536 229 591 264 m
618 226 907 264 ALEXIADEM
935 229 1100 264 NOTAE
1478 223 1561 266 541

77 343 190 400 quod
218 356 293 399 pro
322 343 503 387 officinis
539 343 758 386 solvebant
796 343 1061 395 mercatores,
1106 343 1150 386 in
1189 344 1429 400 Diplomate
1472 346 1563 390 An-

76 400 238 444 dronici
278 401 385 456 Imp.
429 399 543 455 apud
586 400 819 443 Phranzem
864 399 937 443 lib.
958 401 996 442 3.
1034 412 1123 455 cap.
1144 401 1212 443 24.
1252 402 1364 456 quod
1408 403 1562 446 nostris

76 456 347 513 Stallayium.
422 456 580 500 Charta
610 455 885 500 Communiae
925 457 1042 499 urbis
1073 456 1115 500 S.
1146 457 1338 511 Quintini
1366 459 1411 501 in
1431 460 1563 503 Vero-

76 514 272 557 manduis
301 513 412 568 apud
432 513 708 556 Hemereum:
738 512 939 567 Quisquis
966 513 1014 555 in
1037 513 1181 566 forum
1199 515 1369 566 venerit,
1390 515 1563 559 stallum

74 584 198 613 suum
225 574 410 614 statuere
432 571 584 624 possit,
615 570 690 612 ubi
718 573 877 612 terram
905 583 1083 612 vacuam
1122 572 1325 624 repererit
1361 585 1563 628 suumque

75 627 211 670 solvat
238 626 500 683 stallayium.
558 626 781 681 Philippus
809 625 1010 669 Mouskes
1038 626 1083 668 in
1115 626 1371 682 Chilperico:

480 682 530 727 Si
558 683 652 726 leur
679 683 825 726 donna
854 682 893 725 le
920 683 1106 737 vienaqe,

476 739 568 783 Des
595 739 671 782 ne's
698 743 737 782 et
764 742 854 782 tout
883 739 920 782 le
939 744 1182 795 pontenaye

479 796 543 839 Et
570 795 788 851 l'estalaye
815 799 854 839 et
883 795 942 838 les
970 797 1178 840 merciers.

207 847 327 896 ’Λπὸ
358 854 438 912 τῆς
465 848 698 918 Ἑβραϊκῆς
726 847 923 907 Σκάλας]
958 852 1190 906 Quemdam
1211 852 1467 898 CPolitanae
1491 864 1608 900 ur-D

75 910 141 953 bis
167 910 440 965 angiportum
477 910 743 965 asmgnatum
772 909 814 952 et
851 922 1092 974 concessum
1113 910 1284 953 Venetis
1324 912 1378 954 ab
1415 911 1562 954 Alexio

75 966 204 1010 refert
232 966 424 1011 Cinnam.
452 967 526 1010 lib.
548 968 588 1009 6.
618 966 671 1009 N.
696 967 762 1008 10.
794 979 917 1020 quem
955 965 1160 1020 Εμβολον
1189 980 1215 1010 a
1244 968 1391 1011 multis
1421 968 1564 1023 appel-

74 1023 212 1066 latum
242 1023 318 1076 ait,
349 1023 458 1067 forte
487 1022 598 1079 quod
627 1023 734 1066 esset
764 1035 813 1065 ea
842 1023 957 1065 urbis
977 1036 1074 1077 pars
1102 1024 1332 1078 porticibus
1351 1026 1562 1077 exornata,

75 1080 310 1123 cuiusmodi
339 1080 483 1123 variae
511 1080 632 1123 erant
650 1078 779 1122 CPoli
809 1080 987 1134 sparsim
1016 1079 1062 1122 in
1090 1081 1284 1123 omnibus
1303 1094 1406 1136 pene
1425 1082 1564 1137 regio-

75 1137 210 1188 nibus,
240 1150 345 1192 quas
376 1132 593 1191 ἐμβόλους
621 1136 751 1192 vulgo
779 1136 1062 1190 appellabant.
1120 1137 1232 1180 Nam
1261 1138 1304 1180 et
1332 1133 1559 1191 ἐμβόλους,

73 1205 147 1236 seu
176 1193 386 1248 Porticus,
421 1193 691 1244 Troadenses,
729 1192 946 1245 Domnini,
984 1193 1198 1246 Fanionis,
1240 1194 1408 1247 Eubuli,
1447 1195 1563 1238 Mar-

75 1249 201 1306 ciani,
244 1250 520 1303 Arcadianas,
573 1249 744 1305 Regias,
788 1249 1204 1305 Argyropratiorum,
1249 1250 1407 1304 Novae,
1450 1251 1562 1304 Fori,
1612 1288 1615 1290 .

75 1305 235 1350 Palatii
279 1307 360 1350 etc.
388 1307 545 1362 passim
573 1306 731 1349 habent
765 1305 999 1360 Scriptores
1037 1306 1073 1348 B
1105 1308 1217 1350 zant.
1246 1307 1394 1350 Isidor.
1425 1307 1561 1351 Gloss.

73 1362 276 1416 Imbulus,
295 1364 349 1407 ab
368 1363 638 1418 ambulando,
659 1362 1015 1406 Ambulatorium.
1099 1364 1237 1418 apias:
1266 1363 1424 1407 Imbuli
1443 1365 1559 1417 dicti,

73 1419 138 1462 vel
180 1421 282 1474 quia
325 1421 401 1464 sub
442 1420 652 1464 volumine
680 1423 792 1472 sunt,
834 1419 898 1462 vel
927 1420 1028 1474 quia
1058 1420 1134 1462 sub
1178 1420 1246 1463 his
1273 1421 1561 1464 ambulamus.-

73 1480 174 1519 sunt
200 1477 311 1520 enim
330 1477 577 1532 platearum
595 1477 793 1531 porticus
822 1475 920 1519 hinc
951 1477 1063 1519 inde.
1132 1476 1202 1520 Sic
1231 1478 1375 1520 autem
1405 1477 1561 1521 Cinna—

74 1546 182 1585 mus,
211 1546 259 1577 eo
288 1534 394 1587 loco,
424 1534 498 1577 ubi
525 1533 817 1576 immunitates
836 1534 878 1575 et
898 1533 1118 1589 privilegia
1133 1534 1305 1577 Venetis
1333 1535 1386 1577 ab
1412 1534 1559 1578 Alexio

74 1591 243 1644 propter
270 1591 520 1645 praestitum
551 1590 661 1633 bello
692 1590 838 1633 contra
859 1590 1091 1633 Robertum
1119 1590 1322 1633 auxilium
1365 1603 1559 1634 concessa

73 1649 398 1690 commemorat:
439 1636 581 1697 Οὗτος
605 1644 792 1716 Ἀλεξίῳ
822 1644 935 1689 ποτὲ
966 1646 1153 1689 Βασιλεῖ
1180 1649 1307 1702 χεῖρα
1334 1642 1561 1702 παρασχό-

70 1718 197 1756 μενοι
225 1699 468 1758 σύμμαχον,
500 1699 692 1760 ὁπηνίκα
726 1699 989 1757 Ρόμπερτος
1018 1701 1185 1754 ἐκεῖνος
1216 1702 1266 1756 ἐξ
1284 1702 1465 1755 Ἰταλίας
1484 1702 1562 1746 ἐπὶ

70 1756 319 1826 Δυρράχιον
337 1757 532 1815 μεταβὰς
551 1755 806 1814 ἐπολιόρκει
823 1757 902 1818 τὴν
921 1759 1080 1814 χώραν,
1097 1753 1285 1816 ἀμοιβῆς
1301 1757 1560 1816 τυγχάνουσι

70 1818 149 1885 τῆς
176 1816 319 1873 αλλης,
356 1816 430 1883 καὶ
457 1816 510 1873 δὴ
539 1817 611 1860 καὶ
647 1814 881 1868 στενωπὸς
910 1811 1069 1868 αὐτοῖς
1106 1815 1151 1860 ἐν
1179 1816 1406 1874 Βυζαντίῳ
1442 1810 1561 1860 ἄπο-

71 1888 267 1927 τετακτο,
311 1867 363 1917 ὃν
386 1867 616 1929 Ἔμβολον
645 1869 935 1928 ὀνομάζουσιν
964 1869 1006 1916 οἶ
1039 1873 1212 1924 πολλοὶ,
1238 1870 1369 1928 μόνοι
1394 1889 1443 1916 τε
1470 1875 1560 1916 τῶν

71 1926 291 1973 ἁπάντων
319 1927 393 1974 διὰ
422 1931 555 1974 τοῦτο
587 1930 678 1973 κατ’
710 1928 933 1985 ἐμπορίαν
962 1926 1146 1981 δεκάτας
1165 1925 1311 1973 οὖδενὶ
1334 1926 1560 1985 Ῥωμαίων

71 1985 360 2041 παρέσχοντο.
420 1987 511 2041 Quo
539 1984 732 2042 ἐμβόλου
763 1988 967 2031 vocabulo
989 2000 1072 2030 non
1092 1989 1182 2030 tam
1202 1987 1409 2040 Porticus,
1431 2000 1558 2042 quam

71 2045 190 2088 urbis
218 2044 368 2099 portio,
398 2057 470 2088 seu
485 2045 601 2100 regio
632 2044 726 2101 (nos
745 2045 934 2099 quartier
951 2043 1147 2100 dicimus)
1177 2044 1445 2098 intelligitur.
1489 2044 1559 2087 Ita

73 2101 203 2144 etiam
229 2101 397 2144 Pisanis
424 2101 648 2145 foederatis
678 2102 958 2156 Imperatores
980 2100 1435 2155 Constantinopolitani
1452 2099 1557 2143 Em-

72 2157 211 2201 bolum
237 2159 280 2201 et
308 2157 460 2202 Scalas
490 2159 792 2210 concesserant,
836 2157 948 2212 quod
993 2157 1252 2209 Caloioanni,
1292 2170 1364 2200 seu
1407 2156 1557 2200 Ioanni

72 2213 283 2258 Comneno
326 2215 559 2258 adscribere
602 2215 799 2258 videntur
842 2214 1029 2256 Annales
1074 2214 1324 2257 Pisanorum
1367 2213 1471 2255 editi
1502 2213 1556 2256 ab

71 2270 251 2326 Ughello
282 2271 400 2315 Tom.
425 2273 465 2315 3.
496 2272 648 2315 Italiae
678 2271 844 2315 Sacrae.
900 2271 1018 2313 Haec
1048 2270 1156 2313 enim
1183 2271 1228 2312 in
1258 2270 1389 2313 veteri
1408 2269 1557 2324 Diplo-

70 2328 185 2370 mate
212 2327 267 2370 A.
295 2338 464 2371 MCLXI.
494 2329 607 2383 quod
653 2328 706 2371 ab
751 2327 893 2371 eodem
923 2327 1103 2382 Ughello
1146 2327 1191 2369 in
1224 2325 1556 2380 Archiepiscopis

71 2384 239 2427 Pisanis
267 2398 364 2441 pag.
381 2386 479 2428 466.
525 2386 717 2437 refertur,
760 2384 964 2439 legimus:
1010 2382 1107 2425 Tibi
1137 2383 1365 2426 Benedicta
1406 2382 1555 2425 dilecto

66 2440 201 2494 fratri
228 2442 450 2496 recipienti
477 2442 526 2484 in
553 2442 641 2485 vice
670 2441 854 2484 Ioannis
884 2439 1085 2494 Operarii
1113 2440 1252 2493 operis
1270 2438 1458 2482 Pisanae
1472 2437 1556 2481 Ec-

69 2497 220 2540 clesiae
247 2497 292 2542 S.
322 2498 499 2541 Mariae
518 2512 605 2552 pro
636 2498 724 2541 loco
754 2497 891 2551 ipsius
920 2497 1061 2550 operis
1099 2496 1252 2539 damus
1280 2499 1318 2538 et
1346 2496 1553 2538 irrevoca-

73 2553 215 2596 biliter
243 2555 504 2598 concedimus
529 2554 756 2606 Ecclesias,
797 2553 987 2596 videlicet
1013 2552 1238 2595 Embolum
1266 2555 1305 2595 et
1338 2551 1489 2595 Scalas
1515 2555 1555 2595 et

70 2609 284 2654 Stateram
312 2625 419 2666 quac
445 2615 546 2655 sunt
587 2613 635 2654 in
666 2609 1036 2663 Constantinopoli
1077 2613 1115 2651 et
1142 2612 1243 2652 sunt
1281 2608 1334 2651 ab
1363 2607 1554 2662 Impera·

70 2670 159 2710 tore
199 2668 318 2722 open·
345 2667 529 2712 Sanctae
556 2668 732 2711 Mariae
767 2680 961 2709 concessa
990 2667 1067 2709 etc.
1140 2665 1282 2720 Atque
1325 2666 1447 2708 ineo
1478 2665 1555 2707 Di-

71 2723 256 2778 plomate
284 2724 515 2768 Embolani
548 2725 747 2767 dicuntur
774 2723 931 2774 Pisani,
970 2722 1043 2777 qui
1073 2722 1295 2765 Embolum
1326 2721 1457 2764 istum
1487 2722 1555 2763 in-

71 2780 278 2833 colebant,
322 2783 398 2824 aut
442 2783 553 2824 certe
596 2781 747 2835 quibus
786 2779 952 2822 Emboli
997 2778 1258 2833 praefectura
1300 2777 1554 2821 demandata

71 2837 186 2881 erat:
226 2837 303 2882 Ita
328 2842 377 2881 ut
420 2852 551 2894 neque
592 2836 948 2891 Arclziepiscopus
983 2849 1115 2891 neque
1159 2834 1359 2879 Consules
1399 2833 1554 2878 Pisani
