1806 3132
277 191 360 236 650
795 203 972 239 cARom
1003 204 1241 240 DUGANGII

230 321 261 357 Β
405 311 523 360 Ἀπὸ
556 312 745 374 Μὸκρου
799 319 1038 374 Achridem,
1070 334 1141 364 seu
1171 321 1328 374 urbem,
1360 320 1426 365 vel
1454 321 1650 377 paludem
1681 336 1754 378 op-

271 374 368 430 pido
396 375 668 429 adiacentem,
707 389 732 419 a
810 389 904 420 ocro
944 378 1227 434 Bulgarorum
1273 379 1386 434 Rege
1431 379 1750 434 appellationem

271 432 495 487 sumpsisse
537 432 734 476 docemur
777 447 823 476 ex
853 434 991 477 Anna.
1062 435 1122 477 At
1153 435 1488 491 Theophylactus
1530 437 1662 491 Epist.
1685 438 1751 480 65.

271 489 315 531 in
346 502 428 543 qua
456 489 687 532 Boemundi
718 490 992 545 irruptionem
1027 492 1071 533 in
1102 491 1318 547 Illyricum
1365 492 1523 548 narrat,
1568 493 1751 536 tractum

272 545 519 589 Achridensi
547 546 722 601 regioni,
753 547 819 590 vel
849 547 955 600 urbi,
988 548 1306 605 conterminum,
1339 544 1527 603 Μάκρον
1568 550 1753 605 appella-

271 603 362 644 tum
395 603 578 646 testatur
606 603 718 647 hisce
745 604 894 655 verbis,
937 618 1042 659 quae
1082 605 1174 648 ideo
1209 606 1276 648 hic
1307 606 1467 657 damus,
1499 607 1597 661 quia
1629 608 1753 662 egent

271 659 563 727 explicatione:
605 656 671 702 To}
704 659 751 702 δὲ
781 656 890 702 κατὰ
919 659 996 730 τῂν
1032 655 1212 716 Ἀχρίδα
1241 658 1388 704 πάντα
1417 657 1564 719 φόβου
1593 660 1750 717 μεστοὶ,

271 730 341 757 και
371 711 421 758 τὸ
453 709 545 757 ἀπὸ
576 718 656 759 τοῦ
695 713 878 769 Μόκρου
908 733 1042 773 μερος
1072 714 1115 774 (ὁ
1149 717 1197 761 δὲ
1228 715 1415 772 Μάκρος
1443 724 1520 776 τῆς
1550 714 1754 774 Ἀχρίὸος

270 771 437 829 τμῆμα)
468 769 591 827 παρὰ
621 774 705 816 τοῦ
739 771 899 817 δούλου
936 773 1007 817 καὶ
1047 770 1305 818 ἆποστάτου
1343 771 1577 832 λελήϊσται.
1636 773 1662 835 ἡ
1706 776 1754 820 δὲ

271 825 448 885 Βάγορα
480 822 605 886 (ὅρος
633 829 682 873 δὲ
709 826 816 888 αὖτὴ
848 831 1066 886 παμμέγα,
1099 831 1172 874 καὶ
1207 834 1303 884 τοῖς
1335 832 1652 888 Βουλγαρικοῖς
1681 833 1753 877 καὶ

270 888 562 941 Δυρραχικοῖς
601 880 723 942 ι’)’ρεσι
762 888 1009 945 μεσιτεῦον)
1054 885 1176 944 παρὰ
1217 882 1432 945 ἅντάρτου
1473 886 1751 947 φυλάττεται,

269 942 341 985 καὶ
370 939 566 995 συνόλως
594 941 750 996 εἰπεῖν,
786 941 928 1001 πάντη
957 942 1090 988 κακὸν
1117 947 1262 997 κακῶς
1283 942 1544 1003 ἐστήρικται.
1595 947 1755 1003 Quippe

270 1000 539 1043 Boemundus
569 1001 829 1054 describitur,
868 1002 939 1057 qui
970 1002 1117 1046 Alexio
1155 1003 1280 1046 fidem
1314 1004 1355 1046 et
1385 1004 1621 1047 clientelam
1659 1017 1755 1047 cum

270 1058 531 1101 sacramento
559 1058 765 1112 professus
800 1059 902 1111 erat,
934 1071 1063 1114 eoque
1109 1060 1363 1114 posthabito,
1410 1061 1454 1103 in
1482 1061 1752 1115 Imperatoris

270 1113 382 1166 fines,
415 1113 623 1168 Apostata
655 1115 696 1158 et
726 1115 983 1171 foedifragus
1013 1116 1163 1169 factus,
1194 1116 1414 1171 irruperat.
1474 1117 1607 1160 Addit
1639 1119 1753 1172 post-

268 1171 370 1213 haec
398 1171 699 1225 Imperatorem
730 1173 898 1227 accepto
928 1173 1174 1228 irruptionis
1205 1173 1353 1216 nuntio
1384 1174 1547 1217 misisse
1576 1174 1620 1217 in
1650 1174 1754 1229 Illy-

267 1227 402 1269 ricum
433 1228 638 1271 sororium
669 1241 790 1271 suum
821 1229 1068 1272 Michaelem
1101 1230 1262 1273 Ducam
1283 1230 1652 1281 Protostratorem,
1681 1231 1754 1286 qui

269 1283 452 1327 collectis
483 1284 704 1338 militibus,
739 1286 971 1329 Boemundi
1005 1287 1224 1330 conatibus
1253 1287 1485 1339 obsisteret,
1517 1287 1628 1342 quod
1657 1288 1753 1330 silet

267 1340 413 1383 Anna:
457 1335 504 1383 ‘O
536 1336 616 1395 γάρ
648 1357 716 1384 τοι
753 1342 1058 1396 πανσέβαστος
1087 1339 1309 1397 Σεβαστὸς
1347 1342 1420 1386 καὶ
1449 1340 1754 1399 Πρωτρστρά-

266 1412 356 1450 τωρ
389 1392 558 1453 Κύριος
584 1394 764 1456 Μιχαὴλ
794 1403 915 1453 παρὰ
943 1401 1022 1442 τοῦ
1042 1399 1268 1451 Βασιλέως
1298 1397 1455 1456 ἐστάλη
1484 1399 1553 1457 ἐφ’
1586 1397 1620 1457 ιρ
1651 1400 1754 1443 συλ-

266 1451 383 1507 λέξαι
412 1469 460 1496 τε
491 1446 662 1508 ἄνδρας,
695 1454 767 1498 καὶ
797 1458 861 1513 τῷ
883 1452 1136 1511 καθάρματι
1157 1450 1477 1510 ἀντιτάξασθαι
1498 1458 1575 1501 etc.
1621 1458 1752 1501 Porro

266 1510 445 1566 Bayora
486 1524 605 1555 mons
642 1513 751 1566 apud
784 1513 1143 1569 Theophylactum
1188 1514 1298 1557 idem
1336 1514 1407 1557 ille
1448 1515 1522 1567 est,
1561 1515 1632 1569 qui
1663 1514 1754 1558 Ba-

266 1567 438 1622 yulatus
469 1568 625 1611 dicitur
652 1569 872 1613 Fulcherio
902 1570 974 1613 lib.
1001 1571 1037 1614 1.
1068 1583 1156 1625 cap.
1178 1572 1216 1613 3.

227 1630 254 1666 c
389 1616 478 1675 “Ag
503 1621 719 1683 γεφύρας]
750 1626 948 1669 Mendum
970 1626 1141 1670 indubie
1167 1627 1279 1670 111366
1299 1627 1439 1671 subest
1460 1628 1608 1680 verbis,
1631 1641 1751 1672 nemo

269 1681 378 1733 enim
409 1681 550 1736 pontis
579 1682 746 1726 nomine
776 1683 922 1727 donari
952 1683 1083 1727 fossas
1113 1684 1267 1727 credat.
1325 1684 1496 1739 Repono
1525 1685 1671 1740 igitur,
1701 1686 1750 1728 ut

269 1750 393 1792 supra
422 1750 517 1792 pag·-
543 1739 636 1783 135.
668 1732 720 1789 ἃς
749 1735 964 1795 στρουγὰς
997 1734 1281 1795 ὀνομάζομεν.

228 1808 254 1844 C
401 1794 603 1850 Δεύρην]
658 1796 885 1840 Meminere
925 1796 1047 1840 istius
1090 1797 1230 1852 oppidi
1273 1797 1474 1854 Scylitzes
1523 1811 1617 1853 pag.
1657 1798 1751 1841 745.

268 1849 581 1895 Cantacuzenus
626 1852 698 1895 lib.
721 1854 759 1895 2.
807 1866 895 1908 cap.
926 1854 993 1896 25.
1039 1854 1080 1897 et
1123 1854 1318 1897 Barletus
1362 1854 1435 1896 lib.
1457 1855 1496 1898 8.
1541 1855 1590 1898 de
1638 1854 1751 1898 Gest.

267 1906 561 1964 Scanderbegi.
615 1909 704 1952 Nec
734 1910 818 1953 3610
849 1924 903 1953 an
924 1910 1034 1953 idem
1065 1923 1158 1953 cum
1181 1911 1394 1960 Deuritza,
1425 1910 1475 1954 de
1507 1924 1588 1967 qua
1610 1912 1750 1954 eodem

266 1963 374 2007 libro
406 1963 719 2008 Oantacuzenus
751 1979 840 2022 cap.
862 1968 928 2010 20.
978 1967 1105 2011 Extat
1135 1967 1324 2022 Epistola
1354 1967 1656 2024 Theophylacti
1685 1968 1752 2010 in-

266 2020 422 2075 scripta
463 2021 526 2078 τῷ
564 2016 821 2080 Ἐπισκόπῳ
856 2022 1036 2078 Λέβρης,
1074 2037 1180 2079 quae
1219 2025 1281 2066 est
1312 2025 1379 2067 67.
1409 2036 1456 2066 ex
1485 2024 1748 2068 Meursianis.

27 2083 253 2130 Pag.372.ss
406 2073 494 2119 Τὸν
523 2073 683 2132 ἱμάντα
713 2081 792 2122 τοῦ
826 2077 1132 2138 ὑποδήματος]
1180 2081 1394 2124 Romanae
1423 2081 1551 2124 fuisse
1580 2094 1752 2124 consue-

266 2133 424 2176 tudinis
456 2135 614 2178 6616603
644 2136 766 2179 301613
797 2137 973 2189 mutare,
1006 2150 1101 2180 cum
1132 2138 1424 2180 accumberent
1458 2150 1634 2190 mensae,
1666 2138 1752 2192 pri—

266 2189 360 2231 dem
392 2191 666 2236 observarunt
695 2193 948 2237 Benedictus
973 2193 1207 2237 Balduinus
1242 2194 1407 2237 nostras
1435 2194 1479 2237 in
1500 2193 1648 2237 Calceo
1679 2207 1753 2237 an-

265 2245 384 2301 tiquo
419 2248 461 2290 et
490 2249 667 2304 mystico
698 2261 786 2305 cap.
806 2251 870 2292 11.
902 2251 944 2293 et
965 2250 1196 2294 Salmasius
1226 2250 1279 2293 ad
1301 2250 1413 2294 Hist.
1436 2251 1548 2306 Aug.
1569 2263 1663 2306 pag.
1683 2251 1751 2294 55.

453 2372 518 2416 IN
558 2373 782 2418 LIBRUM
815 2374 933 2418 XIII.
1006 2374 1317 2419 ALEXIADIS
1348 2374 1554 2419 NOTAE.

27 2488 251 2535 Pag‚376,A
399 2475 847 2518 ΕΠΙΝΕΜΗΣΕΩΣ
882 2472 1084 2535 πρώτης]
1133 2479 1169 2521 1.
1202 2477 1404 2521 Novemb.
1445 2476 1498 2519 A.
1539 2487 1590 2520 M.
1635 2477 1752 2520 iuxta

267 2528 445 2573 Graecos
475 2542 732 2577 VIMDCXVI.
763 2533 859 2576 Chr.
891 2543 1043 2578 Mcvn.

218 2602 250 2636 A
399 2590 425 2627 I
430 2586 607 2641 ἐράνιον
672 2589 866 2632 Occurrit
895 2590 963 2633 hic
991 2591 1107 2634 locus
1137 2591 1247 2646 apud
1279 2590 1485 2635 Codinum
1513 2590 1556 2633 in
1588 2589 1750 2645 Origin.

268 2641 349 2684 ΟΡ.
380 2655 475 2698 pag.
500 2645 566 2687 31.
633 2645 710 2688 dit.
742 2647 1016 2690 Meursianae.

220 2716 252 2748 A
399 2692 734 2759 Ἐρυθροβαφῆ]
766 2703 1072 2758 Imperatorum
1092 2704 1134 2747 et
1153 2703 1317 2759 Regum
1345 2703 1528 2747 tentoria
1557 2703 1751 2759 purpurei

267 2754 395 2798 fuisse
439 2757 588 2800 coloris
634 2759 891 2803 ostendimus
921 2760 976 2803 ad
996 2760 1204 2804 Villhard.
1236 2759 1289 2803 N.
1315 2760 1407 2803 127.
1462 2760 1570 2804 Vide
1601 2759 1751 2804 Chron.

267 2811 492 2867 Rotomag.
524 2814 634 2868 apud
660 2814 843 2859 Labeum
871 2816 952 2859 An.
982 2826 1193 2861 MochL.
