1794 3132
270 220 354 270 434
786 229 962 266 GAROLI
990 225 1228 264 DueANen

272 350 382 393 filiae
410 347 724 404 primogenitae.
768 345 925 389 Gemuit
954 347 1093 388 autem
1108 342 1278 385 Ebalus
1306 342 1383 384 iste
1400 339 1466 383 ΙΙ.
1489 339 1632 390 (verba
1654 338 1752 381 sunt

273 405 459 450 Alberiei
489 405 571 447 An.
601 402 790 456 MGXIX.)
821 403 872 446 ole
901 401 1068 452 Sibilia,
1085 399 1260 442 Roberti
1277 397 1510 441 Guisoardi
1534 395 1641 449 filia,
1678 394 1751 438 Go-

272 464 413 506 mitem
437 461 703 505 Wiseardum
741 460 792 502 de
820 459 973 501 Rooeio
1028 461 1066 500 et
1109 455 1307 499 Comitem
1338 454 1561 508 Huyortem
1607 451 1753 495 Cholet

273 524 311 563 et
343 519 545 562 Thomam
574 518 624 560 de
652 516 817 568 Roeeio,
849 519 921 558 eto.
965 515 1025 556 Ex
1047 525 1128 568 quo
1156 512 1293 564 unico,
1313 511 1357 553 ni
1377 510 1514 561 fallor,
1547 508 1756 562 Scriptore

273 576 423 619 tertiae
440 574 651 618 Wisoardi
681 573 793 616 filiae
821 584 968 614 nomen
992 570 1147 612 discere
1179 569 1252 611 est.
1303 567 1463 621 Quarta
1485 565 1659 620 Hugoni
1676 564 1755 606 III.

275 631 575 676 Cenomanensi
626 629 792 681 Comiti,
837 627 992 670 Azonis
1034 625 1291 678 Marohionis
1336 623 1533 675 Estensis,
1580 635 1626 664 ex
1669 621 1758 663 filia

274 688 469 744 Hugonis
498 688 553 730 ΙΙ.
586 685 905 730 Cenomanensis
937 683 1125 734 ComitiS,
1156 682 1257 734 filio,
1303 693 1403 724 uxor
1434 693 1459 723 a
1498 679 1616 734 patre
1658 678 1758 720 data

275 746 349 788 est.
402 745 444 787 Is
475 743 585 799 quod
616 742 836 797 coniugem
867 741 984 783 nulla
1015 739 1063 782 de
1094 751 1220 782 031133
1248 737 1487 788 dimisisset,
1528 749 1553 778 a
1584 734 1757 778 Summo

275 801 477 844 Pontifiee
496 800 634 844 Sacris
663 798 911 842 interdictus
940 797 1014 848 est,
1037 796 1085 838 ut
1105 795 1231 838 habet
1251 794 1362 837 idem
1382 792 1605 837 Ordericus
1625 791 1698 834 lib.
1717 791 1756 832 8.

274 859 365 901 Has
392 857 561 912 nuptias
578 855 828 899 Guilielmus
854 853 974 909 Apul.
1006 853 1078 896 lib.
1101 853 1139 895 3.
1171 851 1361 906 pluribus
1389 849 1701 893 commemorat.

409 914 603 967 Dumque
631 915 868 955 moraretur
900 910 1111 952 Troianae
1141 908 1355 951 moenibus
1381 906 1513 958 urbiS,

408 970 577 1013 Nobilis
609 969 778 1012 advenit
807 966 1074 1010 Lombarclus
1103 964 1304 1008 Mareliio
1331 964 1517 1019 quidam,

409 1026 633 1070 Nobilibus
654 1026 828 1079 patriae
856 1023 1000 1066 multis
1029 1021 1323 1066 comitantibus
1352 1020 1486 1063 illum.

410 1083 505 1126 Aoeo
535 1086 704 1125 vocatus
733 1085 836 1132 erat,
866 1093 1004 1124 seeum
1034 1079 1209 1122 deduxit
1238 1078 1462 1133 Huyouem

410 1140 628 1182 Illustrem
656 1142 814 1190 natum,
846 1137 983 1180 Ducis
1011 1136 1107 1179 huie
1134 1139 1182 1178 ut
1206 1135 1302 1189 filia
1331 1135 1466 1184 detur,

410 1196 563 1251 Eoeiyit
593 1197 641 1238 iu
673 1209 896 1249 sponsam.-
926 1194 1102 1237 Comites
1129 1192 1410 1246 Proeeresque
1438 1191 1582 1233 vocari

413 1253 606 1307 Quaeque
630 1252 738 1306 facit
764 1266 890 1306 super
916 1251 982 1293 his
1012 1249 1278 1293 consulturus
1306 1249 1358 1291 ab
1389 1247 1501 1290 urbe.

410 1310 579 1352 Horum
607 1309 795 1352 consiliis
822 1307 999 1351 Roberti
1023 1307 1119 1360 filia
1147 1309 1248 1349 nato

414 1366 621 1409 Traditur
650 1365 827 1417 Axomis,
859 1364 1007 1408 taedas
1036 1377 1087 1406 ex
1115 1376 1230 1406 more
1259 1361 1433 1417 iuyodes,

411 1422 471 1465 Et
500 1423 758 1466 convivando
789 1422 1011 1473 celebrant,
1043 1424 1081 1463 et
1108 1419 1242 1463 multa
1267 1418 1453 1472 feremlO,

415 1478 588 1522 Cunctis
616 1480 805 1534 eouiuqii
836 1492 942 1534 quae
962 1476 1155 1532 postulat
1184 1476 1287 1519 ordo
1308 1475 1512 1529 peractis,

412 1536 623 1580 Sollicitat
657 1535 835 1580 Comites
862 1535 979 1587 Dux,
1009 1538 1047 1576 et
1076 1546 1352 1589 quoscumque
1375 1535 1565 1586 potentes

412 1593 543 1636 Dona
562 1597 725 1648 peteris,
757 1593 857 1636 laeti
886 1592 1035 1647 quibus
1065 1595 1103 1634 et
1133 1591 1199 1633 vir
1232 1594 1270 1632 et
1301 1603 1409 1632 uxor
1439 1589 1556 1632 abire

411 1649 576 1693 Donati
598 1650 782 1700 valeant,
813 1650 890 1692 eto.

278 1708 502 1762 Hugonem
532 1707 655 1759 hune,
687 1707 736 1749 ut
770 1706 812 1749 et
843 1705 1195 1749 Cenomanensem
1234 1702 1500 1755 affinitatem,
1531 1701 1764 1745 omiserunt

278 1765 394 1806 Ioan.
442 1764 566 1818 Bapt.
613 1764 749 1818 Pigna
794 1763 835 1805 et
879 1762 1052 1805 Hieron.
1095 1761 1265 1803 Faletus
1312 1760 1356 1802 in
1404 1772 1479 1802 sua
1527 1758 1765 1802 Estensium

278 1820 469 1863 Historia
489 1821 532 1862 et
552 1819 819 1874 Genealogia.
852 1819 1010 1872 Quinta
1041 1818 1218 1871 denique
1248 1816 1433 1860 eiusdem
1455 1815 1628 1859 Roberti
1651 1816 1764 1866 nata,

278 1877 477 1928 Mobilia,
514 1878 791 1931 cognomento
830 1875 1088 1929 Gantalupa,
1111 1874 1327 1916 Willelmo
1366 1873 1417 1915 de
1449 1871 1766 1922 Grentemesnil,

280 1934 410 1977 nobili
454 1933 713 1986 Normanno,
759 1933 903 1987 nupsit
946 1933 1027 1974 An.
1059 1940 1339 1975 MLXXXVIII.
1405 1930 1467 1972 De
1511 1929 1590 1972 1130
1634 1929 1768 1983 agunt

279 1991 509 2033 Malaterra
538 1990 610 2032 lib.
631 1990 671 2032 4.
703 2003 791 2045 cap.
817 1991 884 2031 21.
929 1989 1129 2031 Albertus
1158 1989 1238 2042 Aq.
1269 1987 1342 2029 lib.
1366 1986 1406 2029 4.
1440 1998 1529 2040 cap.
1550 1986 1617 2028 37.
1663 1984 1767 2027 Gui-

280 2048 422 2090 bertus
449 2047 523 2089 lib.
544 2048 584 2089 3.
619 2059 707 2101 cap.
729 2048 768 2089 2.
800 2047 840 2089 et
871 2046 1095 2089 Orderious
1116 2044 1274 2087 Vitalis
1303 2043 1375 2086 lib.
1398 2044 1436 2085 8.
1496 2042 1664 2085 Sextam
1682 2042 1768 2084 Ro-

284 2104 389 2146 berti
409 2103 554 2155 filiam,
576 2103 705 2156 nullo,
727 2104 776 2146 ut
794 2115 899 2155 reor,
922 2102 1095 2154 Autore,
1119 2100 1238 2144 addit
1253 2099 1474 2151 Pistorius‚
1494 2098 1696 2153 Stephani
1711 2098 1767 2140 ΙΙ.

281 2160 530 2215 Hungariae
559 2159 687 2214 Regis
728 2160 961 2215 coniugem.
1029 2157 1247 2201 Caeterum
1283 2156 1581 2199 Ruciaoensem
1617 2167 1766 2205 arcem,

282 2217 683 2271 Lutzelensburgum
716 2217 827 2259 inter
856 2217 898 2258 et
927 2215 1162 2258 Theodonis
1195 2213 1342 2256 villam
1382 2213 1521 2264 sitam,
1552 2224 1659 2266 quae
1689 2210 1768 2254 Co-

282 2273 454 2315 mitatui
496 2285 645 2315 nomen
690 2273 817 2325 dedit,
850 2272 1056 2315 Rutliiam
1093 2272 1135 2314 et
1168 2270 1415 2313 Rutthieum
1449 2269 1664 2324 appellant
1699 2280 1768 2310 ve-

282 2330 389 2371 teres
421 2329 610 2382 Chartae,
642 2330 683 2372 et
713 2329 946 2372 Chronioon
979 2328 1234 2379 Trevirense,
1266 2327 1376 2381 apud
1410 2325 1691 2368 Duehesnium
1725 2324 1767 2366 in

283 2386 453 2484 {robat
489 2386 835 2485 Η163ἓο1111131111).
876 2400 915 2442 p.
943 2386 1007 2428 13.
1046 2386 1088 2428 et
1125 2385 1388 2427 Brouverum
1418 2383 1491 2426 lib.
1516 2383 1581 2424 11.
1614 2381 1766 2424 Annal.

321 2455 442 2485 revlr.
474 2455 511 2496 p.
621 2476 629 2485 .

238 2507 270 2542 D
419 2497 611 2554 Πάπας]
640 2499 866 2555 Gregorius
885 2500 981 2542 VII.

240 2572 272 2607 D
342 2612 350 2620 .
414 2552 560 2612 Ῥηγὸς
583 2550 873 2610 Ἀλαμανίας]
919 2555 1037 2599 Fecit
1083 2567 1198 2598 more
1236 2554 1374 2610 gentis
1421 2565 1519 2596 suae
1549 2552 1687 2603 Anna,
1727 2550 1767 2593 et

286 2612 399 2654 avlto
431 2613 613 2667 quodam
644 2613 738 2656 odio
769 2613 809 2655 et
839 2613 1000 2655 invidia
1030 2613 1227 2655 adversus
1259 2610 1442 2662 Latinos,
1483 2609 1583 2652 dum
1615 2607 1768 2650 Henri-

287 2681 380 2710 cum
406 2669 480 2711 IV.
512 2669 807 2712 Germanicum
839 2670 1138 2724 Imperatorem
1165 2664 1327 2724 Ῥηγός,
1371 2679 1442 2709 3311
1473 2665 1600 2721 Regis
1639 2663 1767 2706 titulo

285 2724 426 2788 donat,
459 2738 550 2768 cum
581 2724 818 2777 Βασιλέως,
851 2727 915 2768 vel
946 2725 1216 2780 Imperatoris
1247 2724 1301 2768 ad
1331 2724 1439 2766 solos
1471 2721 1771 2766 Constantino-

286 2780 493 2834 pohtanos
525 2783 740 2837 Augustos
769 2783 956 2836 spectare
985 2795 1227 2836 persuasum
1253 2780 1455 2823 haberent
1478 2778 1641 2822 Graeci.
1659 2776 1770 2820 Wil-

285 2836 434 2879 lelmus
468 2838 564 2893 Tyr.
594 2839 667 2881 lib.
692 2840 756 2881 16.
787 2851 876 2893 cap.
900 2840 966 2882 21.
1014 2839 1194 2882 Moleste
1234 2837 1441 2892 siquidem
1477 2836 1623 2891 ferunt
1660 2832 1770 2888 quod
