1806 3132
278 206 362 249 608
795 216 973 251 CAROLI
1001 216 1240 252 DUOANGII

40 335 268 384 Pag.293.c
325 388 353 430 h
376 388 392 430 1
418 329 701 431 φηρζῖιλξιον]
744 330 916 375 Nicetas
946 331 990 374 in
1020 331 1134 375 Man.
1163 331 1235 375 lib.
1261 332 1299 374 3.
1328 331 1383 374 N.
1405 332 1444 374 6.
1502 331 1624 376 Adde
1651 332 1765 377 Hoe-

281 400 324 431 sc
355 400 406 431 e.
435 401 480 430 1n
553 400 576 431 0
601 422 610 432 .

242 452 269 488 C
415 441 663 502 Γοντοφρέ]
695 444 848 487 Eodem
873 444 954 487 An.
984 454 1152 489 MXCVI.
1184 444 1261 487 sub
1282 444 1466 488 medium
1500 446 1654 489 mensis
1674 446 1766 489 Au-

281 501 398 557 gusti
427 514 499 556 per
529 500 801 545 Germaniam
831 502 872 544 et
892 501 1159 557 Hungariam
1191 500 1506 555 Expeditionem
1529 507 1655 545 vsuam
1688 516 1765 558 ag-

281 571 447 614 gressus
477 559 539 601 est
570 557 863 601 Gothofredus.
923 558 1019 601 Alb.
1054 558 1133 612 Aq.
1165 557 1237 600 lib.
1255 559 1293 600 2.
1325 570 1414 613 cap.
1435 559 1470 601 1.
1503 560 1545 602 et
1573 559 1659 602 alii.

235 617 268 652 D
415 610 754 671 Μεγαλόπολιν]
796 615 994 657 Pervenit
1030 614 1438 669 Constantinopolim
1486 615 1764 659 Gothofredus

280 671 407 715 biduo
451 673 548 714 ante
594 671 789 714 Natalem
833 671 1016 723 Domini,
1070 672 1112 713 et
1156 671 1209 713 ad
1254 671 1369 714 urbis
1415 673 1624 716 moenium
1667 685 1766 716 con-

279 729 467 783 spectum
509 728 648 771 castra
687 728 871 771 metatus
915 728 989 771 est.
1064 727 1286 771 Baldricus
1329 727 1403 771 lib.
1426 730 1462 771 1.
1509 742 1604 784 pag.
1626 730 1693 772 91.
1723 730 1765 772 et

281 784 511 828 Guibertus
541 785 613 828 lib.
636 786 674 827 2.
705 797 793 839 cap.
819 785 882 826 12.

235 841 269 877 D
415 845 470 883 Γε
511 837 645 896 ύρας]
695 841 745 884 de
790 841 868 883 hoc
895 841 1020 895 ponte
1050 840 1239 895 pluribus
1283 842 1445 897 egimus
1475 842 1528 885 ad
1557 842 1764 886 Villhard.

281 898 333 942 N.
355 899 423 941 85.
474 856 619 941 1ἒΙυίιιε
657 898 869 953 praeterea
902 897 1094 940 meminit
1124 897 1358 952 Bryennius
1390 898 1463 943 lib.
1487 901 1527 943 3.
1567 900 1622 943 N.
1642 901 1691 942 11
1724 901 1766 943 et

281 955 509 999 Cinnamus
538 955 611 998 lib.
629 956 667 997 2.

234 1015 267 1051 D
350 1041 363 1050 .
412 1007 727 1065 Ἀνεβάλλετο]
785 1010 1014 1053 Dilationis
1072 1023 1242 1054 causam
1295 1011 1476 1055 afferunt
1521 1012 1764 1068 Scriptores,

281 1069 407 1124 atque
435 1069 480 1111 in
499 1069 552 1111 iis
580 1067 780 1111 Albertus
811 1067 892 1122 Aq.
923 1067 996 1110 lib.
1020 1068 1058 1110 2.
1089 1080 1179 1122 cap.
1196 1068 1234 1111 4.
1259 1068 1324 1111 10.
1358 1069 1422 1111 11.
1456 1070 1521 1112 12.

40 1130 267 1177 Pag.294.A
415 1119 679 1180 Εὗκαιρίαν]
732 1123 939 1167 Robertus
969 1124 1081 1167 Mon.
1107 1125 1179 1167 lib.
1200 1125 1236 1167 1.
1281 1125 1331 1168 de
1361 1125 1530 1170 Alexio:
1574 1125 1764 1170 Timebat

282 1183 393 1227 enim
421 1196 474 1226 ne
502 1186 645 1226 tantus
675 1185 714 1225 et
742 1183 956 1224 tantorum
986 1182 1190 1224 exercitus
1219 1182 1267 1224 in
1285 1195 1330 1225 se
1358 1187 1625 1238 consumeret
1643 1184 1721 1226 etc.

243 1247 269 1283 C
416 1234 781 1297 Κατασχεθῆναι]
813 1238 1013 1281 Albertus
1044 1236 1133 1293 Aq.
1156 1238 1228 1281 lib.
1251 1239 1290 1281 2.
1322 1251 1410 1294 cap.
1434 1241 1471 1283 7.
1504 1242 1543 1283 8.
1581 1240 1765 1283 Baldric.

284 1297 472 1340 Guibert.
518 1296 787 1339 Malmesbur.
832 1294 983 1350 Tyrius
1014 1295 1091 1338 etc.
1141 1295 1275 1350 agunt
1319 1295 1369 1339 de
1399 1296 1478 1340 hac
1509 1297 1767 1340 Francorum

285 1354 495 1397 Comitum
526 1352 776 1395 detentione.

243 1414 270 1449 C
416 1403 630 1465 Ἀργυρᾶν
661 1403 837 1464 λίμνην]
882 1407 1021 1450 Huius
1048 1407 1215 1462 paludis
1257 1408 1449 1451 meminit
1489 1409 1766 1466 Pachymeres

281 1468 354 1510 lib.
376 1468 413 1510 7.
474 1467 534 1509 At
566 1479 672 1521 quae
701 1465 827 1508 fuerit
847 1464 1111 1507 Palatiorum
1134 1464 1187 1507 ad
1218 1464 1432 1521 Argyram
1463 1466 1657 1521 paludem
1691 1480 1766 1522 ap-

280 1524 465 1579 pellatio,
497 1523 612 1566 haud
646 1522 823 1574 constat,
854 1521 935 1563 nisi
963 1521 1008 1563 in
1027 1521 1269 1564 universum
1300 1522 1530 1578 magnifica
1555 1524 1631 1567 illa
1652 1524 1767 1567 aedi-

280 1581 376 1624 ficia
414 1580 669 1623 intellexerit
707 1578 834 1621 Anna
880 1577 924 1620 in
967 1578 1237 1632 Europaeano
1293 1579 1469 1633 Bospori
1512 1580 1656 1623 littore
1704 1593 1768 1623 ex-

279 1638 433 1689 tructa,
465 1636 641 1680 Palatia
671 1649 817 1689 nempe
846 1638 884 1677 et
913 1636 1092 1678 turri-tas
1122 1635 1266 1678 domos
1296 1649 1400 1690 quae
1439 1637 1625 1690 spatium
1650 1647 1765 1690 XXX,

278 1694 531 1738 milliarium
565 1695 611 1736 in
634 1693 774 1736 littore
803 1692 936 1734 maris
966 1692 1330 1745 comprehendunt,
1363 1692 1425 1735 ait
1454 1693 1653 1737 Albertus
1685 1694 1766 1749 Aq.

278 1751 351 1794 lib.
374 1752 412 1793 2.
447 1763 536 1805 cap.
561 1751 626 1792 11.
655 1749 847 1805 Argyrae
876 1748 1045 1803 perinde
1073 1748 1239 1803 paludis
1269 1749 1520 1803 peculiarem
1552 1750 1682 1793 situm
1725 1753 1767 1794 et

280 1807 460 1850 nominis
491 1807 696 1850 rationem
746 1805 930 1848 nondum
961 1805 1154 1859 comperi.
1227 1806 1355 1848 Haud
1399 1807 1543 1860 procul
1571 1808 1713 1851 tamen
1742 1820 1768 1850 a

278 1863 585 1907 Blacherniana
602 1863 735 1906 Porta
755 1862 948 1905 dissitam
970 1861 1097 1904 fuisse
1120 1874 1328 1917 assequor,
1361 1875 1408 1905 ex
1429 1875 1475 1906 eo
1506 1864 1618 1918 quod
1636 1865 1767 1907 Porta

279 1922 393 1964 urbis
425 1920 582 1973 eadem,
614 1920 850 1963 senescente
876 1918 1066 1969 Graecia,
1098 1919 1150 1962 ab
1171 1919 1340 1974 Argyra
1371 1919 1534 1974 palude,
1563 1921 1766 1964 vocabulo

280 1978 490 2029 truncato,
523 1976 783 2032 Gyrolymne
798 1975 911 2018 dicta
943 1975 999 2018 sit
1020 1975 1308 2019 Cantacuzeno
1330 1975 1403 2019 lib.
1428 1977 1464 2019 1.
1498 1989 1587 2032 cap,
1607 1979 1674 2020 51.
1697 1979 1764 2021 56.

279 2034 352 2101 111).
375 2036 414 2077 3.
449 2035 625 2103 cap381.
657 2034 698 2076 et
719 2033 895 2075 Nicetae
917 2031 962 2074 in
981 2032 1097 2075 Alex.
1129 2032 1202 2097 111).
1224 2033 1262 2075 3.
1281 2033 1333 2076 N.
1352 2034 1416 2076 10.
1447 2034 1489 2076 et
1515 2030 1633 2090 πύλη
1649 2030 1767 2089 πρὸς

277 2106 363 2190 {1⁷1⁷ss
381 2090 692 2202 Zgssggpoczmet
701 2088 1410 2202 {1123}ssegloiizgofgguslliizagdigiug·
1429 2146 1473 2189 in
1482 2090 1767 2191 ffifflmpsszgo

280 2204 371 2259 pori
399 2204 601 2257 Asiatico,
643 2204 694 2247 de
723 2216 804 2258 quo
841 2203 1069 2257 Procopius
1114 2202 1164 2245 de
1191 2202 1329 2245 Aedif.
1375 2203 1480 2246 Iust.
1521 2203 1686 2260 Gyllius
1716 2204 1767 2247 de

281 2261 405 2315 Bosp.
438 2261 586 2304 Thrac.
618 2260 690 2303 lib.
712 2262 751 2303 3.
784 2273 872 2314 cap.
891 2260 928 2302 6.
975 2259 1253 2302 Leunclavius
1296 2260 1340 2302 in
1370 2259 1503 2302 Pand.
1545 2273 1633 2316 cap.
1672 2262 1765 2304 128.

280 2318 321 2360 et
355 2317 545 2360 Historia
572 2317 793 2360 Bucicaldi
823 2316 930 2371 part.
956 2316 1003 2358 1.
1028 2329 1116 2370 cap.
1131 2317 1197 2358 33.

237 2381 269 2417 D
421 2375 520 2415 Τῶν
563 2367 816 2427 ἀνακτόρων
857 2368 1022 2429 πύλης]
1067 2372 1219 2416 Portae
1255 2373 1432 2428 Palatii,
1477 2386 1559 2416 non
1604 2373 1764 2429 Magni,

282 2430 392 2485 quod
436 2430 490 2473 ad
520 2430 787 2486 Propontidis
815 2430 938 2473 littus
966 2429 1118 2480 extitit,
1149 2429 1231 2481 „sed
1262 2430 1572 2484 Blacherniani‚
1604 2443 1710 2485 quae
1741 2443 1765 2473 a

281 2486 418 2529 vicino
449 2487 616 2531 Palatio
638 2487 948 2530 Blacherniana
978 2485 1091 2528 dicta
1121 2485 1218 2538 fuit,
1248 2487 1297 2530 ut
1327 2499 1454 2541 supra
1484 2487 1763 2530 observatum.

279 2543 331 2585 In
363 2556 408 2586 eo
439 2544 549 2586 enim
577 2545 720 2588 tractu
764 2556 907 2587 versus
953 2542 1209 2586 Cosmidium
1256 2543 1297 2586 et
1327 2544 1539 2599 Argyram
1568 2543 1767 2598 paludem

282 2599 420 2642 castra
450 2600 633 2654 posuisse
663 2600 807 2644 Gallos
837 2599 1013 2643 tradunt
1044 2598 1273 2654 Scriptores
1304 2612 1458 2643 omnes.

236 2663 267 2698 D
417 2652 663 2708 Νικολάου]
697 2657 878 2700 Proinde
899 2656 1034 2699 Aedes
1062 2656 1113 2698 D.
1131 2656 1306 2699 Nicolao
1337 2669 1469 2710 sacra,
1502 2670 1628 2712 quam
1658 2657 1764 2700 Por-

281 2713 350 2755 tae
380 2713 710 2756 Blachernianae
740 2714 924 2756 vicinam
953 2712 1082 2755 fuisse
1121 2713 1281 2756 indicat
1313 2713 1449 2767 Anna,
1482 2714 1567 2757 alia
1595 2727 1762 2768 prorsus

280 2768 363 2810 fuit
394 2769 446 2811 ab
478 2782 538 2821 ea,
571 2783 696 2824 quam
728 2770 839 2813 intra
871 2770 1020 2825 Magni
1050 2769 1209 2813 Palatii
1247 2770 1466 2823 ambitum,
1505 2771 1632 2825 atque
1661 2770 1764 2813 adeo

281 2824 491 2881 Sophiano
523 2826 694 2882 Templo
721 2827 951 2881 proximam
982 2827 1161 2871 diximus
1189 2827 1243 2871 ad
1273 2841 1368 2884 pag.
1391 2829 1459 2871 52.
1518 2828 1641 2871 Hanc
1669 2827 1762 2870 DD.
