1806 3132
523 204 579 240 m
605 204 896 240 umnam
924 205 1089 242 NOTAE
1463 200 1548 245 527

58 320 267 363 incessum
295 332 547 375 cursumque
572 319 780 375 impediri.
828 321 971 375 Atque
989 320 1082 364 ideo
1103 321 1267 364 Tactici
1289 322 1548 377 Graecanici,

59 389 156 420 cum
183 376 237 420 de
263 377 449 420 militum
476 377 663 420 vestibus
703 378 851 432 agunt,
894 377 939 420 id
984 378 1249 432 potissimum
1292 381 1451 433 vetant,
1498 394 1549 424 ne

59 446 202 503 eorum
223 433 353 477 calcei
371 433 486 477 hisce
514 433 670 476 aculeis
676 434 968 502 promineant.
1007 434 1088 477 Leo
1109 435 1223 490 Aug.
1244 448 1334 490 cap.
1356 438 1395 479 6.
1427 415 1463 492 ξ’.
1478 438 1546 481 26.

58 486 114 532 τὰ
142 486 206 533 im
276 485 410 545 ’ματα
442 484 590 533 αὐτῶν
627 487 689 548 μὴ
730 488 846 543 ἔχειν
883 488 1029 543 ὀξείας
1060 487 1337 546 ἔμπροσθε-ν.
1398 494 1549 536 Istius-

59 547 174 590 modi
203 560 252 591 ro
343 548 486 591 torum
515 547 752 590 calceorum
776 549 967 590 autorem
997 547 1222 591 Falconem
1252 549 1439 592 Andium
1469 550 1550 593 Co-

58 604 206 647 mitem
234 604 341 648 facit
368 603 594 648 Ordericus
614 604 770 648 Vitalis
800 604 1045 647 1111811011
1074 605 1186 659 quod
1222 605 1296 648 ille
1328 619 1396 649 eos
1428 606 1549 650 adin-

58 660 232 712 venerit,
262 661 335 704 sed
366 660 478 716 quod
506 661 552 703 in
578 659 765 704 Galliam
794 660 956 715 primus
983 661 1155 703 illorum
1184 674 1306 705 usum
1334 663 1548 706 invexerit.

59 717 172 760 Nam
201 717 315 772 apud
344 717 559 761 Romanos
593 717 779 773 viguisse
803 717 964 760 calceos
997 718 1203 772 repandos
1243 719 1285 761 et
1314 719 1549 772 uncinatos,

57 773 211 817 docent
241 773 348 818 Cato
378 774 491 829 apud
520 774 706 826 Festum,
737 773 880 817 Cicero
910 774 983 817 lib.
1014 774 1066 817 de
1095 775 1196 817 Nat.
1227 775 1351 818 Deor.
1382 776 1462 818 Tei
1464 777 1550 819 tul

55 831 196 874 lianus
224 831 276 874 de
304 831 444 874 Pallio
473 844 564 886 cap.
585 832 624 873 5.
653 832 695 874 et
723 831 813 883 alii,
847 844 1024 885 quorum
1056 844 1104 874 ea
1129 832 1220 875 erat
1248 832 1397 875 forma.
1428 834 1476 875 ut
1505 833 1548 875 in

57 888 282 931 arcuatum
310 900 489 931 acumen
518 887 738 940 desineret,
769 888 867 930 unci
901 887 954 930 ad
983 888 1119 931 instar
1148 888 1192 930 in
1222 889 1359 931 altum
1387 889 1549 942 reflexa,

55 944 168 987 unde
194 945 421 999 uncipedes
449 945 583 988 eidem
613 944 719 988 dicti
749 944 1024 996 Tertulliano,
1058 945 1130 999 qui
1161 945 1311 988 calceis
1337 946 1551 989 uncinatis

57 1001 300 1046 utebantur.
358 1001 440 1045 Sed
468 1002 511 1045 et
546 1001 589 1044 S.
631 1001 900 1056 Augustinus
945 1001 1076 1045 Serm.
1127 1001 1179 1044 de
1221 1002 1422 1057 Tempore
1450 1003 1547 1046 248.

55 1058 228 1113 gravius
254 1058 472 1102 invehitur
497 1058 543 1101 in
571 1059 912 1101 vestimentorum
939 1058 1135 1101 133113111-
1118 1072 1207 1101 ium
1233 1059 1473 1112 affectatam
1490 1060 1547 1102 si-

54 1113 351 1168 militudinem,
382 1105 754 1158 calciamentorum
794 1129 953 1169 quoque
986 1119 1120 1158 metas
1149 1117 1408 1159 necessitatis
1434 1130 1548 1159 exce-

55 1171 220 1215 dentem
245 1148 494 1216 simidatam
526 1171 848 1228 lonyitudinem.
908 1172 972 1214 De
1000 1172 1184 1215 Fulcon'e
1212 1172 1273 1215 sic
1303 1172 1547 1216 Ordericus:

56 1228 144 1272 Hic
171 1229 219 1271 in
245 1228 394 1272 multis
419 1229 597 1283 infamis
622 1233 663 1271 et
690 1228 1033 1293 reprehensibilis
1061 1233 1153 1271 erat
1186 1229 1410 1284 multisque
1427 1230 1548 1272 vitio-

54 1298 152 1327 rum
167 1286 364 1340 pestibus
381 1286 702 1329 obsecundabat.
748 1285 849 1340 Ipse
876 1286 1081 1329 nimirum
1100 1286 1202 1340 quia
1224 1287 1356 1340 pedes
1372 1286 1547 1330 habebat

55 1342 272 1396 deformes-
303 1343 491 1386 instituit
518 1343 601 1386 sibi
623 1342 723 1397 fieri
752 1342 901 1398 lonyos
944 1346 983 1385 et
1008 1343 1059 1386 in
1086 1345 1326 1386 summitate
1352 1344 1547 1386 acutissi-

52 1412 144 1442 mos
166 1399 419 1452 subtalares,
448 1401 512 1443 ita
539 1404 586 1442 ut
614 1400 798 1454 open'ret
817 1400 952 1454 pedes
983 1403 1023 1442 et
1043 1413 1188 1443 eorum
1206 1399 1359 1443 celaret
1386 1400 1546 1454 tubera,

55 1469 163 1510 quae
189 1455 291 1512 vuly
292 1470 316 1500 o
341 1460 547 1500 vocantur
583 1456 782 1512 Uniones‚
820 1455 1000 1512 (Latinis
1032 1456 1292 1513 Gemursae).
1340 1456 1548 1500 Insolitus

52 1513 154 1556 inde
181 1527 272 1556 mos
299 1514 349 1556 in
380 1513 611 1557 Occiduum
638 1514 779 1556 orbem
801 1514 1022 1568 processit,
1055 1513 1290 1568 levibusque
1329 1518 1368 1556 et
1385 1514 1546 1556 novita-

53 1573 143 1612 tum
171 1570 435 1617 amatoribus
461 1571 719 1614 vehementer
741 1571 922 1625 placuit.
988 1569 1109 1614 Unde
1134 1574 1298 1614 sutores
1320 1571 1369 1613 in
1388 1570 1546 1614 calcea-

51 1627 204 1670 mentis
233 1628 358 1682 quasi
387 1628 552 1672 caudas
578 1629 862 1682 scorpionum,
892 1640 999 1683 quas
1024 1627 1150 1682 vulyo
1165 1627 1372 1682 Piqacias
1399 1627 1546 1681 appel-

54 1683 159 1739 lant,
185 1683 366 1738 faciunt,
397 1685 524 1740 idque
553 1699 688 1740 qenus
722 1684 995 1728 calceamenti
1021 1698 1135 1738 pene
1160 1685 1302 1727 cuncti
1332 1684 1482 1727 divites
1507 1687 1547 1726 et

54 1742 176 1795 cycni
218 1745 431 1807 expetunt.
491 1742 547 1784 Et
575 1755 691 1785 mox:
735 1741 798 1784 At
833 1742 882 1784 in
919 1741 1016 1784 istis
1043 1741 1189 1783 diebus
1225 1745 1409 1783 veterum
1435 1741 1547 1783 ritus

45 1811 158 1851 pene
186 1801 299 1841 totus
330 1799 453 1842 novis
482 1798 851 1842 adinvmitionibus
870 1801 1146 1841 commutatus
1163 1801 1235 1840 est.
1272 1797 1546 1840 Foemineam

55 1855 274 1898 mollitiem
294 1855 499 1921 petulans
525 1856 721 1899 iuventus
751 1855 1031 1910 amplectitur,
1055 1855 1332 1908 foeminisque
1359 1854 1445 1897 viri
1476 1867 1544 1896 cu·

55 1911 189 1954 riales
219 1912 269 1954 in
298 1913 414 1955 omni
440 1912 619 1956 lascivia
646 1926 908 1966 summopere
937 1912 1183 1955 adulantur.
1242 1911 1407 1954 Pedum
1437 1911 1545 1953 arti-

54 1967 175 2021 culis,
206 1968 281 2012 ubi
303 1969 410 2023 finis
438 1973 500 2013 est
524 1971 727 2025 corporis,
754 1969 1073 2012 colubrinarum
1091 1968 1413 2011 similitudinem
1443 1981 1545 2010 cau-

51 2025 207 2069 darum
249 2026 487 2080 imponunt,
533 2041 639 2081 quas
682 2026 794 2069 velut
836 2026 1080 2080 scorpiones
1119 2038 1233 2079 prae
1274 2024 1408 2067 oculis
1452 2024 1545 2067 suis

45 2083 332 2136 prospiciunt.
390 2083 507 2126 Idem
538 2083 728 2139 Scriptor
771 2083 844 2126 lib.
878 2084 942 2125 11.
989 2082 1236 2124 Pervicaces
1276 2095 1424 2135 nempe
1458 2080 1544 2134 filii

52 2137 200 2182 Belial
228 2140 374 2194 capita
400 2154 482 2183 sua
511 2141 640 2184 comis
673 2139 898 2183 mulierum
940 2142 1106 2182 comunt
1156 2142 1195 2181 et
1228 2139 1275 2180 in
1306 2138 1545 2181 summitate

50 2196 208 2249 pedum
247 2210 421 2240 suorum
464 2198 625 2240 caudas
675 2197 946 2251 scorpionum
982 2199 1148 2251 yerunt,
1191 2194 1341 2248 quibus
1380 2208 1426 2237 33
1462 2208 1544 2248 per

52 2253 272 2296 mollitiem
309 2253 540 2308 foemineos
568 2259 608 2297 et
634 2268 718 2308 per
747 2253 912 2296 aculcos
941 2266 1088 2306 nempe
1114 2252 1379 2316 serpentinos
1406 2255 1543 2294 osten-

52 2309 173 2352 dunt.
247 2310 308 2353 Ex
352 2310 418 2354 his
463 2310 652 2355 Orderici
696 2311 833 2353 verbis
876 2310 962 2352 iam
1007 2308 1131 2352 modo
1175 2307 1437 2362 percipimus,
1468 2319 1542 2349 cur

53 2366 263 2410 Robcrtus
284 2366 432 2410 Comes
451 2368 746 2411 Atrebatensis
775 2366 886 2421 apud
903 2366 1147 2409 Mathaeum
1177 2364 1312 2406 Palis.
1327 2364 1380 2406 A.
1396 2373 1539 2407 MCCL.

52 2423 218 2478 Anglos
249 2425 300 2466 ut
326 2424 532 2468 caudatos
558 2438 642 2468 non
675 2423 801 2467 semel
832 2422 1133 2478 perstrinxerit,
1164 2433 1267 2475 quos
1288 2420 1480 2463 caudatis
1500 2420 1542 2462 et

52 2479 257 2524 aculeatis
285 2481 380 2524 istis
409 2481 703 2525 calceamentis
747 2480 842 2535 plus
871 2479 996 2522 solito
1040 2491 1137 2521 usos
1181 2478 1369 2520 constat:
1413 2476 1540 2519 Nunc

53 2536 154 2579 bene
179 2538 413 2581 mundatur
435 2538 758 2594 magnificorum
777 2536 984 2579 exercitus
994 2535 1264 2578 Francorum
1283 2548 1311 2576 a
1331 2533 1538 2576 caudatis.

51 2593 109 2635 Et
140 2593 275 2637 infra:
321 2593 358 2638 0
399 2595 646 2638 timidorum
694 2593 972 2636 caudatorum
1010 2590 1371 2644 formidolositas!
1415 2603 1543 2644 quam

53 2649 210 2703 beatus,
241 2665 369 2706 quam
407 2653 592 2695 mundus
633 2663 840 2705 praesens
877 2650 988 2702 foret
1018 2648 1235 2702 exercitus,
1264 2647 1305 2689 si
1334 2661 1363 2689 a
1391 2647 1541 2690 caudis

43 2711 369 2819 puryclzfetaegng
341 2712 384 2808 etl
406 2709 615 2808 caudatlsss.
674 2707 824 2806 Pegps
851 2703 1541 2815 Ξ133311ἇΞ3Ερὲῗαὲῗ.8ἑ13ι1ἷίῗζ

51 2776 140 2806 rico
387 2779 506 2808 orum
593 2778 687 2820 ege·
801 2776 850 2806 cu
898 2777 914 2805 1
948 2775 1009 2816 pc
1291 2775 1315 2802 r
1416 2775 1432 2803 1

51 2823 179 2865 torax
221 2822 445 2877 extensior,
490 2823 640 2867 lacerti
675 2820 849 2877 pufflles
906 2819 1046 2862 virum
1095 2817 1260 2873 fortene,
1305 2816 1461 2875 ayilem
1500 2819 1540 2861 et
