1806 3132
197 243 199 245 ’
288 250 372 296 530
541 273 545 276 -
806 257 984 294 cARom
1012 255 1252 294 DchNan

289 377 458 420 Iuniore
488 376 741 431 imperante:
775 376 891 419 euius
912 375 1037 418 etiam
1059 374 1175 417 iussu
1200 386 1414 417 murorum
1440 372 1554 416 urbis
1577 371 1784 416 Constan-

289 433 600 489 tinopolitanae
629 433 984 476 instaurationem
1016 431 1209 486 suscepit.
1263 430 1600 486 Theophylactus
1631 429 1783 473 Simoc.

290 491 363 534 lib.
385 492 423 534 8.
455 503 544 544 cap.
566 490 606 532 8.
635 491 698 546 τῷ
730 485 835 545 ἶερῷ
877 487 1048 542 τεμένει
1077 489 1156 546 τῆς
1188 484 1474 543 Θεομήτορος
1502 485 1785 541 προσεπέλα-

291 562 378 599 σεν,
412 540 438 590 ὃ
470 549 621 600 Κῦρον
649 542 726 589 τὸν
769 544 845 588 ἐπὶ
878 542 1123 588 Θεοδοσίου
1160 550 1239 587 τοῦ
1277 538 1631 598 Αὐτοκράτορος
1663 557 1787 598 γεγο-

293 600 399 648 νότα
441 602 684 658 δείμασθαι
727 599 855 658 λόγος
898 601 1173 658 καθέστηκεν
1211 595 1425 659 ἀψευδής.
1483 600 1634 655 Agunt
1666 613 1787 654 prae-

290 662 404 706 terea
438 661 488 704 de
518 662 643 703 hoece
675 660 847 715 Templo
879 659 1152 713 Theophanes
1183 658 1236 701 A.
1266 657 1464 701 Mauricii
1482 667 1563 700 XX.
1585 657 1784 700 Anastas.

291 720 336 762 in
375 718 487 761 Hist.
522 718 635 760 Eecl.
675 730 770 772 pag.
794 717 862 759 84.
908 716 1068 759 Paulus
1108 715 1228 758 Diae.
1256 715 1329 758 lib.
1354 716 1421 758 17.
1461 714 1621 757 Histor.
1666 714 1787 756 Mise.

293 775 495 831 Seylitzes
523 774 568 816 in
599 774 727 817 Mich.
748 773 954 828 Paphlag.
977 772 1164 815 Codinus
1194 772 1239 814 in
1263 771 1424 827 Origin.
1457 783 1552 826 pag.
1576 771 1642 813 54.
1671 770 1785 812 Edit.

293 833 396 888 Reg.
439 831 636 874 Meminit
672 843 768 873 vero
808 830 982 872 Nicetas
1021 829 1065 871 in
1099 829 1216 871 Man.
1249 828 1321 872 lib.
1344 829 1383 871 6.
1414 828 1469 870 N.
1489 827 1528 870 5.
1579 827 1787 882 Imaginis

293 890 502 944 Deiparae
531 900 686 943 magno
717 886 861 942 populi
893 898 1097 929 concursu
1128 899 1175 928 ea
1204 886 1249 927 in
1280 885 1394 927 Aede
1423 885 1573 927 cultae.

54 953 280 1002 Pag.145.C
423 940 624 995 ς’Υπατος
653 945 744 986 τῶν
776 938 1069 999 Φιλοσόφων]
1101 942 1214 984 Hinc
1245 941 1445 984 discimus
1474 942 1676 984 Ioannem
1695 939 1788 995 Hy-

292 1002 454 1057 patum,
488 1002 656 1044 natione
689 1001 862 1052 Italum,
894 1000 1011 1042 euius
1042 1012 1166 1054 opera
1197 998 1404 1054 quaedam
1422 997 1716 1052 Philosophica
1747 996 1788 1038 et

293 1059 519 1102 Rhetorica
551 1059 736 1101 recenset
757 1056 964 1100 Gesnerus
995 1057 1039 1098 in
1075 1056 1186 1099 Bibl.
1218 1055 1409 1098 eumdem
1436 1067 1523 1098 esse
1559 1067 1655 1096 eum
1676 1053 1787 1096 Italo

294 1115 483 1159 Annaeo.
541 1115 591 1158 Id
622 1115 732 1157 enim
758 1113 906 1157 suadet
937 1113 1105 1156 omnino
1125 1112 1299 1168 Hypati,
1331 1125 1414 1154 non
1445 1123 1687 1166 cognomen,
1719 1109 1789 1152 sed

294 1172 495 1239 dignitas.
555 1171 875 1236 Pselloquippe
912 1171 1013 1213 urbe
1051 1169 1238 1234 digresso
1266 1169 1421 1234 ⁸Italus
1456 1164 1657 1218 ‘'Ynavog
1699 1165 1790 1207 τῶν

294 1228 796 1349 Ξιᾷἳσῖέἑῖἔηᾞὲίξῑῇ
822 1224 1789 1338 {2322ittiztp0tffi¹ff³3ffis¹aaagitagit?

295 1343 564 1395 Monachum,
595 1342 810 1384 ormttltur
842 1342 985 1384 tamen
1017 1354 1041 1383 a
1074 1339 1245 1383 Codino.
1305 1339 1428 1382 Hanc
1466 1338 1680 1394 praeterea
1716 1337 1790 1379 ob-

295 1399 460 1443 tinuere
481 1399 687 1442 Constans
702 1398 934 1441 Vestarcha
956 1397 1068 1452 apud
1090 1397 1301 1439 Allatium
1321 1396 1498 1439 Dissert.
1520 1397 1559 1438 2.
1589 1395 1640 1437 de
1669 1394 1789 1437 libris

296 1457 409 1499 Eccl.
441 1455 636 1499 Graecor.
668 1468 764 1510 pag.
790 1456 882 1498 169.
932 1454 1115 1497 Michael
1159 1453 1323 1496 Psellus
1367 1453 1444 1496 sub
1488 1452 1633 1495 Alexio
1678 1450 1788 1505 apud

298 1513 544 1568 Seylitzem:
590 1512 853 1568 Amyrnaeus
899 1511 1071 1566 quidam
1115 1510 1194 1553 sub
1238 1510 1382 1553 eodem
1421 1509 1617 1564 Augusto
1678 1507 1789 1562 apud

298 1570 596 1625 Theophylaet.
616 1569 699 1611 Bul
733 1569 888 1611 .Areh.
920 1568 1051 1622 Epist.
1069 1568 1137 1611 40.
1171 1566 1567 1609 MichaelAnchiali
1594 1565 1636 1607 et
1653 1564 1789 1607 Theo-

296 1627 423 1670 dorus
464 1627 653 1669 Irenicus
701 1582 859 1680 {uspas
892 1625 1143 1667 Patriarcha
1175 1623 1255 1667 ΟΡ.
1285 1624 1358 1666 lib.
1380 1623 1418 1666 4.
1464 1623 1575 1665 Iuris
1608 1621 1790 1665 Graeco-

297 1684 419 1726 Rom.
463 1696 558 1739 pag.
581 1684 677 1725 303.
711 1683 807 1725 304.
851 1683 892 1724 et
936 1682 1100 1736 aliquot
1140 1681 1215 1724 alii
1262 1680 1373 1735 apud
1403 1679 1700 1723 Balsamonem
1737 1677 1789 1720 ad

298 1740 454 1784 Canon.
486 1740 634 1794 Apost.
666 1752 764 1794 pag.
787 1740 884 1781 621.
907 1739 1002 1782 673.
1035 1738 1124 1781 Nee
1155 1738 1297 1781 obstat
1317 1737 1428 1792 quod
1451 1737 1561 1779 idem
1585 1734 1790 1778 Gesnerus

295 1797 429 1840 tradit
470 1796 676 1852 quaedam
707 1796 878 1839 Ioannis
909 1795 1070 1851 Hypati
1115 1795 1271 1849 scripta
1300 1794 1543 1836 Andronico
1574 1792 1681 1847 Regi
1726 1791 1791 1833 di-

297 1855 404 1897 cata.
453 1854 555 1896 Fuit
585 1853 695 1896 enim
719 1853 755 1895 is
786 1852 1066 1905 Andronicus,
1099 1865 1182 1894 non
1205 1850 1452 1903 OomnenUS‚
1483 1849 1554 1893 sed
1585 1848 1790 1892 secundus

298 1910 568 1955 Constantini
598 1911 744 1952 Ducae
774 1909 1046 1964 Imperatoris
1076 1908 1201 1960 filius,
1238 1920 1362 1963 quem
1400 1919 1550 1962 parens
1584 1919 1664 1948 una
1695 1918 1790 1947 eum

297 1968 392 2011 aliis
422 1968 534 2019 filiis,
567 1966 771 2009 Michaele
809 1967 851 2009 ct
883 1965 1173 2017 Constantino,
1216 1964 1518 2019 Imperatorem
1563 1963 1681 2015 dixit,
1728 1961 1791 2003 uti

295 2025 508 2067 testantur
553 2024 735 2067 Zonaras
780 2024 820 2066 et
861 2022 1073 2078 Seylitzes.
1146 2021 1226 2065 Sed
1262 2023 1303 2064 et
1333 2020 1507 2064 florebat
1536 2020 1672 2063 Italus
1707 2018 1791 2060 Mi-

299 2082 440 2124 ehaele
469 2082 590 2123 Duea
620 2080 867 2135 imperante,-
902 2079 969 2123 vel
1017 2080 1128 2122 certe
1174 2078 1271 2121 ante
1317 2078 1516 2132 adeptum
1560 2077 1613 2119 ab
1642 2075 1789 2118 Alexio

297 2138 540 2192 Imperium,
573 2137 684 2192 quod
713 2137 866 2180 diserte
891 2136 1016 2179 Anna
1046 2136 1108 2179 ait
1138 2148 1233 2190 pag.
1259 2135 1352 2177 148.
1398 2134 1545 2189 Neque
1573 2133 1706 2176 alium
1738 2132 1790 2174 ab

298 2195 409 2237 Italo
455 2195 584 2237 fuisse
624 2194 825 2237 Ioannem
870 2193 992 2235 illum
1034 2192 1338 2246 Philosophum
1378 2190 1630 2241 censuerim,
1668 2201 1790 2243 quem

298 2251 773 2306 idemTheophylactus
804 2250 937 2305 Epist.
958 2250 1027 2293 45.
1061 2250 1257 2293 hortatur
1293 2248 1347 2291 ad
1378 2247 1640 2302 patientiam,
1672 2247 1714 2288 et
1743 2245 1792 2287 ut

298 2308 481 2350 inimicis
511 2308 714 2350 virtutem
753 2308 840 2350 eius
870 2307 1170 2361 impetentibus
1210 2305 1389 2348 viriliter
1420 2304 1610 2347 obsistat.
1671 2302 1793 2346 Unde

298 2364 433 2419 liquet
454 2364 688 2419 Epistolam
718 2365 829 2407 hanc
855 2363 1066 2418 scripsisse
1088 2362 1446 2417 Theophylactum
1478 2361 1572 2415 post
1600 2360 1791 2403 exactum

300 2422 401 2464 urbe
431 2422 604 2463 Italum.
667 2421 881 2474 Quaedam
913 2421 997 2463 alia
1027 2420 1210 2462 eiusdem
1242 2431 1365 2473 opera
1390 2417 1686 2472 Philosophica
1716 2416 1792 2458 ha-

300 2477 371 2520 bet
402 2477 621 2532 Philippus
654 2478 845 2521 Labbeus
873 2478 918 2520 in
947 2477 1071 2520 Nova
1100 2476 1210 2519 Bibl.
1242 2489 1337 2530 pag.
1364 2476 1455 2518 113.
1477 2475 1574 2517 383.

63 2539 288 2583 Pag.146.B
437 2533 666 2586 Διελέγετο
695 2530 774 2590 γὰρ
804 2533 878 2576 καὶ
907 2531 1038 2576 ἔπεσι
1068 2532 1141 2575 καὶ
1162 2529 1338 2588 χερσίν]
1371 2531 1491 2585 Quod
1521 2531 1566 2573 in
1586 2529 1793 2583 discepta-

301 2590 487 2633 tionibus
516 2591 738 2634 vitandum
770 2591 1016 2645 praesertim
1052 2591 1194 2634 monet
1224 2590 1274 2632 D.
1306 2587 1554 2631 Ambrosius
1580 2587 1652 2629 lib.
1678 2587 1712 2628 1.
1744 2585 1794 2627 de

303 2645 422 2689 offic.
455 2661 543 2701 cap.
566 2649 633 2690 22.
665 2647 791 2691 Absit
816 2649 1024 2702 pertinax
1050 2648 1098 2690 in
1119 2646 1336 2700 familiari
1355 2658 1545 2688 sermone
1563 2642 1791 2686 contentio:

303 2705 563 2756 quaestiones
592 2705 703 2747 enim
731 2706 871 2759 mayis
901 2705 1085 2747 excitare
1114 2705 1264 2746 inanes
1292 2715 1418 2756 quam
1448 2701 1614 2755 aliquid
1627 2699 1793 2742 utilita-

304 2760 359 2801 tis
388 2760 541 2813 afferre
569 2761 683 2804 solet.
743 2761 1009 2816 Disceptatio
1039 2761 1131 2804 sine
1159 2760 1241 2816 ira,
1282 2760 1373 2802 sine
1402 2757 1689 2801 amaritudine
1722 2755 1790 2807 sit,

302 2817 477 2859 monitio
511 2817 602 2860 sine
641 2819 881 2871 asperitate,
913 2818 1096 2861 hortatio
1125 2818 1218 2860 sine
1247 2815 1490 2869 offensione.-
1531 2818 1570 2857 et
1607 2814 1715 2856 sicut
1746 2813 1794 2854 in

305 2873 418 2915 omni
436 2877 532 2916 acta
551 2874 661 2916 vitae
680 2875 728 2918 id
748 2888 893 2918 cavere
911 2875 1117 2928 debemus,
1134 2889 1186 2917 ne
1206 2874 1414 2918 rationem
1427 2876 1562 2916 motus
1583 2870 1791 2923 excludat,
