<?xml version="1.0" encoding="UTF-8"?>
<!DOCTYPE html PUBLIC "-//W3C//DTD XHTML 1.0 Transitional//EN"
    "http://www.w3.org/TR/xhtml1/DTD/xhtml1-transitional.dtd">
<html xmlns="http://www.w3.org/1999/xhtml" xml:lang="en" lang="en">
 <head>
  <title>
</title>
<meta http-equiv="Content-Type" content="text/html;charset=utf-8" />
  <meta name='ocr-system' content='tesseract 3.04.00' />
  <meta name='ocr-capabilities' content='ocr_page ocr_carea ocr_par ocr_line ocrx_word'/>
</head>
<body>
  <div class='ocr_page' id='page_1' title='image "./corpusscriptorum03niebuoft/corpusscriptorum03niebuoft_0688.png"; bbox 0 0 1806 3132; ppageno 0'>
   <div class='ocr_carea' id='block_1_1' title="bbox 280 209 1238 256">
    <p class='ocr_par' dir='ltr' id='par_1_1' title="bbox 280 209 1238 256">
     <span class='ocr_line' id='line_1_1' title="bbox 280 209 1238 256; baseline 0.001 -3"><span class='ocrx_word' id='word_1_1' title='bbox 280 209 364 254; x_wconf 89' lang='grc'><em>670</em></span> <span class='ocrx_word' id='word_1_2' title='bbox 795 219 973 255; x_wconf 71' lang='lat' dir='ltr'><em>efflom</em></span> <span class='ocrx_word' id='word_1_3' title='bbox 1000 219 1238 256; x_wconf 73' lang='lat' dir='ltr'><em>DueAncn</em></span> 
     </span>
    </p>
   </div>
   <div class='ocr_carea' id='block_1_2' title="bbox 275 334 1760 447">
    <p class='ocr_par' dir='ltr' id='par_1_2' title="bbox 275 334 1760 447">
     <span class='ocr_line' id='line_1_2' title="bbox 275 334 1760 392; baseline 0.003 -15"><span class='ocrx_word' id='word_1_4' title='bbox 275 335 430 378; x_wconf 72' lang='lat' dir='ltr'><em>miores</em></span> <span class='ocrx_word' id='word_1_5' title='bbox 458 334 703 389; x_wconf 73' lang='lat' dir='ltr'><em>aynationis</em></span> <span class='ocrx_word' id='word_1_6' title='bbox 729 335 902 390; x_wconf 78' lang='lat' dir='ltr'><em>9radus.</em></span> <span class='ocrx_word' id='word_1_7' title='bbox 934 348 1026 378; x_wconf 85' lang='lat' dir='ltr'><em>eum</em></span> <span class='ocrx_word' id='word_1_8' title='bbox 1056 338 1181 378; x_wconf 88' lang='lat' dir='ltr'><em>antea</em></span> <span class='ocrx_word' id='word_1_9' title='bbox 1205 335 1437 390; x_wconf 77' lang='lat' dir='ltr'><em>penderent</em></span> <span class='ocrx_word' id='word_1_10' title='bbox 1467 349 1519 379; x_wconf 79' lang='lat' dir='ltr'><em>ex</em></span> <span class='ocrx_word' id='word_1_11' title='bbox 1538 336 1760 392; x_wconf 73' lang='lat' dir='ltr'><em>Principis</em></span> 
     </span>
     <span class='ocr_line' id='line_1_3' title="bbox 277 391 435 447; baseline 0.019 -15"><span class='ocrx_word' id='word_1_12' title='bbox 277 391 435 447; x_wconf 76' lang='lat' dir='ltr'><em>¹qratia.</em></span> 
     </span>
    </p>
   </div>
   <div class='ocr_carea' id='block_1_3' title="bbox 47 461 1761 2279">
    <p class='ocr_par' dir='ltr' id='par_1_3' title="bbox 47 461 1761 1994">
     <span class='ocr_line' id='line_1_4' title="bbox 47 461 1759 522; baseline 0.001 -13"><span class='ocrx_word' id='word_1_13' title='bbox 47 461 267 509; x_wconf 80' lang='lat' dir='ltr'><em>Pag.415.B</em></span> <span class='ocrx_word' id='word_1_14' title='bbox 419 464 492 519; x_wconf 76' lang='grc' dir='ltr'><em>Τῷ</em></span> <span class='ocrx_word' id='word_1_15' title='bbox 522 464 607 520; x_wconf 74' lang='grc' dir='ltr'><em>νῷ]</em></span> <span class='ocrx_word' id='word_1_16' title='bbox 640 463 814 507; x_wconf 87' lang='lat' dir='ltr'><em>Iurabat</em></span> <span class='ocrx_word' id='word_1_17' title='bbox 834 477 979 520; x_wconf 85' lang='lat' dir='ltr'><em>nempe</em></span> <span class='ocrx_word' id='word_1_18' title='bbox 996 466 1276 519; x_wconf 89' lang='lat' dir='ltr'><em>Boemundus,</em></span> <span class='ocrx_word' id='word_1_19' title='bbox 1307 466 1507 522; x_wconf 89' lang='lat' dir='ltr'><em>praestito</em></span> <span class='ocrx_word' id='word_1_20' title='bbox 1538 467 1591 510; x_wconf 90' lang='lat' dir='ltr'><em>ad</em></span> <span class='ocrx_word' id='word_1_21' title='bbox 1611 467 1759 510; x_wconf 82' lang='lat' dir='ltr'><em>haecce</em></span> 
     </span>
     <span class='ocr_line' id='line_1_5' title="bbox 278 520 1759 578; baseline 0.002 -15"><span class='ocrx_word' id='word_1_22' title='bbox 278 533 397 564; x_wconf 88' lang='lat' dir='ltr'><em>sacra</em></span> <span class='ocrx_word' id='word_1_23' title='bbox 428 520 584 564; x_wconf 75' lang='lat' dir='ltr'><strong>Christi</strong></span> <span class='ocrx_word' id='word_1_24' title='bbox 613 520 827 563; x_wconf 84' lang='lat' dir='ltr'>Passionis</span> <span class='ocrx_word' id='word_1_25' title='bbox 857 520 1058 576; x_wconf 81' lang='grc' dir='ltr'><em>λείψανα,</em></span> <span class='ocrx_word' id='word_1_26' title='bbox 1081 536 1188 578; x_wconf 85' lang='lat' dir='ltr'><em>quae</em></span> <span class='ocrx_word' id='word_1_27' title='bbox 1207 523 1312 575; x_wconf 87' lang='lat' dir='ltr'><em>tum,</em></span> <span class='ocrx_word' id='word_1_28' title='bbox 1335 524 1384 566; x_wconf 91' lang='lat' dir='ltr'><em>ut</em></span> <span class='ocrx_word' id='word_1_29' title='bbox 1404 523 1570 566; x_wconf 85' lang='lat' dir='ltr'><em>videtur</em></span> <span class='ocrx_word' id='word_1_30' title='bbox 1589 524 1759 567; x_wconf 88' lang='lat' dir='ltr'><em>innuere</em></span> 
     </span>
     <span class='ocr_line' id='line_1_6' title="bbox 279 577 1761 634; baseline 0.002 -14"><span class='ocrx_word' id='word_1_31' title='bbox 279 579 417 630; x_wconf 89' lang='lat' dir='ltr'><em>Anna,</em></span> <span class='ocrx_word' id='word_1_32' title='bbox 448 577 633 630; x_wconf 89' lang='lat' dir='ltr'><em>aberant,</em></span> <span class='ocrx_word' id='word_1_33' title='bbox 666 578 805 621; x_wconf 91' lang='lat' dir='ltr'><em>mente</em></span> <span class='ocrx_word' id='word_1_34' title='bbox 835 578 911 621; x_wconf 92' lang='lat' dir='ltr'><em>illa</em></span> <span class='ocrx_word' id='word_1_35' title='bbox 941 579 1287 634; x_wconf 88' lang='lat' dir='ltr'><em>comprehendens</em></span> <span class='ocrx_word' id='word_1_36' title='bbox 1316 581 1497 623; x_wconf 90' lang='lat' dir='ltr'><em>tantum.</em></span> <span class='ocrx_word' id='word_1_37' title='bbox 1558 580 1761 623; x_wconf 87' lang='lat' dir='ltr'><em>Asserva-</em></span> 
     </span>
     <span class='ocr_line' id='line_1_7' title="bbox 277 633 1761 691; baseline 0.002 -15"><span class='ocrx_word' id='word_1_38' title='bbox 277 634 433 677; x_wconf 91' lang='lat' dir='ltr'><em>bantur</em></span> <span class='ocrx_word' id='word_1_39' title='bbox 476 634 628 689; x_wconf 87' lang='lat' dir='ltr'><em>quippe</em></span> <span class='ocrx_word' id='word_1_40' title='bbox 655 633 1021 690; x_wconf 73' lang='lat' dir='ltr'>Constantinopoli</span> <span class='ocrx_word' id='word_1_41' title='bbox 1065 635 1208 679; x_wconf 84' lang='lat' dir='ltr'>Crucis</span> <span class='ocrx_word' id='word_1_42' title='bbox 1243 636 1488 680; x_wconf 90' lang='lat' dir='ltr'><em>Dominicae</em></span> <span class='ocrx_word' id='word_1_43' title='bbox 1530 637 1761 691; x_wconf 79' lang='lat' dir='ltr'>particulae</span> 
     </span>
     <span class='ocr_line' id='line_1_8' title="bbox 278 689 1759 748; baseline 0.003 -16"><span class='ocrx_word' id='word_1_44' title='bbox 278 690 432 745; x_wconf 88' lang='lat' dir='ltr'><em>variae,</em></span> <span class='ocrx_word' id='word_1_45' title='bbox 463 690 615 745; x_wconf 87' lang='lat' dir='ltr'><em>Spinea</em></span> <span class='ocrx_word' id='word_1_46' title='bbox 638 689 813 743; x_wconf 92' lang='lat' dir='ltr'><em>Corona,</em></span> <span class='ocrx_word' id='word_1_47' title='bbox 846 691 966 735; x_wconf 90' lang='lat' dir='ltr'><em>Clavi</em></span> <span class='ocrx_word' id='word_1_48' title='bbox 1010 705 1059 735; x_wconf 89' lang='lat' dir='ltr'><em>ac</em></span> <span class='ocrx_word' id='word_1_49' title='bbox 1090 692 1251 736; x_wconf 89' lang='lat' dir='ltr'><em>Lancea</em></span> <span class='ocrx_word' id='word_1_50' title='bbox 1282 706 1365 748; x_wconf 89' lang='lat' dir='ltr'><em>qua</em></span> <span class='ocrx_word' id='word_1_51' title='bbox 1388 692 1544 736; x_wconf 85' lang='lat' dir='ltr'>Christi</span> <span class='ocrx_word' id='word_1_52' title='bbox 1573 693 1759 748; x_wconf 85' lang='lat' dir='ltr'><em>perfora-</em></span> 
     </span>
     <span class='ocr_line' id='line_1_9' title="bbox 277 747 1758 804; baseline 0.003 -15"><span class='ocrx_word' id='word_1_53' title='bbox 277 747 370 789; x_wconf 94' lang='lat' dir='ltr'><em>tum</em></span> <span class='ocrx_word' id='word_1_54' title='bbox 399 747 482 790; x_wconf 89' lang='lat' dir='ltr'><em>fuit</em></span> <span class='ocrx_word' id='word_1_55' title='bbox 512 748 644 790; x_wconf 89' lang='lat' dir='ltr'><em>latus:</em></span> <span class='ocrx_word' id='word_1_56' title='bbox 673 747 782 802; x_wconf 86' lang='lat' dir='ltr'><em>quod</em></span> <span class='ocrx_word' id='word_1_57' title='bbox 812 748 916 791; x_wconf 87' lang='lat' dir='ltr'><em>satis</em></span> <span class='ocrx_word' id='word_1_58' title='bbox 946 761 1150 804; x_wconf 89' lang='lat' dir='ltr'><em>superque</em></span> <span class='ocrx_word' id='word_1_59' title='bbox 1179 749 1352 802; x_wconf 88' lang='lat' dir='ltr'><em>indicat,</em></span> <span class='ocrx_word' id='word_1_60' title='bbox 1385 763 1480 793; x_wconf 91' lang='lat' dir='ltr'><em>cum</em></span> <span class='ocrx_word' id='word_1_61' title='bbox 1510 749 1585 803; x_wconf 91' lang='lat' dir='ltr'><em>ait,</em></span> <span class='ocrx_word' id='word_1_62' title='bbox 1618 763 1758 793; x_wconf 90' lang='lat' dir='ltr'><em>sacra-</em></span> 
     </span>
     <span class='ocr_line' id='line_1_10' title="bbox 277 804 1760 862; baseline 0.003 -16"><span class='ocrx_word' id='word_1_63' title='bbox 277 804 464 846; x_wconf 88' lang='lat' dir='ltr'><em>mentum</em></span> <span class='ocrx_word' id='word_1_64' title='bbox 495 817 582 847; x_wconf 88' lang='lat' dir='ltr'><em>sese</em></span> <span class='ocrx_word' id='word_1_65' title='bbox 611 804 823 858; x_wconf 81' lang='lat' dir='ltr'><em>praestare</em></span> <span class='ocrx_word' id='word_1_66' title='bbox 853 805 1046 848; x_wconf 90' lang='lat' dir='ltr'><em>manibus</em></span> <span class='ocrx_word' id='word_1_67' title='bbox 1077 818 1195 849; x_wconf 88' lang='lat' dir='ltr'><em>sacra</em></span> <span class='ocrx_word' id='word_1_68' title='bbox 1232 806 1310 849; x_wconf 90' lang='lat' dir='ltr'><em>Dei</em></span> <span class='ocrx_word' id='word_1_69' title='bbox 1344 807 1576 862; x_wconf 87' lang='lat' dir='ltr'><em>Evangelia</em></span> <span class='ocrx_word' id='word_1_70' title='bbox 1612 820 1760 861; x_wconf 89' lang='lat' dir='ltr'><em>eorpo-</em></span> 
     </span>
     <span class='ocr_line' id='line_1_11' title="bbox 275 860 1760 916; baseline 0.001 -13"><span class='ocrx_word' id='word_1_71' title='bbox 275 860 438 913; x_wconf 76' lang='lat' dir='ltr'><em>raltter,</em></span> <span class='ocrx_word' id='word_1_72' title='bbox 456 861 504 903; x_wconf 90' lang='lat' dir='ltr'><em>ut</em></span> <span class='ocrx_word' id='word_1_73' title='bbox 524 861 706 912; x_wconf 85' lang='lat' dir='ltr'><em>aiebant,</em></span> <span class='ocrx_word' id='word_1_74' title='bbox 729 861 1082 916; x_wconf 86' lang='lat' dir='ltr'><em>contingentibus,</em></span> <span class='ocrx_word' id='word_1_75' title='bbox 1104 863 1242 905; x_wconf 89' lang='lat' dir='ltr'><em>mente</em></span> <span class='ocrx_word' id='word_1_76' title='bbox 1262 875 1358 906; x_wconf 80' lang='lat' dir='ltr'><em>vero</em></span> <span class='ocrx_word' id='word_1_77' title='bbox 1375 863 1587 906; x_wconf 85' lang='lat' dir='ltr'>Passionis</span> <span class='ocrx_word' id='word_1_78' title='bbox 1604 863 1760 907; x_wconf 81' lang='lat' dir='ltr'>Christi</span> 
     </span>
     <span class='ocr_line' id='line_1_12' title="bbox 277 917 1758 974; baseline 0.002 -15"><span class='ocrx_word' id='word_1_79' title='bbox 277 917 692 972; x_wconf 83' lang='lat' dir='ltr'><em>comprehendentem</em></span> <span class='ocrx_word' id='word_1_80' title='bbox 734 918 945 973; x_wconf 86' lang='lat' dir='ltr'><em>mysteria.</em></span> <span class='ocrx_word' id='word_1_81' title='bbox 1005 918 1065 960; x_wconf 95' lang='lat' dir='ltr'><em>At</em></span> <span class='ocrx_word' id='word_1_82' title='bbox 1101 920 1220 962; x_wconf 87' lang='lat' dir='ltr'><em>vetus</em></span> <span class='ocrx_word' id='word_1_83' title='bbox 1260 919 1448 974; x_wconf 85' lang='lat' dir='ltr'><em>Scriptor</em></span> <span class='ocrx_word' id='word_1_84' title='bbox 1489 920 1534 962; x_wconf 94' lang='lat' dir='ltr'><em>in</em></span> <span class='ocrx_word' id='word_1_85' title='bbox 1564 919 1758 974; x_wconf 88' lang='lat' dir='ltr'><em>Philippo</em></span> 
     </span>
     <span class='ocr_line' id='line_1_13' title="bbox 276 973 1758 1029; baseline 0.002 -13"><span class='ocrx_word' id='word_1_86' title='bbox 276 973 390 1028; x_wconf 82' lang='lat' dir='ltr'><em>Rege</em></span> <span class='ocrx_word' id='word_1_87' title='bbox 421 974 569 1016; x_wconf 87' lang='lat' dir='ltr'><em>Franc.</em></span> <span class='ocrx_word' id='word_1_88' title='bbox 598 973 715 1016; x_wconf 87' lang='lat' dir='ltr'><em>Tom.</em></span> <span class='ocrx_word' id='word_1_89' title='bbox 736 974 775 1017; x_wconf 79' lang='lat'><em>4.</em></span> <span class='ocrx_word' id='word_1_90' title='bbox 806 974 918 1017; x_wconf 89' lang='lat' dir='ltr'><em>Hist.</em></span> <span class='ocrx_word' id='word_1_91' title='bbox 951 975 1019 1018; x_wconf 79' lang='lat' dir='ltr'><em>Fr.</em></span> <span class='ocrx_word' id='word_1_92' title='bbox 1051 975 1104 1018; x_wconf 92' lang='lat' dir='ltr'><em>ab</em></span> <span class='ocrx_word' id='word_1_93' title='bbox 1131 975 1278 1019; x_wconf 87' lang='lat' dir='ltr'>Alexio</span> <span class='ocrx_word' id='word_1_94' title='bbox 1315 976 1369 1020; x_wconf 90' lang='lat' dir='ltr'><em>ad</em></span> <span class='ocrx_word' id='word_1_95' title='bbox 1403 976 1460 1028; x_wconf 89' lang='lat' dir='ltr'><em>id,</em></span> <span class='ocrx_word' id='word_1_96' title='bbox 1491 977 1532 1019; x_wconf 90' lang='lat' dir='ltr'><em>et</em></span> <span class='ocrx_word' id='word_1_97' title='bbox 1556 977 1758 1029; x_wconf 88' lang='lat' dir='ltr'><em>consulto,</em></span> 
     </span>
     <span class='ocr_line' id='line_1_14' title="bbox 275 1030 1757 1087; baseline 0.003 -15"><span class='ocrx_word' id='word_1_98' title='bbox 275 1030 481 1086; x_wconf 87' lang='lat' dir='ltr'><em>Byzantio</em></span> <span class='ocrx_word' id='word_1_99' title='bbox 509 1030 642 1073; x_wconf 91' lang='lat' dir='ltr'><em>allata</em></span> <span class='ocrx_word' id='word_1_100' title='bbox 670 1030 834 1073; x_wconf 85' lang='lat' dir='ltr'>scribit:</span> <span class='ocrx_word' id='word_1_101' title='bbox 867 1030 1037 1074; x_wconf 81' lang='lat' dir='ltr'><em>Statuta</em></span> <span class='ocrx_word' id='word_1_102' title='bbox 1066 1045 1164 1087; x_wconf 74' lang='lat' dir='ltr'><em>eryo</em></span> <span class='ocrx_word' id='word_1_103' title='bbox 1195 1033 1263 1076; x_wconf 81' lang='lat' dir='ltr'><em>die</em></span> <span class='ocrx_word' id='word_1_104' title='bbox 1292 1046 1375 1087; x_wconf 80' lang='lat' dir='ltr'><em>qua</em></span> <span class='ocrx_word' id='word_1_105' title='bbox 1403 1033 1503 1076; x_wconf 79' lang='lat' dir='ltr'><em>haee</em></span> <span class='ocrx_word' id='word_1_106' title='bbox 1522 1034 1757 1076; x_wconf 76' lang='lat' dir='ltr'><em>iuramento</em></span> 
     </span>
     <span class='ocr_line' id='line_1_15' title="bbox 274 1086 1759 1144; baseline 0.003 -15"><span class='ocrx_word' id='word_1_107' title='bbox 274 1087 661 1139; x_wconf 78' lang='lat' dir='ltr'><em>corroborarentur,</em></span> <span class='ocrx_word' id='word_1_108' title='bbox 692 1086 932 1141; x_wconf 74' lang='lat' dir='ltr'><em>Imperator</em></span> <span class='ocrx_word' id='word_1_109' title='bbox 960 1088 1062 1131; x_wconf 88' lang='lat' dir='ltr'><em>urbe</em></span> <span class='ocrx_word' id='word_1_110' title='bbox 1090 1089 1210 1144; x_wconf 72' lang='lat' dir='ltr'><em>reyia</em></span> <span class='ocrx_word' id='word_1_111' title='bbox 1240 1103 1443 1144; x_wconf 71' lang='lat' dir='ltr'><em>eyressus,</em></span> <span class='ocrx_word' id='word_1_112' title='bbox 1474 1091 1585 1133; x_wconf 80' lang='lat' dir='ltr'><em>venit</em></span> <span class='ocrx_word' id='word_1_113' title='bbox 1614 1090 1759 1133; x_wconf 74' lang='lat' dir='ltr'><em>obvius</em></span> 
     </span>
     <span class='ocr_line' id='line_1_16' title="bbox 274 1142 1760 1201; baseline 0.003 -16"><span class='ocrx_word' id='word_1_114' title='bbox 274 1142 522 1187; x_wconf 86' lang='lat' dir='ltr'><em>Boemundo</em></span> <span class='ocrx_word' id='word_1_115' title='bbox 551 1147 589 1186; x_wconf 91' lang='lat' dir='ltr'><em>et</em></span> <span class='ocrx_word' id='word_1_116' title='bbox 617 1142 809 1187; x_wconf 72' lang='lat' dir='ltr'><em>Ducibus</em></span> <span class='ocrx_word' id='word_1_117' title='bbox 838 1145 908 1188; x_wconf 78' lang='lat' dir='ltr'><em>via</em></span> <span class='ocrx_word' id='word_1_118' title='bbox 936 1145 1100 1188; x_wconf 77' lang='lat' dir='ltr'><em>dierum</em></span> <span class='ocrx_word' id='word_1_119' title='bbox 1126 1146 1215 1199; x_wconf 77' lang='lat' dir='ltr'><em>fere</em></span> <span class='ocrx_word' id='word_1_120' title='bbox 1244 1156 1325 1190; x_wconf 84' lang='lat' dir='ltr'><em>XV.</em></span> <span class='ocrx_word' id='word_1_121' title='bbox 1364 1146 1583 1200; x_wconf 75' lang='lat' dir='ltr'><em>Impositis</em></span> <span class='ocrx_word' id='word_1_122' title='bbox 1618 1147 1760 1201; x_wconf 76' lang='lat' dir='ltr'><em>itaque</em></span> 
     </span>
     <span class='ocr_line' id='line_1_17' title="bbox 273 1200 1758 1259; baseline 0.003 -17"><span class='ocrx_word' id='word_1_123' title='bbox 273 1200 470 1243; x_wconf 74' lang='lat' dir='ltr'><em>manibus</em></span> <span class='ocrx_word' id='word_1_124' title='bbox 496 1201 586 1255; x_wconf 78' lang='lat' dir='ltr'><em>ipse</em></span> <span class='ocrx_word' id='word_1_125' title='bbox 614 1203 653 1243; x_wconf 91' lang='lat' dir='ltr'><em>et</em></span> <span class='ocrx_word' id='word_1_126' title='bbox 681 1211 766 1243; x_wconf 84' lang='lat' dir='ltr'><strong>XII.</strong></span> <span class='ocrx_word' id='word_1_127' title='bbox 788 1202 927 1254; x_wconf 75' lang='lat' dir='ltr'><em>primi</em></span> <span class='ocrx_word' id='word_1_128' title='bbox 955 1215 1056 1245; x_wconf 88' lang='lat' dir='ltr'><em>suae</em></span> <span class='ocrx_word' id='word_1_129' title='bbox 1090 1203 1274 1246; x_wconf 80' lang='lat' dir='ltr'><em>civitatis</em></span> <span class='ocrx_word' id='word_1_130' title='bbox 1315 1205 1453 1246; x_wconf 75' lang='lat' dir='ltr'><em>sacrts</em></span> <span class='ocrx_word' id='word_1_131' title='bbox 1486 1203 1758 1259; x_wconf 71' lang='lat' dir='ltr'><em>piynoribus,</em></span> 
     </span>
     <span class='ocr_line' id='line_1_18' title="bbox 277 1255 1759 1314; baseline 0.003 -15"><span class='ocrx_word' id='word_1_132' title='bbox 277 1255 404 1300; x_wconf 79' lang='lat' dir='ltr'><em>Cruci</em></span> <span class='ocrx_word' id='word_1_133' title='bbox 432 1257 622 1300; x_wconf 80' lang='lat' dir='ltr'><em>videlicet</em></span> <span class='ocrx_word' id='word_1_134' title='bbox 648 1255 910 1311; x_wconf 79' lang='lat' dir='ltr'><em>Dominicae,</em></span> <span class='ocrx_word' id='word_1_135' title='bbox 941 1272 1035 1301; x_wconf 88' lang='lat' dir='ltr'><em>cum</em></span> <span class='ocrx_word' id='word_1_136' title='bbox 1076 1258 1176 1302; x_wconf 70' lang='lat' dir='ltr'><em>aliis</em></span> <span class='ocrx_word' id='word_1_137' title='bbox 1219 1273 1324 1314; x_wconf 77' lang='lat' dir='ltr'><em>quae</em></span> <span class='ocrx_word' id='word_1_138' title='bbox 1365 1273 1502 1303; x_wconf 88' lang='lat' dir='ltr'><em>secum</em></span> <span class='ocrx_word' id='word_1_139' title='bbox 1545 1260 1759 1314; x_wconf 86' lang='lat' dir='ltr'><em>attulerat,</em></span> 
     </span>
     <span class='ocr_line' id='line_1_19' title="bbox 274 1313 1758 1371; baseline 0.003 -15"><span class='ocrx_word' id='word_1_140' title='bbox 274 1317 440 1357; x_wconf 82' lang='lat' dir='ltr'><em>astante</em></span> <span class='ocrx_word' id='word_1_141' title='bbox 466 1313 629 1357; x_wconf 91' lang='lat' dir='ltr'><em>Ioanne</em></span> <span class='ocrx_word' id='word_1_142' title='bbox 654 1313 746 1367; x_wconf 74' lang='lat' dir='ltr'><em>filio</em></span> <span class='ocrx_word' id='word_1_143' title='bbox 776 1314 876 1367; x_wconf 82' lang='lat' dir='ltr'><em>eius,</em></span> <span class='ocrx_word' id='word_1_144' title='bbox 907 1315 1066 1358; x_wconf 75' lang='lat' dir='ltr'><em>iuravit</em></span> <span class='ocrx_word' id='word_1_145' title='bbox 1096 1317 1238 1359; x_wconf 75' lang='lat' dir='ltr'><em>omnia</em></span> <span class='ocrx_word' id='word_1_146' title='bbox 1268 1330 1372 1371; x_wconf 80' lang='lat' dir='ltr'><em>quae</em></span> <span class='ocrx_word' id='word_1_147' title='bbox 1393 1318 1619 1371; x_wconf 81' lang='lat' dir='ltr'><em>proposita</em></span> <span class='ocrx_word' id='word_1_148' title='bbox 1646 1321 1758 1370; x_wconf 85' lang='lat' dir='ltr'><em>sunt,</em></span> 
     </span>
     <span class='ocr_line' id='line_1_20' title="bbox 274 1370 1758 1428; baseline 0.003 -16"><span class='ocrx_word' id='word_1_149' title='bbox 274 1370 428 1425; x_wconf 77' lang='lat' dir='ltr'><em>absque</em></span> <span class='ocrx_word' id='word_1_150' title='bbox 465 1370 622 1424; x_wconf 83' lang='lat' dir='ltr'><em>fraude</em></span> <span class='ocrx_word' id='word_1_151' title='bbox 664 1375 1005 1414; x_wconf 81' lang='lat' dir='ltr'><em>conservaturum</em></span> <span class='ocrx_word' id='word_1_152' title='bbox 1047 1373 1160 1415; x_wconf 78' lang='lat' dir='ltr'><em>omni</em></span> <span class='ocrx_word' id='word_1_153' title='bbox 1204 1387 1283 1427; x_wconf 77' lang='lat' dir='ltr'><em>quo</em></span> <span class='ocrx_word' id='word_1_154' title='bbox 1323 1378 1536 1427; x_wconf 84' lang='lat' dir='ltr'><em>superstes</em></span> <span class='ocrx_word' id='word_1_155' title='bbox 1577 1377 1758 1428; x_wconf 88' lang='lat' dir='ltr'><em>tempore</em></span> 
     </span>
     <span class='ocr_line' id='line_1_21' title="bbox 269 1425 1756 1486; baseline 0.003 -17"><span class='ocrx_word' id='word_1_156' title='bbox 269 1425 391 1480; x_wconf 83' lang='lat' dir='ltr'><em>foret,</em></span> <span class='ocrx_word' id='word_1_157' title='bbox 422 1426 669 1470; x_wconf 84' lang='lat' dir='ltr'><em>Boemundo</em></span> <span class='ocrx_word' id='word_1_158' title='bbox 698 1427 766 1470; x_wconf 67' lang='lat' dir='ltr'><em>illo:</em></span> <span class='ocrx_word' id='word_1_159' title='bbox 795 1441 839 1471; x_wconf 86' lang='lat' dir='ltr'><em>se</em></span> <span class='ocrx_word' id='word_1_160' title='bbox 866 1428 1063 1471; x_wconf 76' lang='lat' dir='ltr'><em>subdente</em></span> <span class='ocrx_word' id='word_1_161' title='bbox 1091 1433 1129 1471; x_wconf 88' lang='lat' dir='ltr'><em>et</em></span> <span class='ocrx_word' id='word_1_162' title='bbox 1166 1429 1294 1483; x_wconf 74' lang='lat' dir='ltr'><em>fidem</em></span> <span class='ocrx_word' id='word_1_163' title='bbox 1317 1431 1602 1486; x_wconf 76' lang='lat' dir='ltr'><em>promittente,</em></span> <span class='ocrx_word' id='word_1_164' title='bbox 1624 1444 1756 1485; x_wconf 78' lang='lat' dir='ltr'><em>quan-</em></span> 
     </span>
     <span class='ocr_line' id='line_1_22' title="bbox 273 1484 1757 1542; baseline 0.001 -14"><span class='ocrx_word' id='word_1_165' title='bbox 273 1484 349 1528; x_wconf 76' lang='lat' dir='ltr'><em>diu</em></span> <span class='ocrx_word' id='word_1_166' title='bbox 367 1484 512 1527; x_wconf 75' lang='lat' dir='ltr'><em>iurata</em></span> <span class='ocrx_word' id='word_1_167' title='bbox 529 1487 726 1527; x_wconf 83' lang='lat' dir='ltr'><em>servaret.</em></span> <span class='ocrx_word' id='word_1_168' title='bbox 767 1484 856 1527; x_wconf 89' lang='lat' dir='ltr'><em>Nec</em></span> <span class='ocrx_word' id='word_1_169' title='bbox 877 1486 1044 1528; x_wconf 91' lang='lat' dir='ltr'><em>omnino</em></span> <span class='ocrx_word' id='word_1_170' title='bbox 1066 1486 1215 1529; x_wconf 87' lang='lat' dir='ltr'><em>abnuit</em></span> <span class='ocrx_word' id='word_1_171' title='bbox 1230 1486 1355 1529; x_wconf 90' lang='lat' dir='ltr'><em>Anna</em></span> <span class='ocrx_word' id='word_1_172' title='bbox 1375 1487 1448 1530; x_wconf 90' lang='lat' dir='ltr'><em>lib.</em></span> <span class='ocrx_word' id='word_1_173' title='bbox 1469 1488 1532 1530; x_wconf 88' lang='grc'><em>14.</em></span> <span class='ocrx_word' id='word_1_174' title='bbox 1547 1500 1643 1542; x_wconf 85' lang='lat' dir='ltr'><em>pag.</em></span> <span class='ocrx_word' id='word_1_175' title='bbox 1660 1488 1757 1529; x_wconf 83' lang='lat'><strong>419.</strong></span> 
     </span>
     <span class='ocr_line' id='line_1_23' title="bbox 275 1539 1759 1599; baseline 0.001 -16"><span class='ocrx_word' id='word_1_176' title='bbox 275 1553 383 1596; x_wconf 90' lang='lat' dir='ltr'><em>quae</em></span> <span class='ocrx_word' id='word_1_177' title='bbox 412 1542 721 1584; x_wconf 88' lang='lat' dir='ltr'><em>sacramentum</em></span> <span class='ocrx_word' id='word_1_178' title='bbox 762 1554 787 1584; x_wconf 94' lang='lat' dir='ltr'><em>a</em></span> <span class='ocrx_word' id='word_1_179' title='bbox 823 1542 1067 1585; x_wconf 89' lang='lat' dir='ltr'><em>Boemundo</em></span> <span class='ocrx_word' id='word_1_180' title='bbox 1103 1543 1351 1597; x_wconf 89' lang='lat' dir='ltr'><em>praestitum</em></span> <span class='ocrx_word' id='word_1_181' title='bbox 1384 1543 1459 1599; x_wconf 90' lang='lat' dir='ltr'><em>ait,</em></span> <span class='ocrx_word' id='word_1_182' title='bbox 1500 1545 1589 1586; x_wconf 81' lang='grc' dir='ltr'><em>τῶν</em></span> <span class='ocrx_word' id='word_1_183' title='bbox 1627 1539 1759 1598; x_wconf 75' lang='grc' dir='ltr'><em>ἱερῶν</em></span> 
     </span>
     <span class='ocr_line' id='line_1_24' title="bbox 273 1591 1758 1711; baseline 0.003 -15"><span class='ocrx_word' id='word_1_184' title='bbox 273 1591 533 1697; x_wconf 46' lang='grc' dir='ltr'><em>Ξῗὲἒνζῗέίίὲν</em></span> <span class='ocrx_word' id='word_1_185' title='bbox 554 1594 1481 1710; x_wconf 38' lang='lat' dir='ltr'><em>{350⁰stifft,ifftoffiutsstxasssst53¹ss</em></span> <span class='ocrx_word' id='word_1_186' title='bbox 1499 1600 1758 1711; x_wconf 55' lang='lat' dir='ltr'><em>§Zpffrfflssssii&#39;</em></span> 
     </span>
     <span class='ocr_line' id='line_1_25' title="bbox 274 1711 1756 1768; baseline 0.003 -15"><span class='ocrx_word' id='word_1_187' title='bbox 274 1711 396 1765; x_wconf 78' lang='lat' dir='ltr'><em>quias</em></span> <span class='ocrx_word' id='word_1_188' title='bbox 417 1711 753 1765; x_wconf 78' lang='lat' dir='ltr'><em>pretiosissimas</em></span> <span class='ocrx_word' id='word_1_189' title='bbox 781 1712 860 1754; x_wconf 88' lang='lat' dir='ltr'><em>etc.</em></span> <span class='ocrx_word' id='word_1_190' title='bbox 907 1711 1093 1765; x_wconf 88' lang='lat' dir='ltr'><em>Crucem,</em></span> <span class='ocrx_word' id='word_1_191' title='bbox 1124 1711 1330 1756; x_wconf 88' lang='lat' dir='ltr'><em>Coronam</em></span> <span class='ocrx_word' id='word_1_192' title='bbox 1352 1713 1559 1768; x_wconf 87' lang='lat' dir='ltr'><em>Spineam,</em></span> <span class='ocrx_word' id='word_1_193' title='bbox 1592 1713 1756 1766; x_wconf 88' lang='lat' dir='ltr'><em>Clavos,</em></span> 
     </span>
     <span class='ocr_line' id='line_1_26' title="bbox 274 1768 1758 1814; baseline 0.002 -4"><span class='ocrx_word' id='word_1_194' title='bbox 274 1768 447 1810; x_wconf 83' lang='lat' dir='ltr'><em>Ferrum</em></span> <span class='ocrx_word' id='word_1_195' title='bbox 478 1768 665 1811; x_wconf 87' lang='lat' dir='ltr'><em>Lanceae</em></span> <span class='ocrx_word' id='word_1_196' title='bbox 709 1769 750 1811; x_wconf 90' lang='lat' dir='ltr'><em>et</em></span> <span class='ocrx_word' id='word_1_197' title='bbox 779 1768 864 1811; x_wconf 91' lang='lat' dir='ltr'><em>alia</em></span> <span class='ocrx_word' id='word_1_198' title='bbox 894 1769 1138 1812; x_wconf 87' lang='lat' dir='ltr'><em>Dominicae</em></span> <span class='ocrx_word' id='word_1_199' title='bbox 1157 1769 1369 1813; x_wconf 87' lang='lat' dir='ltr'>Passionis</span> <span class='ocrx_word' id='word_1_200' title='bbox 1397 1771 1678 1813; x_wconf 85' lang='lat' dir='ltr'><em>instrumenta</em></span> <span class='ocrx_word' id='word_1_201' title='bbox 1710 1784 1758 1814; x_wconf 89' lang='lat' dir='ltr'><em>ea</em></span> 
     </span>
     <span class='ocr_line' id='line_1_27' title="bbox 273 1824 1757 1880; baseline 0.003 -14"><span class='ocrx_word' id='word_1_202' title='bbox 273 1825 522 1879; x_wconf 88' lang='lat' dir='ltr'><em>tempestate</em></span> <span class='ocrx_word' id='word_1_203' title='bbox 552 1824 915 1880; x_wconf 90' lang='lat' dir='ltr'><em>Constantinopoli</em></span> <span class='ocrx_word' id='word_1_204' title='bbox 937 1825 982 1868; x_wconf 89' lang='lat' dir='ltr'><em>in</em></span> <span class='ocrx_word' id='word_1_205' title='bbox 1003 1826 1171 1869; x_wconf 90' lang='lat' dir='ltr'><em>Palatio</em></span> <span class='ocrx_word' id='word_1_206' title='bbox 1202 1827 1415 1870; x_wconf 87' lang='lat' dir='ltr'><em>asservata</em></span> <span class='ocrx_word' id='word_1_207' title='bbox 1444 1827 1625 1870; x_wconf 86' lang='lat' dir='ltr'><em>testatur</em></span> <span class='ocrx_word' id='word_1_208' title='bbox 1646 1827 1757 1870; x_wconf 91' lang='lat' dir='ltr'><em>Wil—</em></span> 
     </span>
     <span class='ocr_line' id='line_1_28' title="bbox 273 1881 1755 1938; baseline 0.002 -15"><span class='ocrx_word' id='word_1_209' title='bbox 273 1881 424 1923; x_wconf 88' lang='lat' dir='ltr'><em>lelmus</em></span> <span class='ocrx_word' id='word_1_210' title='bbox 446 1881 596 1937; x_wconf 84' lang='lat' dir='ltr'><em>Tyrius</em></span> <span class='ocrx_word' id='word_1_211' title='bbox 627 1881 699 1924; x_wconf 82' lang='lat' dir='ltr'><em>lib.</em></span> <span class='ocrx_word' id='word_1_212' title='bbox 720 1883 788 1937; x_wconf 15' lang='lat'><em>112.</em></span> <span class='ocrx_word' id='word_1_213' title='bbox 821 1895 908 1937; x_wconf 89' lang='lat' dir='ltr'><em>cap.</em></span> <span class='ocrx_word' id='word_1_214' title='bbox 931 1883 999 1925; x_wconf 83' lang='lat'><em>25.</em></span> <span class='ocrx_word' id='word_1_215' title='bbox 1022 1883 1063 1925; x_wconf 92' lang='lat' dir='ltr'><em>et</em></span> <span class='ocrx_word' id='word_1_216' title='bbox 1084 1884 1150 1926; x_wconf 81' lang='lat'><em>26.</em></span> <span class='ocrx_word' id='word_1_217' title='bbox 1174 1883 1325 1938; x_wconf 90' lang='lat' dir='ltr'><em>quibus</em></span> <span class='ocrx_word' id='word_1_218' title='bbox 1345 1883 1472 1926; x_wconf 89' lang='lat' dir='ltr'><em>tactis</em></span> <span class='ocrx_word' id='word_1_219' title='bbox 1493 1885 1755 1927; x_wconf 91' lang='lat' dir='ltr'><em>sacramenta</em></span> 
     </span>
     <span class='ocr_line' id='line_1_29' title="bbox 273 1938 1756 1994; baseline 0.003 -15"><span class='ocrx_word' id='word_1_220' title='bbox 273 1938 595 1992; x_wconf 89' lang='lat' dir='ltr'><em>praestabantur</em></span> <span class='ocrx_word' id='word_1_221' title='bbox 610 1938 654 1980; x_wconf 94' lang='lat' dir='ltr'><em>in</em></span> <span class='ocrx_word' id='word_1_222' title='bbox 684 1939 806 1981; x_wconf 87' lang='lat' dir='ltr'><em>rebus</em></span> <span class='ocrx_word' id='word_1_223' title='bbox 827 1938 997 1981; x_wconf 89' lang='lat' dir='ltr'><em>maioris</em></span> <span class='ocrx_word' id='word_1_224' title='bbox 1014 1939 1205 1994; x_wconf 87' lang='lat' dir='ltr'><em>ponderis</em></span> <span class='ocrx_word' id='word_1_225' title='bbox 1229 1952 1279 1982; x_wconf 90' lang='lat' dir='ltr'><em>ac</em></span> <span class='ocrx_word' id='word_1_226' title='bbox 1299 1940 1513 1983; x_wconf 92' lang='lat' dir='ltr'><em>momenti.</em></span> <span class='ocrx_word' id='word_1_227' title='bbox 1549 1940 1756 1983; x_wconf 79' lang='lat' dir='ltr'><em>Raimun—</em></span> 
     </span>
    </p>

    <p class='ocr_par' dir='ltr' id='par_1_4' title="bbox 181 1993 1756 2279">
     <span class='ocr_line' id='line_1_30' title="bbox 181 1993 1754 2050; baseline 0.003 -14"><span class='ocrx_word' id='word_1_228' title='bbox 181 1993 184 1995; x_wconf 78' lang='grc'><strong>’</strong></span> <span class='ocrx_word' id='word_1_229' title='bbox 274 1994 354 2037; x_wconf 89' lang='lat' dir='ltr'><em>dus·</em></span> <span class='ocrx_word' id='word_1_230' title='bbox 382 1994 431 2037; x_wconf 91' lang='lat' dir='ltr'><em>de</em></span> <span class='ocrx_word' id='word_1_231' title='bbox 461 1994 625 2050; x_wconf 86' lang='lat' dir='ltr'><em>Agiles:</em></span> <span class='ocrx_word' id='word_1_232' title='bbox 655 1994 915 2049; x_wconf 74' lang='lat' dir='ltr'><em>Imperatori</em></span> <span class='ocrx_word' id='word_1_233' title='bbox 943 1996 1178 2039; x_wconf 72' lang='lat' dir='ltr'><em>iuravimus</em></span> <span class='ocrx_word' id='word_1_234' title='bbox 1204 2010 1331 2050; x_wconf 87' lang='lat' dir='ltr'><em>super</em></span> <span class='ocrx_word' id='word_1_235' title='bbox 1360 1996 1630 2040; x_wconf 82' lang='lat' dir='ltr'><em>Dominicam</em></span> <span class='ocrx_word' id='word_1_236' title='bbox 1651 1997 1754 2041; x_wconf 83' lang='lat' dir='ltr'><em>Cru-</em></span> 
     </span>
     <span class='ocr_line' id='line_1_31' title="bbox 273 2050 1756 2108; baseline 0.003 -14"><span class='ocrx_word' id='word_1_237' title='bbox 273 2064 358 2094; x_wconf 85' lang='lat' dir='ltr'><em>cem</em></span> <span class='ocrx_word' id='word_1_238' title='bbox 386 2054 425 2094; x_wconf 88' lang='lat' dir='ltr'><em>et</em></span> <span class='ocrx_word' id='word_1_239' title='bbox 454 2050 656 2105; x_wconf 75' lang='lat' dir='ltr'><em>Spineam</em></span> <span class='ocrx_word' id='word_1_240' title='bbox 687 2050 900 2095; x_wconf 78' lang='lat' dir='ltr'><em>Coronam</em></span> <span class='ocrx_word' id='word_1_241' title='bbox 927 2055 972 2108; x_wconf 22' lang='lat' dir='ltr'><em>et,</em></span> <span class='ocrx_word' id='word_1_242' title='bbox 994 2066 1121 2107; x_wconf 83' lang='lat' dir='ltr'><em>super</em></span> <span class='ocrx_word' id='word_1_243' title='bbox 1149 2053 1282 2096; x_wconf 81' lang='lat' dir='ltr'><em>multa</em></span> <span class='ocrx_word' id='word_1_244' title='bbox 1312 2053 1402 2096; x_wconf 74' lang='lat' dir='ltr'><em>alia</em></span> <span class='ocrx_word' id='word_1_245' title='bbox 1432 2052 1604 2098; x_wconf 83' lang='lat' dir='ltr'><em>Sancta.</em></span> <span class='ocrx_word' id='word_1_246' title='bbox 1650 2054 1756 2098; x_wconf 87' lang='lat' dir='ltr'><em>Vide</em></span> 
     </span>
     <span class='ocr_line' id='line_1_32' title="bbox 275 2106 1756 2164; baseline 0.003 -15"><span class='ocrx_word' id='word_1_247' title='bbox 275 2106 457 2150; x_wconf 84' lang='lat' dir='ltr'><em>Gretzer.</em></span> <span class='ocrx_word' id='word_1_248' title='bbox 488 2108 605 2152; x_wconf 83' lang='lat' dir='ltr'><em>Tom.</em></span> <span class='ocrx_word' id='word_1_249' title='bbox 629 2110 665 2151; x_wconf 91' lang='lat'><em>1.</em></span> <span class='ocrx_word' id='word_1_250' title='bbox 697 2109 747 2151; x_wconf 87' lang='lat' dir='ltr'><em>de</em></span> <span class='ocrx_word' id='word_1_251' title='bbox 778 2108 819 2152; x_wconf 86' lang='lat' dir='ltr'><em>S.</em></span> <span class='ocrx_word' id='word_1_252' title='bbox 851 2108 981 2152; x_wconf 91' lang='lat' dir='ltr'><em>Cruce</em></span> <span class='ocrx_word' id='word_1_253' title='bbox 1009 2109 1080 2152; x_wconf 91' lang='lat' dir='ltr'><em>lib.</em></span> <span class='ocrx_word' id='word_1_254' title='bbox 1105 2110 1140 2152; x_wconf 92' lang='lat'><em>1.</em></span> <span class='ocrx_word' id='word_1_255' title='bbox 1172 2122 1261 2164; x_wconf 88' lang='lat' dir='ltr'><em>cap.</em></span> <span class='ocrx_word' id='word_1_256' title='bbox 1287 2111 1352 2152; x_wconf 88' lang='grc'><em>12.</em></span> <span class='ocrx_word' id='word_1_257' title='bbox 1383 2110 1424 2153; x_wconf 88' lang='lat' dir='ltr'><em>et</em></span> <span class='ocrx_word' id='word_1_258' title='bbox 1444 2111 1642 2153; x_wconf 89' lang='lat' dir='ltr'><em>Ioannem</em></span> <span class='ocrx_word' id='word_1_259' title='bbox 1657 2111 1756 2154; x_wconf 84' lang='lat' dir='ltr'><em>Fer-</em></span> 
     </span>
     <span class='ocr_line' id='line_1_33' title="bbox 272 2164 1756 2222; baseline 0.003 -16"><span class='ocrx_word' id='word_1_260' title='bbox 272 2164 451 2207; x_wconf 91' lang='lat' dir='ltr'><em>randum</em></span> <span class='ocrx_word' id='word_1_261' title='bbox 487 2165 560 2208; x_wconf 89' lang='lat' dir='ltr'><em>lib.</em></span> <span class='ocrx_word' id='word_1_262' title='bbox 593 2167 632 2208; x_wconf 84' lang='lat'><em>2.</em></span> <span class='ocrx_word' id='word_1_263' title='bbox 667 2165 889 2220; x_wconf 89' lang='lat' dir='ltr'><em>Disquisit.</em></span> <span class='ocrx_word' id='word_1_264' title='bbox 931 2165 1215 2221; x_wconf 86' lang='lat' dir='ltr'><em>Reliquiariae</em></span> <span class='ocrx_word' id='word_1_265' title='bbox 1258 2179 1348 2221; x_wconf 92' lang='lat' dir='ltr'><em>cap.</em></span> <span class='ocrx_word' id='word_1_266' title='bbox 1384 2167 1422 2209; x_wconf 87' lang='lat'><em>3.</em></span> <span class='ocrx_word' id='word_1_267' title='bbox 1469 2167 1548 2210; x_wconf 89' lang='lat' dir='ltr'><em>art.</em></span> <span class='ocrx_word' id='word_1_268' title='bbox 1566 2167 1606 2209; x_wconf 87' lang='lat'><em>4.</em></span> <span class='ocrx_word' id='word_1_269' title='bbox 1650 2179 1756 2222; x_wconf 91' lang='lat' dir='ltr'><em>quae</em></span> 
     </span>
     <span class='ocr_line' id='line_1_34' title="bbox 273 2220 1754 2279; baseline 0.003 -17"><span class='ocrx_word' id='word_1_270' title='bbox 273 2220 441 2274; x_wconf 89' lang='lat' dir='ltr'><em>quidem</em></span> <span class='ocrx_word' id='word_1_271' title='bbox 462 2222 727 2265; x_wconf 87' lang='lat' dir='ltr'><em>sacrosancta</em></span> <span class='ocrx_word' id='word_1_272' title='bbox 757 2221 947 2277; x_wconf 83' lang='grc' dir='ltr'><em>λείψανα</em></span> <span class='ocrx_word' id='word_1_273' title='bbox 973 2222 1017 2264; x_wconf 90' lang='lat' dir='ltr'><em>in</em></span> <span class='ocrx_word' id='word_1_274' title='bbox 1034 2222 1231 2276; x_wconf 81' lang='lat' dir='ltr'><em>Galliam,</em></span> <span class='ocrx_word' id='word_1_275' title='bbox 1249 2222 1290 2266; x_wconf 85' lang='lat' dir='ltr'><em>S.</em></span> <span class='ocrx_word' id='word_1_276' title='bbox 1308 2223 1518 2267; x_wconf 86' lang='lat' dir='ltr'><em>Ludovico</em></span> <span class='ocrx_word' id='word_1_277' title='bbox 1538 2225 1754 2279; x_wconf 88' lang='lat' dir='ltr'><em>regnante,</em></span> 
     </span>
    </p>
   </div>
   <div class='ocr_carea' id='block_1_4' title="bbox 272 2278 1752 2378">
    <p class='ocr_par' dir='ltr' id='par_1_5' title="bbox 272 2278 1752 2378">
     <span class='ocr_line' id='line_1_35' title="bbox 272 2278 1752 2378; baseline 0.003 -59"><span class='ocrx_word' id='word_1_278' title='bbox 272 2278 902 2378; x_wconf 48' lang='lat' dir='ltr'><em>ffistf⁰ssu¹³i¹1al113ta13ff⁰n8tat‘</em></span> <span class='ocrx_word' id='word_1_279' title='bbox 952 2279 1058 2322; x_wconf 87' lang='lat' dir='ltr'><em>Vide</em></span> <span class='ocrx_word' id='word_1_280' title='bbox 1073 2279 1307 2323; x_wconf 90' lang='lat' dir='ltr'><em>Historiam</em></span> <span class='ocrx_word' id='word_1_281' title='bbox 1329 2281 1515 2324; x_wconf 89' lang='lat' dir='ltr'><em>nostram</em></span> <span class='ocrx_word' id='word_1_282' title='bbox 1538 2279 1752 2336; x_wconf 85' lang='lat' dir='ltr'><em>Gallobyz.</em></span> 
     </span>
     <span class='ocr_line' id='line_1_36' title="bbox 290 2346 755 2378; baseline 0.004 -2"><span class='ocrx_word' id='word_1_283' title='bbox 290 2346 344 2377; x_wconf 92' lang='lat'><em>1.</em></span> <span class='ocrx_word' id='word_1_284' title='bbox 395 2367 404 2376; x_wconf 91' lang='lat'><strong>.</strong></span> <span class='ocrx_word' id='word_1_285' title='bbox 479 2368 488 2377; x_wconf 92' lang='lat'><strong>.</strong></span> <span class='ocrx_word' id='word_1_286' title='bbox 568 2370 576 2378; x_wconf 94' lang='lat'><strong>.</strong></span> <span class='ocrx_word' id='word_1_287' title='bbox 656 2368 665 2378; x_wconf 91' lang='lat'><strong>.</strong></span> <span class='ocrx_word' id='word_1_288' title='bbox 746 2368 755 2378; x_wconf 90' lang='lat'><strong>.</strong></span> 
     </span>
    </p>
   </div>
   <div class='ocr_carea' id='block_1_5' title="bbox 227 2404 1756 2567">
    <p class='ocr_par' dir='ltr' id='par_1_6' title="bbox 227 2404 1756 2567">
     <span class='ocr_line' id='line_1_37' title="bbox 227 2404 1756 2475; baseline 0.001 -24"><span class='ocrx_word' id='word_1_289' title='bbox 227 2415 262 2451; x_wconf 93' lang='lat' dir='ltr'>D</span> <span class='ocrx_word' id='word_1_290' title='bbox 408 2404 537 2450; x_wconf 78' lang='grc' dir='ltr'><strong><em>Κατὰ</em></strong></span> <span class='ocrx_word' id='word_1_291' title='bbox 564 2409 679 2474; x_wconf 59' lang='grc' dir='ltr'>μῆνοξ</span> <span class='ocrx_word' id='word_1_292' title='bbox 707 2405 1035 2475; x_wconf 81' lang='grc' dir='ltr'><strong><em>Σεπτέμβριον]</em></strong></span> <span class='ocrx_word' id='word_1_293' title='bbox 1078 2409 1268 2452; x_wconf 84' lang='lat' dir='ltr'><em>Firmata</em></span> <span class='ocrx_word' id='word_1_294' title='bbox 1308 2422 1386 2464; x_wconf 88' lang='lat' dir='ltr'><em>pax</em></span> <span class='ocrx_word' id='word_1_295' title='bbox 1415 2409 1623 2475; x_wconf 45' lang='lat' dir='ltr'><em>Alexium·</em></span> <span class='ocrx_word' id='word_1_296' title='bbox 1646 2410 1756 2453; x_wconf 88' lang='lat' dir='ltr'><em>inter</em></span> 
     </span>
     <span class='ocr_line' id='line_1_38' title="bbox 273 2464 1755 2521; baseline 0.002 -14"><span class='ocrx_word' id='word_1_297' title='bbox 273 2464 316 2507; x_wconf 92' lang='lat' dir='ltr'><em>et</em></span> <span class='ocrx_word' id='word_1_298' title='bbox 344 2464 635 2508; x_wconf 91' lang='lat' dir='ltr'><em>Boemundum</em></span> <span class='ocrx_word' id='word_1_299' title='bbox 664 2479 709 2508; x_wconf 92' lang='lat' dir='ltr'><em>1n</em></span> <span class='ocrx_word' id='word_1_300' title='bbox 738 2467 839 2509; x_wconf 88' lang='lat' dir='ltr'><em>urbe</em></span> <span class='ocrx_word' id='word_1_301' title='bbox 869 2466 1050 2519; x_wconf 85' lang='lat' dir='ltr'><em>Diaboll,</em></span> <span class='ocrx_word' id='word_1_302' title='bbox 1088 2479 1228 2509; x_wconf 87' lang='lat' dir='ltr'><em>mense</em></span> <span class='ocrx_word' id='word_1_303' title='bbox 1260 2465 1494 2521; x_wconf 83' lang='lat' dir='ltr'><em>Septembrl</em></span> <span class='ocrx_word' id='word_1_304' title='bbox 1531 2466 1683 2509; x_wconf 84' lang='lat' dir='ltr'><em>Indlct.</em></span> <span class='ocrx_word' id='word_1_305' title='bbox 1716 2468 1755 2510; x_wconf 88' lang='grc'><em>2.</em></span> 
     </span>
     <span class='ocr_line' id='line_1_39' title="bbox 271 2520 1753 2567; baseline 0.002 -4"><span class='ocrx_word' id='word_1_306' title='bbox 271 2520 441 2564; x_wconf 88' lang='lat' dir='ltr'><em>ineunte</em></span> <span class='ocrx_word' id='word_1_307' title='bbox 476 2522 601 2565; x_wconf 92' lang='lat' dir='ltr'><em>Anno</em></span> <span class='ocrx_word' id='word_1_308' title='bbox 638 2533 688 2565; x_wconf 90' lang='lat' dir='ltr'><em>M.</em></span> <span class='ocrx_word' id='word_1_309' title='bbox 725 2522 843 2565; x_wconf 86' lang='lat' dir='ltr'><em>iuxta</em></span> <span class='ocrx_word' id='word_1_310' title='bbox 879 2522 1058 2566; x_wconf 82' lang='lat' dir='ltr'><em>Graecos</em></span> <span class='ocrx_word' id='word_1_311' title='bbox 1087 2531 1363 2567; x_wconf 80' lang='lat' dir='ltr'><strong>VIMDOXVII.</strong></span> <span class='ocrx_word' id='word_1_312' title='bbox 1401 2522 1556 2566; x_wconf 87' lang='lat' dir='ltr'><em>Christi</em></span> <span class='ocrx_word' id='word_1_313' title='bbox 1582 2533 1753 2567; x_wconf 84' lang='lat' dir='ltr'><strong>MCVIII.</strong></span> 
     </span>
    </p>
   </div>
   <div class='ocr_carea' id='block_1_6' title="bbox 29 2585 1754 2758">
    <p class='ocr_par' dir='ltr' id='par_1_7' title="bbox 29 2585 1754 2758">
     <span class='ocr_line' id='line_1_40' title="bbox 29 2585 1754 2648; baseline 0.002 -18"><span class='ocrx_word' id='word_1_314' title='bbox 29 2601 123 2648; x_wconf 55' lang='lat'><em>1³33,</em></span> <span class='ocrx_word' id='word_1_315' title='bbox 137 2602 219 2638; x_wconf 85' lang='lat'><strong>416.</strong></span> <span class='ocrx_word' id='word_1_316' title='bbox 227 2602 259 2637; x_wconf 78' lang='grc' dir='ltr'><strong>Α</strong></span> <span class='ocrx_word' id='word_1_317' title='bbox 404 2585 536 2643; x_wconf 86' lang='grc' dir='ltr'><em>Παρὰ</em></span> <span class='ocrx_word' id='word_1_318' title='bbox 564 2589 644 2632; x_wconf 79' lang='grc' dir='ltr'><em>τοῦ</em></span> <span class='ocrx_word' id='word_1_319' title='bbox 678 2585 841 2647; x_wconf 80' lang='grc' dir='ltr'><strong><em>Πάπα]</em></strong></span> <span class='ocrx_word' id='word_1_320' title='bbox 887 2590 1083 2633; x_wconf 84' lang='lat' dir='ltr'><em>Pascha-li</em></span> <span class='ocrx_word' id='word_1_321' title='bbox 1112 2591 1170 2633; x_wconf 91' lang='lat' dir='ltr'><em>II.</em></span> <span class='ocrx_word' id='word_1_322' title='bbox 1201 2603 1381 2646; x_wconf 88' lang='lat' dir='ltr'><em>quocum</em></span> <span class='ocrx_word' id='word_1_323' title='bbox 1420 2603 1468 2634; x_wconf 88' lang='lat' dir='ltr'><em>ea</em></span> <span class='ocrx_word' id='word_1_324' title='bbox 1503 2591 1754 2645; x_wconf 85' lang='lat' dir='ltr'><em>tempestate</em></span> 
     </span>
     <span class='ocr_line' id='line_1_41' title="bbox 271 2647 1752 2702; baseline 0.002 -15"><span class='ocrx_word' id='word_1_325' title='bbox 271 2658 426 2700; x_wconf 88' lang='lat' dir='ltr'><em>magna</em></span> <span class='ocrx_word' id='word_1_326' title='bbox 471 2647 560 2693; x_wconf 85' lang='lat' dir='ltr'><em>erat</em></span> <span class='ocrx_word' id='word_1_327' title='bbox 592 2647 634 2689; x_wconf 90' lang='lat' dir='ltr'><em>et</em></span> <span class='ocrx_word' id='word_1_328' title='bbox 663 2647 845 2690; x_wconf 90' lang='lat' dir='ltr'><em>Henrico</em></span> <span class='ocrx_word' id='word_1_329' title='bbox 875 2647 1131 2702; x_wconf 88' lang='lat' dir='ltr'><em>Imperatore</em></span> <span class='ocrx_word' id='word_1_330' title='bbox 1174 2647 1379 2690; x_wconf 87' lang='lat' dir='ltr'><em>simultas.</em></span> <span class='ocrx_word' id='word_1_331' title='bbox 1438 2647 1545 2690; x_wconf 87' lang='lat' dir='ltr'><em>Vide</em></span> <span class='ocrx_word' id='word_1_332' title='bbox 1579 2648 1752 2690; x_wconf 89' lang='lat' dir='ltr'><em>Petrum</em></span> 
     </span>
     <span class='ocr_line' id='line_1_42' title="bbox 272 2701 763 2758; baseline 0.004 -14"><span class='ocrx_word' id='word_1_333' title='bbox 272 2701 390 2744; x_wconf 90' lang='lat' dir='ltr'><em>Diac.</em></span> <span class='ocrx_word' id='word_1_334' title='bbox 420 2701 492 2745; x_wconf 91' lang='lat' dir='ltr'><em>lib.</em></span> <span class='ocrx_word' id='word_1_335' title='bbox 513 2703 551 2744; x_wconf 89' lang='lat'><em>4.</em></span> <span class='ocrx_word' id='word_1_336' title='bbox 583 2715 671 2758; x_wconf 89' lang='lat' dir='ltr'><em>cap.</em></span> <span class='ocrx_word' id='word_1_337' title='bbox 693 2704 763 2746; x_wconf 88' lang='lat'><em>48.</em></span> 
     </span>
    </p>
   </div>
   <div class='ocr_carea' id='block_1_7' title="bbox 227 2767 1753 2882">
    <p class='ocr_par' dir='ltr' id='par_1_8' title="bbox 227 2767 1753 2882">
     <span class='ocr_line' id='line_1_43' title="bbox 227 2767 1753 2829; baseline 0.003 -18"><span class='ocrx_word' id='word_1_338' title='bbox 227 2783 261 2820; x_wconf 74' lang='grc' dir='ltr'><strong>Α</strong></span> <span class='ocrx_word' id='word_1_339' title='bbox 405 2767 627 2823; x_wconf 81' lang='grc' dir='ltr'><strong><em>Σεβαστὸς</em></strong></span> <span class='ocrx_word' id='word_1_340' title='bbox 656 2768 680 2813; x_wconf 84' lang='grc' dir='ltr'><em>ὃ</em></span> <span class='ocrx_word' id='word_1_341' title='bbox 712 2772 940 2829; x_wconf 82' lang='grc' dir='ltr'><strong>Μαρῖνος]</strong></span> <span class='ocrx_word' id='word_1_342' title='bbox 960 2771 1041 2827; x_wconf 83' lang='lat' dir='ltr'><em>Qui</em></span> <span class='ocrx_word' id='word_1_343' title='bbox 1060 2785 1185 2828; x_wconf 89' lang='lat' dir='ltr'><em>supra</em></span> <span class='ocrx_word' id='word_1_344' title='bbox 1204 2770 1560 2827; x_wconf 80' lang='grc' dir='ltr'><strong><em>Μαϊστρομίλιος</em></strong></span> <span class='ocrx_word' id='word_1_345' title='bbox 1585 2773 1627 2816; x_wconf 92' lang='lat' dir='ltr'><em>et</em></span> <span class='ocrx_word' id='word_1_346' title='bbox 1640 2772 1753 2816; x_wconf 89' lang='lat' dir='ltr'><em>Nea-</em></span> 
     </span>
     <span class='ocr_line' id='line_1_44' title="bbox 273 2825 848 2882; baseline 0.003 -14"><span class='ocrx_word' id='word_1_347' title='bbox 273 2825 485 2882; x_wconf 90' lang='lat' dir='ltr'><em>politanus</em></span> <span class='ocrx_word' id='word_1_348' title='bbox 514 2827 762 2882; x_wconf 88' lang='lat' dir='ltr'><em>appellatur.</em></span> <span class='ocrx_word' id='word_1_349' title='bbox 844 2854 848 2857; x_wconf 64' lang='grc'><em>»</em></span> 
     </span>
    </p>
   </div>
  </div>
 </body>
</html>
