1734 3120
495 160 759 221 ALmAms
788 186 881 219 Lm.
912 186 1012 222 xrv.
1039 182 1076 219 8.
1455 180 1538 221 299

48 299 227 353 δρυμῶν
257 293 550 357 ἀποτελευτᾷ.
599 295 879 354 ἑκατέρωθεν
908 299 956 343 δὲ
979 303 1070 344 τῶν
1098 302 1379 358 καταρρύτων
1402 300 1537 349 αὗτοῦ

48 363 194 409 πολλὰ
235 365 307 410 καὶ
351 363 668 410 πλουσιώτατοι
714 364 826 424 ἔθνη
871 367 1045 422 νέμεται
1083 371 1242 412 Δακῶν
1281 371 1361 426 μὲν
1397 366 1539 416 ὄντων

47 434 341 490 βορειοτέρων
375 434 447 478 καὶ
486 435 576 477 τῶν
608 437 808 493 Θρᾳκῶν,
858 436 1133 491 νοτιωτέρων
1177 438 1225 481 δὲ
1260 441 1447 498 Θρᾳκῶν
1488 458 1536 484 τε

47 496 193 545 αὐτῶν
223 502 296 546 καὶ
324 500 612 547 Μακεδόνων.
672 506 831 562 τοῦτον
869 501 948 547 τὸν
977 499 1140 561 Αἷμον
1168 507 1465 564 διαπερῶντες
1495 507 1535 553 οἱ

13 567 255 626 5Νομάδες
282 567 455 615 Σκύθαι
486 568 595 614 κατὰ
632 569 737 624 τούς
771 567 988 616 ἀνέκαθεν
1028 571 1224 630 χρόνοι-ς,
1266 576 1373 632 πρὶν
1403 574 1430 635 ἢ
1458 581 1537 622 τοῦ

45 632 246 693 Ἀλεξίου
285 636 337 683 τὸ
383 635 490 695 δόρυ
533 639 605 683 καὶ
651 637 693 682 οἳ
724 640 886 684 πολλοὶ
930 635 1095 697 ἀγῶνες
1128 639 1193 694 εἷς
1221 645 1537 701 πανωλεθριάν

46 702 319 765 κατήνεγκαν,
354 711 628 767 πανστρατιᾷ
655 705 734 766 τὴν
759 708 986 764 Ῥωμαίων
1006 709 1235 767 ἡγεμονίαν
1266 709 1447 756 ἐκάκουν
1465 714 1578 757 καὶΒ

44 770 233 829 μάλιστα
273 772 352 827 τὰς
381 774 634 832 ἑγγυτέρους
675 772 843 829 πόλεις,
892 767 953 819 ὧν
995 773 1287 837 προιῗκάθητο
1334 778 1359 837 ἦ
1399 778 1538 825 πάλαι

46 839 412 900 πολυθρὺλλητος
458 840 833 897 Φιλιππούπολις.
909 842 932 888 ὁ
978 845 1026 890 δὲ
1061 848 1298 903 Τζιμισκῗς
1340 843 1538 907 Ἰωάννης

0 908 149 963 [Οτοῠς
177 910 225 955 ἐκ
254 913 333 971 τῆς
364 914 638 971 Μανιχαϊκῆς
666 910 879 968 αἱρέσεως
917 910 1180 971 ἄντιμάχοις
1211 915 1314 977 ἡμῖν
1349 917 1538 976 ποιησά-

43 996 177 1035 μενος
205 975 461 1036 συμμάχους
492 977 602 1024 κατά
631 998 677 1038 γε
707 979 764 1027 τὰ
793 979 911 1026 ὅπλα
931 978 1198 1040 α’ξιομάχους
1218 983 1422 1042 δυνάμεις
1441 991 1537 1039 τοῖς

47 1043 203 1103 νομάσι
231 1044 408 1101 τούτοις
421 1046 619 1102 Σκύθαις
636 1043 896 1108 ἆντέστησε·
925 1052 998 1095 καὶ
1029 1050 1080 1095 τό
1106 1052 1315 1097 ἐντεῦθεν
1334 1049 1427 1098 nius)
1448 1058 1538 1099 τῶν

45 1113 265 1160 πλειόνων
293 1118 583 1174 καταδρομιῦν
611 1113 854 1164 α’νέπνευσε
884 1117 939 1166 τὰ
967 1123 1057 1164 τῶν
1088 1118 1276 1167 πόλεων.
1324 1119 1366 1165 οἳ
1386 1122 1537 1178 μέντοι

44 1188 288 1239 ΠΙανιχαῖοι
321 1183 452 1244 φύσει
495 1180 620 1239 ὄντες
648 1184 881 1244 ἐλεύθεροι
922 1189 995 1232 καὶ
1024 1184 1321 1234 ἄνυπότακτοι
1352 1189 1403 1234 τὸ
1438 1190 1538 1236 εἰω-

0 1258 30 1292 .5
47 1251 132 1305 θός
162 1253 346 1298 ἐποίουν
374 1254 446 1298 καὶ
480 1253 544 1307 εἷς
574 1252 652 1314 τὴν
693 1253 827 1314 (ρι’-σιν
867 1251 1161 1313 οἷνέκαμπτον.
1233 1261 1356 1304 πᾶσα
1391 1257 1470 1318 γάρ
1512 1258 1535 1318 ἡ

46 1318 411 1375 Φιλιπποῦπολις
439 1321 556 1381 πλὴν
585 1318 744 1381 ὀλίγων
765 1318 890 1378 ι’)’ντες
910 1329 1154 1380 Μανιχαῖοι
1184 1329 1274 1370 τῶν
1303 1345 1349 1371 τε
1372 1323 1575 1372 mimimo

43 1391 326 1446 Χριστιανῶν
370 1383 630 1448 ἑτυράννοιν
673 1394 746 1436 καὶ
788 1391 841 1436 τὰ
888 1390 1065 1437 τούτων
1110 1392 1354 1452 διήρπαζον
1398 1394 1534 1453 μικρὰ

42 1458 353 1516 φροντίζοντες
390 1456 418 1516 ’ἢ
457 1454 584 1504 οιῖδέν
611 1464 701 1504 τῶν
731 1456 1129 1517 ἆποστελλομένων
1159 1461 1281 1519 παρὰ
1304 1465 1533 1519 βασιλέως.

44 1518 229 1582 ηῗῖξανον
257 1526 405 1572 τοίνυν
434 1527 507 1571 καὶ
543 1526 597 1571 τὰ
626 1526 769 1587 κύκλῳ
807 1527 1221 1584 Φιλιππουπόλεως
1252 1529 1398 1576 πάντα
1426 1523 1537 1590 ἦσαν

0 1589 271 1649 Ξοαῖρετικοί.
330 1596 608 1652 συνεισέβαλε
653 1598 702 1642 δὲ
746 1598 818 1642 καὶ
861 1595 1044 1651 τούτοις
1086 1598 1238 1655 ἕτερος
1279 1597 1481 1655 ποταμὸς
1507 1597 1535 1645 o‘

179 1709 208 1744 l.
235 1709 535 1755 ἑκαῐέρρωθενΟ.
625 1708 859 1759 metapontum
884 1713 1034 1758 scripsi:
1059 1710 1272 1760 καταρρύων
1297 1714 1365 1750 CP.
1450 1714 1532 1750 ταύ-

179 1756 241 1791 τοῦ
252 1756 293 1802 Ρ,
308 1759 469 1794 correxi.
552 1761 586 1795 2.
614 1761 744 1796 θακῶν
755 1761 792 1797 C.
868 1763 901 1797 3.
927 1759 1142 1809 νοτιώτερον
1167 1763 1203 1798 Ο.
1275 1765 1308 1797 5.
1335 1763 1467 1798 σκῦθοι
1494 1765 1534 1801 C.

175 1806 208 1841 9.
235 1802 544 1853 πολυθρὺλλητος]
573 1821 592 1852 η
618 1809 657 1844 in
677 1809 703 1844 C
729 1821 748 1845 e
773 1822 870 1846 corr.
897 1823 946 1846 m.
972 1812 1005 1845 2.
1170 1811 1359 1857 τζιμισχῆς
1384 1811 1440 1856 (3¹,
1467 1815 1534 1854 τζι-

174 1854 311 1901 μισκῆς
339 1854 425 1891 02P.
529 1858 583 1892 10.
609 1857 651 1892 ἐκ
676 1859 738 1901 τῆς
763 1858 803 1900 Ο,
833 1859 895 1903 τῆς
919 1871 990 1894 om.
1018 1859 1057 1894 P.
1185 1861 1240 1894 12.
1266 1857 1466 1903 ἀντέστησε
1493 1860 1532 1906 C,

173 1899 368 1946 ἀιτίστησε
393 1903 433 1939 Ρ.
519 1905 572 1940 16.
600 1902 914 1953 Φιλιππούπολις]
941 1922 950 1941 ι
979 1907 1153 1943 ultimum
1180 1908 1219 1942 in
1238 1907 1264 1942 C
1284 1920 1303 1943 e
1319 1920 1417 1944 corr.
1433 1921 1480 1944 m.
1498 1909 1530 1944 2.

174 1946 278 1989 ὄντες
303 1956 512 1999 Μανιχαῖοι
533 1953 572 1999 C,
595 1949 715 1990 ὄντων
732 1959 960 2002 ΝΙανιχαίων
978 1956 1016 1991 Ρ.
1121 1956 1175 1991 19.
1203 1951 1357 2000 ηὔξανον
1383 1958 1531 2002 scripsi:

174 1995 302 2043 ηὔξανε
316 1999 343 2035 C
368 2000 402 2047 (ε
419 2000 458 2036 in
475 2013 548 2037 ras.
566 2014 612 2038 m.
629 2003 667 2049 2)
680 2003 721 2039 Ρ.

40 2111 151 2148 silvas
176 2111 318 2148 finitur.
380 2115 571 2160 utrimque
603 2119 728 2152 autem
767 2117 907 2152 montis
937 2116 1095 2152 declivia
1128 2116 1266 2151 multae
1308 2116 1531 2162 eaedemque

35 2160 338 2204 opulentissimae
362 2166 492 2208 gentes
518 2167 659 2205 tenent,
683 2165 773 2201 Daci
799 2165 1034 2210 Thracesque
1067 2177 1087 2200 a
1113 2165 1390 2209 septemtrione.
1420 2166 1530 2200 meri-

37 2208 137 2243 diem
164 2220 292 2244 versus
318 2210 430 2247 iidem
458 2212 622 2248 Thraces
655 2225 698 2248 ac
723 2213 953 2249 Macedones.
1014 2213 1113 2249 hunc
1137 2213 1316 2248 Haemum
1355 2213 1530 2249 nomades

38 2256 197 2302 Scythae
229 2259 419 2303 superiore
447 2263 628 2306 tempore,
661 2265 859 2306 antequam
896 2262 1018 2297 Alexii
1054 2262 1156 2296 hasta
1181 2264 1219 2296 et
1246 2261 1364 2296 multa
1389 2262 1532 2306 proelia

38 2316 100 2340 eos
125 2317 242 2351 paene
265 2306 450 2352 delerant,
489 2310 710 2356 transgressi
737 2310 885 2356 ingenti
915 2309 1157 2345 multitudine
1182 2309 1391 2344 Romanum
1418 2310 1531 2355 impe-

40 2352 137 2388 rium
162 2353 396 2400 affligebant,
426 2357 601 2402 inprimis
638 2362 763 2393 autem
800 2359 940 2394 vicinas
978 2358 1114 2393 finibus
1157 2358 1278 2401 urbes,
1316 2357 1414 2392 inter
1441 2370 1531 2404 quas

38 2401 244 2438 clarissima
267 2403 334 2438 illa
359 2405 546 2450 quondam
587 2406 861 2452 Philippopolis
897 2408 1070 2452 princeps
1106 2406 1323 2441 habebatur.
1375 2406 1529 2441 Ioannes

37 2461 124 2486 vero
156 2450 356 2488 Tzimisces
394 2454 487 2489 istos
523 2467 542 2490 e
579 2455 883 2490 Manichaeorum
922 2458 1021 2490 secta
1059 2454 1291 2489 adversarios
1332 2454 1371 2488 in
1413 2455 1531 2490 socios
1569 2496 1572 2499 ¹

37 2502 296 2541 commutatos,
322 2501 353 2536 si
380 2513 484 2537 arma
508 2507 661 2548 spectas,
689 2507 732 2538 ut
756 2503 863 2538 firma
889 2502 1170 2548 propugnacula
1196 2502 1342 2548 Scythis
1368 2501 1442 2537 illis
1467 2514 1530 2538 no-

38 2546 210 2582 madibus
237 2550 424 2594 opposuit,
458 2562 503 2586 ex
532 2563 650 2597 eoque
675 2555 844 2596 tempore
871 2551 981 2586 urbes
1012 2563 1032 2586 e
1057 2551 1245 2586 continuis
1285 2550 1364 2585 fere
1401 2562 1528 2586 eorum

38 2595 315 2632 incursionibus
354 2599 602 2644 respirabant.
661 2603 916 2635 verumtamen
945 2598 1152 2634 Manichaei
1178 2602 1314 2633 natura
1339 2598 1447 2633 liberi
1474 2599 1529 2634 in-

38 2643 251 2690 docilesque
275 2657 363 2681 mox
392 2647 440 2682 ad
465 2648 658 2693 ingenium
690 2660 794 2683 suum
823 2659 1017 2692 moresque
1044 2646 1247 2682 redierunt.
1289 2645 1529 2692 Philippopo-

38 2691 84 2726 lis
107 2693 206 2728 enim
232 2692 385 2738 incolae,
421 2696 487 2741 qni
513 2708 641 2731 omnes
666 2697 794 2742 paucis
821 2696 983 2740 exceptis
1012 2695 1219 2730 Manichaei
1243 2698 1362 2735 erant,
1393 2699 1530 2731 vexant

39 2739 270 2777 Christianos
294 2742 394 2778 illius
418 2744 584 2790 regionis
608 2744 867 2790 diripiuntque
893 2755 1020 2778 eorum
1043 2743 1142 2778 bona
1157 2743 1312 2778 minima
1328 2743 1386 2778 vel
1405 2744 1529 2788 potius

38 2788 140 2823 nulla
166 2789 404 2834 imperatoris
429 2792 638 2838 legatorum
665 2793 810 2827 ratione
839 2792 980 2832 habita,
1015 2793 1070 2826 ita
1102 2794 1145 2826 ut
1169 2792 1304 2826 sensim
1330 2791 1526 2837 paulatim-

42 2848 114 2882 que
138 2837 264 2874 omnia
287 2839 389 2876 circa
412 2840 694 2888 Philippopolin
733 2844 857 2876 essent
884 2840 1081 2876 haeretica.
1134 2839 1284 2877 affluxit
1321 2839 1368 2876 ad
1399 2851 1461 2876 eos
1491 2843 1529 2878 et·
