1734 3120
236 200 319 241 300
737 205 904 240 ANNAE
940 204 1206 239 COMNENAE

231 323 321 363 τῶν
348 315 593 376 Ἀρμενίων
621 317 815 376 ἁλμυρὸς
845 320 917 363 καὶ
953 313 1088 371 ἄλλος
1128 313 1220 362 ἄπο
1264 321 1353 362 τῶν
1393 316 1719 375 θολερωτάτων

232 389 386 445 πηγῶν
406 384 626 444 Ἰακώβου.
666 388 737 431 καὶ
766 379 828 445 ἦν,
861 385 923 439 ὥς
952 385 1073 430 οὕτω
1102 403 1148 443 γε
1179 384 1328 445 φάναι,
1347 389 1491 430 κακῶν
1511 384 1720 430 ἁπάντων

230 453 504 513 μισγάγκεια·
532 456 604 499 καὶ
634 453 690 499 τοὶ
718 455 797 511 μὲν
828 452 1024 512 δόγματα
1055 452 1316 512 διεφώνουν,
1360 452 1642 514 συνεφώνουν
1672 455 1719 499 δὲ·

229 527 328 576 ταῖς
356 519 651 576 ἆποστασίαις
687 521 728 567 οἶ
761 524 885 568 ἄλλοι
914 526 1010 574 τοῖς
1040 522 1318 577 Μανιχαίοις.
1379 517 1472 566 ἄλλ’
1505 520 1531 566 δ’
1559 539 1606 579 γε
1634 540 1721 566 πα-

78 599 121 637 V.
147 601 218 635 358
229 590 308 650 τὴρ
341 589 445 648 ἐμὸς
474 593 546 636 καὶ
575 587 860 648 αὐτοκράτωρ
891 592 962 636 καὶ
993 589 1109 648 πρὸς
1139 589 1322 644 τούτους
1355 592 1433 652 τὴν
1460 608 1719 648 στρατιωτι-

183 657 307 720 Βκὴν
335 657 469 705 αὐτοῦ
501 661 795 716 πολυπειρίαν
839 655 1070 715 υἷντιτάξας
1099 658 1203 713 τοὺς
1241 660 1320 716 μὲν
1361 656 1495 716 α’μαχὶ
1524 658 1720 720 συνειλή-

228 745 316 787 φει,
349 726 459 782 τούς
487 728 637 773 δὲκαὶ
675 729 787 785 μετὰ
823 725 965 786 μάχης
1002 723 1374 785 ἠνδραποδίσατο.
1443 723 1542 772 οἷον
1583 730 1622 772 δ’
1660 720 1719 772 αὖ

226 795 318 842 τόδ’
352 796 474 854 ἔρεξε
505 799 576 842 καὶ
609 796 710 855 ἔτλη
742 794 955 852 καρτερός
985 791 1092 854 ἀνὴρ
1121 797 1303 853 πρᾶγμα
1335 790 1475 849 ἷῖντως
1505 797 1577 840 καὶ
1602 791 1719 840 α’πο-

77 874 117 911 Ρ.
142 876 212 911 453
227 863 560 910 στολικώτατον.
611 866 655 909 τί
684 864 764 923 γάρ
786 860 839 910 ἄν
856 882 923 917 τις
942 865 1103 909 τοῦτον
1124 859 1202 908 οὔκ
1225 864 1495 917 ἑγωινέσειε,·
1525 861 1719 920 πότερον

225 931 293 978 ὅτι
324 934 428 990 περὶ
456 934 536 986 τὰς
555 934 815 992 στρατηγίας
831 928 1008 989 ἀμελῶς
1038 928 1153 987 εἶχες
1181 934 1253 976 καὶ
1282 930 1368 991 μὴν
1397 927 1616 989 ἀνατολήν
1645 934 1719 977 καὶ

224 999 347 1047 δύσιν
377 1000 608 1060 ἐπλήρωσε
639 1005 728 1046 τῶν
760 998 1143 1059 στρατηγημάτων.
1204 1001 1296 1047 ἀλλ’
1330 999 1398 1045 ὅτι
1427 999 1532 1054 τοὺς
1560 999 1717 1059 λόγους

223 1068 346 1127 παρὰ
374 1072 545 1130 φαῦλον
576 1071 742 1124 ἐτίθει,·
784 1071 857 1115 καὶ
900 1068 997 1128 μήν,
1047 1067 1108 1123 ὠς
1154 1065 1298 1123 σι’·δεὶς
1326 1064 1471 1123 ἄλλος,
1504 1070 1611 1127 περὶ
1638 1067 1718 1128 τὴν

222 1138 354 1183 θείαν
382 1137 554 1199 γραφὴν
592 1137 870 1192 ἐσπουδάκει,
919 1138 981 1192 ὦς
1021 1139 1092 1182 καὶ
1135 1136 1219 1196 τήν
1261 1140 1459 1195 γλῶτταν
1505 1139 1716 1198 διαθῆξαι

222 1205 338 1263 πρὸς
367 1205 445 1259 τὰς
470 1210 560 1251 τῶν
579 1205 812 1264 αἷρετικῶν
842 1206 1114 1264 συμπλοκάς.
1175 1209 1246 1251 καὶ
1275 1206 1412 1263 μόνος
1442 1198 1573 1259 οὗτος
1600 1204 1718 1250 ὅπλα

222 1275 295 1319 καὶ
327 1272 484 1332 λόγους
513 1271 687 1332 ἀνέμιξε
732 1277 805 1320 καὶ
847 1279 945 1329 τοῖς
984 1277 1064 1332 μὲν
1110 1273 1269 1328 ὅπλοις
1312 1274 1417 1329 τούς
1461 1273 1718 1332 βαρβάρους

223 1343 353 1396 ἐνίκα,
386 1347 483 1396 τοῖς
521 1344 569 1387 δὲ·
598 1341 746 1401 λόγοις
777 1345 1000 1400 ἐχειροῦτο
1043 1342 1147 1397 τούς
1179 1339 1436 1397 ἀντιθέους,
1479 1341 1632 1399 ὥσπερ
1664 1342 1716 1402 δὴ

223 1408 325 1455 τότε
354 1411 426 1455 καὶ
447 1409 564 1456 κατὰ·
576 1412 837 1467 ,Μανιχαίων
858 1410 1109 1468 ἑξώπλιστο
1132 1409 1434 1471 ἆποστολικὴν
1460 1408 1558 1457 α’ντὶ
1586 1429 1718 1469 στρα-

181 1481 403 1537 Βτηγικῆς
433 1475 756 1537 ἀναδεξάμενος
783 1476 984 1539 ἄγωνίαν.
1045 1483 1117 1527 καὶ
1155 1481 1289 1540 ἔγωγε
1325 1484 1485 1526 τοῦτον
1523 1498 1718 1538 τρισκαι-

223 1547 406 1592 δέκατον
437 1545 494 1592 ὂῖν
523 1544 779 1593 ἆπόστολον
807 1548 1087 1607 ὀνομάσαιμι.
1154 1551 1298 1595 καίτοι
1333 1551 1448 1603 τινὲς
1481 1554 1718 1594 Κωνσταν-

224 1616 330 1674 τίνῳ
357 1619 420 1674 τιῖ
459 1614 633 1676 μεγάλῳ
665 1621 795 1662 τοῦτο
840 1616 892 1662 τὸ
939 1620 1065 1672 κλέος
1108 1616 1475 1675 προσάπτουσιν·
1530 1618 1630 1673 ἐμοὶ
1669 1619 1718 1662 δὲ

227 1684 350 1727 δοκεῖ
394 1680 424 1741 ἢ
469 1682 547 1729 σὺν
592 1687 654 1744 tq?
691 1688 1011 1746 Κωνσταντίνῳ
1057 1689 1121 1746 τῷ
1166 1682 1460 1743 αὐτοκράτορι
1505 1682 1722 1740 τετάχθαι

430 1749 455 1765 )ἱ
506 1750 530 1766 )Ι

224 1754 395 1805 τοῦτον,
429 1770 449 1795 r
483 1770 524 1797 ει
551 1771 620 1806 τις
649 1756 930 1814 φιλονεικείη,
974 1755 1091 1801 ἔστω
1133 1754 1245 1811 μετά
1290 1771 1336 1812 γε
1378 1757 1722 1798 Κωνσταντῖνον

357 1845 390 1879 3.
417 1841 644 1893 μισγάγκεια
658 1847 698 1890 P,
721 1844 952 1895 μισγιὶγγεια
967 1848 1004 1884 C.
1080 1850 1112 1885 5.
1134 1845 1405 1894 στρατιωτικὴν]
1422 1861 1485 1882 ιωτ
1499 1847 1539 1882 in
1549 1846 1576 1883 C
1590 1847 1630 1883 in
1644 1859 1716 1883 ras.

358 1893 380 1927 7
396 1905 447 1939 sq.
465 1893 498 1927 δ’
514 1894 560 1928 αὑ
577 1891 658 1930 τόδ’
677 1897 826 1942 scripsi:
846 1897 880 1932 δ’
898 1894 986 1933 αὐτὸ
1005 1897 1039 1932 δ’
1054 1897 1093 1933 Ρ.
1208 1898 1261 1933 12.
1289 1894 1390 1942 παρὰ
1408 1895 1559 1941 scripsi:
1577 1897 1663 1942 περὶ
1676 1896 1718 1931 Ρ.

366 1943 421 1977 16.
444 1939 489 1986 δὴ
514 1944 667 1990 scripsi:
698 1945 740 1979 δὲ
764 1944 803 1981 P.
930 1948 985 1982 17.
1013 1943 1257 1993 στρατιγηκὴν
1284 1945 1328 1981 01
1355 1956 1450 1981 corr.
1478 1944 1541 1980 02.
1657 1946 1716 1979 20.

359 1990 485 2024 rouzo*
515 1990 552 2027 C.
675 1994 733 2028 22.
760 1994 1060 2041 Κωνσταντῖνον]
1087 2008 1109 2031 ν
1134 1994 1309 2030 ultimum
1333 1995 1374 2030 in
1400 1992 1427 2028 C
1450 1993 1490 2028 in
1515 2004 1586 2028 ras.
1612 2004 1660 2028 m.
1681 1994 1715 2028 2.

226 2088 461 2122 peramarum
487 2081 593 2127 quasi
626 2081 890 2119 Armeniorum
924 2083 1063 2119 flumen
1089 2087 1127 2120 et
1157 2082 1258 2119 aliud
1288 2094 1307 2118 e
1335 2081 1635 2118 lutulentissimis
1661 2080 1717 2117 Ia-

222 2125 307 2161 oobi
331 2126 514 2171 fontibus3
544 2142 617 2175 quo
643 2130 786 2166 factum
811 2135 904 2176 erat,
938 2135 981 2168 ut
1008 2136 1102 2168 esset
1133 2132 1194 2167 hio
1229 2131 1416 2177 quoddam
1445 2130 1613 2165 omnium
1639 2142 1717 2165 ma-

222 2173 343 2209 lorum
370 2175 597 2213 confluvium
630 2179 937 2216 dissentientibus
969 2181 1069 2216 inter
1102 2192 1140 2215 se
1169 2181 1368 2226 dogmatis,
1396 2178 1716 2215 consentientibus

221 2222 375 2268 reliquis
400 2236 484 2260 cum
513 2226 739 2263 Manichaeis
777 2229 815 2263 in
842 2229 923 2275 ipsa
948 2241 969 2264 a
997 2241 1084 2265 vera
1109 2228 1182 2264 fide
1220 2228 1440 2264 defectione.
1506 2227 1569 2263 sed
1607 2230 1715 2272 pater

222 2282 326 2306 meus
363 2273 502 2320 insigni
539 2287 605 2310 sua
644 2276 733 2311 belli
777 2277 936 2313 scientia
961 2277 1019 2313 his
1057 2278 1231 2323 opposita
1269 2277 1361 2312 alios
1387 2277 1466 2311 sine
1493 2276 1530 2311 vi
1555 2275 1712 2317 domuit,

222 2319 314 2355 alios
339 2332 464 2367 pugna
489 2323 528 2357 in
554 2323 784 2360 deditionem
811 2326 1005 2371 compulit.
1065 2329 1248 2372 quantum
1274 2324 1364 2361 tulit
1391 2325 1554 2370 fecitque
1580 2325 1618 2358 in
1646 2323 1715 2360 hoc

222 2378 334 2412 opere
359 2381 444 2405 vere
470 2372 694 2416 apostolico!
745 2375 884 2409 etenim
910 2374 1001 2421 quid
1029 2374 1181 2410 tandem
1203 2377 1268 2420 est,
1295 2373 1396 2420 quod
1422 2385 1497 2408 non
1523 2371 1714 2408 laudemus

221 2416 332 2451 eum?
369 2430 457 2453 num
485 2419 530 2454 ad
556 2432 635 2456 rem
662 2422 864 2458 militarem
902 2423 1026 2470 segnis
1052 2423 1152 2458 fuit‘?
1193 2426 1232 2458 at
1257 2423 1440 2458 orientem
1467 2420 1716 2457 occidentem—

163 2489 166 2493 »
222 2475 293 2519 que
321 2465 453 2502 bellica
492 2480 557 2503 sua
595 2469 704 2505 laude
740 2471 923 2517 implevit.
986 2484 1032 2507 an
1076 2472 1174 2507 forte
1216 2470 1436 2517 disputandi
1460 2472 1581 2505 artem
1608 2469 1715 2515 parvi

222 2511 337 2547 fecit?
375 2514 438 2550 ille
464 2528 564 2562 vero,
591 2521 773 2563 quantum
799 2531 906 2555 nemo
934 2519 1040 2565 alius,
1060 2521 1099 2555 in
1125 2531 1317 2556 sacrorum
1343 2519 1528 2555 librorum
1555 2518 1714 2554 lectione

220 2564 386 2596 versatus
412 2563 579 2610 linguam
605 2567 717 2602 etiam
745 2567 791 2602 ad
815 2569 1023 2604 certamina
1062 2580 1147 2605 eum
1183 2569 1379 2604 haereticis
1418 2566 1530 2603 acuit.
1584 2565 1712 2612 itaque

222 2620 316 2663 unus
342 2613 380 2645 et
406 2623 594 2648 armorum
625 2618 663 2650 et
703 2616 903 2652 verborum
943 2618 1149 2653 certamina
1182 2617 1332 2652 miscuit
1372 2615 1551 2651 barbaros
1590 2615 1713 2658 armis,

220 2655 445 2711 disputando
485 2664 609 2697 autem
649 2664 854 2700 haereticos
885 2666 1046 2710 vincens,
1083 2664 1397 2712 quemadmodum
1436 2667 1527 2700 tunc
1565 2675 1713 2709 quoque

221 2716 259 2739 111
287 2705 521 2761 Manichaeos
546 2715 712 2747 armatus
739 2713 981 2758 apostolicam
1009 2726 1095 2750 sane
1133 2714 1409 2760 expeditionem
1447 2723 1516 2758 pro
1555 2711 1712 2747 militari

221 2758 394 2810 SUSPOPlP·
445 2769 559 2802 quare
587 2759 685 2796 hunc
712 2772 779 2806 ego
806 2761 991 2798 decimum
1017 2763 1175 2798 tertium
1215 2761 1424 2808 apostolum
1464 2761 1709 2796 nominarim:

221 2804 290 2836 etsi
317 2814 412 2858 emm
439 2807 608 2842 nonnulli
635 2808 674 2843 id
694 2808 804 2845 decus
823 2809 1066 2846 Constantino
1085 2811 1221 2857 Magno
1246 2810 1451 2851 vindicant,
1473 2808 1565 2844 mihi
1583 2811 1708 2844 tamen

220 2849 374 2886 Alexius
399 2853 457 2888 vel
485 2854 625 2900 eodem,
653 2869 726 2902 quo
749 2857 1026 2904 Constantinus,
1053 2859 1194 2896 honore
1219 2859 1355 2906 dignus
1387 2857 1549 2901 videtur,
1583 2857 1652 2903 vel,
1678 2857 1709 2892 si
