1806 3132
519 231 575 269 m
600 231 888 268 nmmum
916 233 1078 270 noun
1446 229 1530 276 579
1618 203 1623 207 ¹

190 342 408 402 Στιβάδας
434 346 509 390 καὶ
535 343 723 403 βύρσας]
765 349 965 405 Vegetius
990 350 1064 393 lib.
1085 352 1125 394 4.
1159 364 1247 407 cap.
1269 353 1336 397 25.
1367 353 1529 399 Adver·
1542 362 1576 399 D

55 417 150 447 sum
175 405 330 448 arietes
355 403 421 447 vel
443 403 578 457 falces
595 409 696 448 sunt
713 405 850 459 plura
877 407 1062 450 remedia
1069 423 1082 461 ,·
1111 408 1322 463 aliquanti
1339 415 1530 455 centones

56 463 96 503 et
119 460 294 504 culcitas
317 460 505 514 fustibus
533 461 710 514 calcant,
738 465 778 504 et
802 462 892 506 illis
920 468 1136 517 opponunt
1155 464 1268 520 locis,
1295 479 1378 520 qua
1396 468 1531 511 caedit

58 517 184 570 aries,
227 520 276 560 ut
316 517 496 572 impetus
536 517 755 561 machinae
794 520 976 562 materia
1017 520 1206 564 molliore
1241 522 1406 575 fractus
1446 537 1532 567 non

56 573 247 617 destruat
273 587 454 617 murum.
498 574 579 618 Leo
607 575 654 617 in
675 575 793 618 Tact.
820 588 909 643 cap.
933 576 998 619 15.
1031 576 1068 631 ἓ.
1090 578 1157 620 48.
1187 577 1260 620 καὶ
1288 576 1403 633 πρὸς
1430 577 1532 631 τούς

55 626 206 683 κριούς
235 627 285 673 δὲ
312 623 575 673 ἐπίκεινται
598 626 780 685 τυλάρια
806 646 881 674 και
908 632 1064 675 σακκία
1091 632 1275 688 γέμοντα
1305 629 1444 692 ἆχὺρᾳ
1461 636 1533 678 καὶ

56 682 244 743 ψάμμῳ.
275 686 434 730 willel.
456 687 607 743 Tyrius
627 687 700 731 lib.
721 688 761 731 8.
794 701 884 743 cap.
908 690 973 731 13.
1009 687 1130 733 Cives
1149 705 1177 734 a
1197 693 1534 747 propuqnaculis

55 744 260 787 stramine
283 742 436 798 plenos
464 748 503 787 et
522 743 657 798 palea
687 757 831 788 saccos
857 746 1176 800 suspenderant,
1215 751 1343 791 vestes
1377 762 1534 803 quoque

57 803 96 842 et
123 800 297 855 tapetia,
325 800 466 844 trabes
497 801 684 855 inqentis
714 802 1037 856 maynitudinis,
1075 807 1114 845 et
1151 803 1326 848 culcitas
1359 805 1534 858 refectas

56 855 248 912 bombyce
274 871 302 900 a
330 857 521 900 turribus
548 861 588 900 et
614 871 735 900 muro
764 858 1074 913 aliquantulum
1092 860 1356 913 demiserunt,
1386 865 1433 904 ut
1452 876 1534 915 per

57 926 200 956 eorum
226 913 444 956 mollitiem
472 917 512 956 et
542 913 814 957 mobilitatem
853 919 1136 968 contortorum
1168 916 1394 961 molarium
1428 919 1535 961 ictus

57 969 281 1022 eluderent,
310 973 351 1013 et
378 969 665 1014 laborantium
690 975 940 1015 evacuarent
967 977 1172 1017 conatum.
1216 973 1336 1017 Adde
1359 986 1449 1029 cap.
1468 975 1533 1018 18.

58 1027 101 1069 et
129 1025 292 1069 Albert.
322 1026 407 1082 Aq.
435 1026 510 1070 lib.
530 1028 571 1070 6.
601 1039 691 1082 cap.
713 1028 752 1071 9.

191 1079 481 1137 Κουράτορα]
528 1083 663 1127 Erant
705 1084 816 1139 apud
844 1084 1101 1140 Byzantinos
1138 1088 1378 1130 curatorum
1415 1088 1534 1131 varia
1547 1094 1579 1130 D

57 1151 231 1195 genera:
259 1139 472 1183 interdum
500 1140 611 1184 enim
630 1141 672 1183 et
703 1141 867 1195 saepius
888 1140 1109 1185 Curatores
1138 1142 1336 1186 dicuntur
1356 1144 1535 1187 Aedium

57 1195 321 1250 publicarum
348 1196 573 1249 Praefecti,
608 1210 680 1240 seu
709 1196 969 1250 Proviso-res,
1014 1199 1079 1241 uti
1120 1201 1326 1243 vocantur
1371 1200 1416 1243 in
1446 1201 1534 1243 vita

57 1252 215 1296 Ludov.
256 1251 338 1296 Pii.
398 1253 656 1309 Quandoque
697 1254 825 1297 etiam
855 1254 1063 1298 Praefecti
1090 1255 1270 1299 Aerarii.
1328 1256 1462 1300 Gloss.
1491 1257 1533 1300 S.

56 1308 276 1352 Benedicti
304 1322 395 1365 cap.
432 1310 484 1353 de
513 1310 754 1365 Magistrat.
790 1309 988 1362 Curator,
1025 1309 1301 1371 φροντιστὴς,
1336 1312 1536 1371 λογιστής

58 1364 194 1409 Gloss.
223 1364 460 1410 Graecolat.
485 1362 704 1422 λογιστής,
730 1366 924 1411 Gurator.
966 1368 1017 1410 In
1036 1370 1118 1411 vet.
1149 1369 1279 1413 Inscr.
1308 1368 1536 1414 CVRATOR

57 1421 267 1466 AERARII
295 1422 506 1467 MEDIOL.
563 1423 658 1467 Hac
685 1424 819 1479 igitur
856 1424 1048 1467 functum
1084 1424 1294 1480 dignitate
1329 1427 1374 1469 in
1403 1426 1534 1470 Lesbo

57 1478 202 1522 Insula
225 1479 410 1534 Alopum
450 1481 630 1524 constat.
688 1480 886 1524 Summus
929 1482 1072 1523 autem
1103 1482 1269 1524 Aerarii
1294 1482 1535 1526 Praefectus

59 1533 213 1591 Μέγας
241 1532 492 1591 Κουράτωρ
522 1537 754 1580 dicebatur:
783 1536 891 1579 Vide
908 1537 1026 1579 Tom.
1046 1539 1081 1579 1.
1101 1537 1215 1580 Hist.
1237 1538 1304 1583 Fr.
1325 1551 1421 1594 pag.
1436 1539 1534 1581 869.

190 1592 717 1648 Πρωτονωβελισσίμων]
761 1593 959 1648 Dignitas
993 1593 1203 1646 Palatina,
1240 1608 1346 1649 quae
1385 1607 1534 1638 nomen
1544 1604 1759 1652 Pag.208.c

57 1648 173 1692 dedit
191 1648 380 1694 familiae
396 1650 554 1694 illustri
581 1650 627 1693 in
647 1650 792 1705 Regno
812 1649 1103 1704 Neapolitano,
1134 1651 1241 1694 forte
1263 1651 1373 1704 quod
1387 1650 1534 1694 Gentis

58 1706 182 1749 autor
211 1718 260 1749 ea
299 1705 479 1750 donatus
523 1706 684 1750 fuisset.
741 1706 843 1749 Eius
887 1719 970 1749 non
1013 1706 1138 1749 semel
1167 1708 1323 1751 mentio
1354 1707 1535 1750 occurrit

3 1790 6 1792 v
57 1762 170 1816 apud
199 1762 309 1817 Scip.
337 1763 626 1806 Ammiratum
656 1763 702 1805 in
722 1762 873 1806 Famil.
894 1762 1070 1817 Neapol.
1101 1763 1218 1806 Tom.
1238 1765 1276 1806 2.
1307 1764 1379 1806 ubi
1407 1763 1534 1806 etiam

56 1817 174 1883 illius
185 1817 378 1884 §temma
397 1820 643 1874 perstrinxit
663 1832 760 1875 pag.
777 1820 873 1884 233.
892 1820 988 1884 234.
1005 1819 1100 1862 297.
1116 1820 1211 1884 209.
1251 1820 1446 1862 Meminit
1461 1832 1536 1874 pa-

59 1874 471 1976 ssffissrflriiuincfflff
482 1876 798 1976 (ἓξῗέἔέἓὲῗέῗ
815 1875 1534 1996 Ἠρῖιέἒιῖἑίἳὲἓὶῶὺξὲἓῇζζ

58 1987 163 2031 adeo
200 1988 407 2044 ingeniosi
447 1988 562 2032 fuere
592 1988 788 2032 Graeculi
829 1989 902 2031 isti
945 1989 990 2030 in
1030 1988 1235 2043 fingendis
1265 1989 1533 2044 Digmtatum

58 2044 309 2097 nominibus,
330 2058 508 2100 quarum
527 2045 669 2088 nullae
690 2046 809 2088 erant
838 2045 1082 2096 functiones,
1105 2057 1199 2087 cum
1227 2057 1274 2087 ex
1301 2045 1400 2088 solis
1419 2044 1536 2100 royis

59 2101 211 2155 annuis
255 2101 299 2144 et
326 2102 462 2157 gradu
490 2102 536 2145 in
563 2102 706 2157 aliquo
736 2102 869 2156 pretio
896 2102 1160 2144 haberentur.
1204 2101 1310 2144 Vide
1329 2101 1534 2144 Alaman-

0 2183 1 2186 =
58 2170 159 2200 num
207 2157 263 2201 ad
305 2158 478 2214 Procop.
526 2159 568 2202 et
596 2159 749 2201 Meurs.
793 2158 838 2200 in
884 2156 1019 2201 Gloss.
1048 2157 1308 2201 Nobilissimi
1349 2157 1534 2212 dignitas

0 2234 3 2238 ·
59 2213 242 2257 occurrit
269 2213 381 2258 infra
409 2228 507 2271 pag.
526 2216 623 2258 274.

0 2295 1 2298 =
194 2266 450 2327 Βολκάνου]
479 2272 580 2315 Fuit
608 2272 644 2315 is
665 2271 888 2322 Volcanus,
918 2283 989 2313 seu
1021 2270 1067 2312 ut
1087 2283 1111 2312 a
1133 2270 1345 2313 Diocleate
1362 2280 1534 2333 ‘nuncu-
1545 2272 1768 2321 Pag.209.c

0 2327 3 2346 ²
58 2327 197 2382 patur,
227 2327 449 2380 Belcanus,
468 2329 641 2372 Rassiae
662 2328 867 2383 Zupanus‚
888 2340 1014 2382 quam
1032 2326 1289 2381 provinciam
1319 2325 1535 2368 clientelae

0 2415 7 2451 ²*
58 2383 1052 2497 {i‘iefr‘Z-gan?&gffssufflfflffifflssbfflffil
1066 2381 1535 2482 ffiiffinifflffliss

0 2473 1 2477 ,
445 2474 456 2494 ‚
1193 2472 1203 2481 .

0 2510 9 2585 Ξ
59 2495 114 2539 ad
140 2497 416 2608 Ι’ξι“ξ5οῗ5(<)ι”ιον]
437 2553 560 2598 Rasa
575 2555 757 2598 Roberto
774 2552 991 2616 Monacbo.
1020 2551 1126 2594 Vide
1142 2551 1241 2594 Not.
1257 2550 1311 2593 ad
1326 2548 1531 2614 Villhard.
1544 2556 1726 2604 Pag.210.
1739 2558 1770 2594 B

0 2638 9 2665 ς
194 2606 484 2664 Πολυβοτόν]
530 2611 760 2666 Polybotus
792 2610 994 2651 Thrac1ae
1021 2608 1121 2650 urbs
1148 2606 1434 2670 Cantacuzeno
1468 2605 1576 2670 <ll-B

0 2676 7 2714 ἓ
60 2665 171 2709 citur
198 2666 270 2710 lib.
291 2667 331 2710 2.
361 2680 451 2722 cap.
474 2669 540 2711 12.
570 2668 612 2711 et
639 2667 712 2710 lib.
735 2667 774 2708 3.
803 2678 891 2719 cap.
918 2665 984 2707 76.
1039 2663 1236 2706 Eiusdem
1271 2662 1452 2706 nominis
1488 2675 1534 2704 m

0 2805 23 2887 }„
62 2834 281 2880 Maniacae
302 2777 631 2881 bali‘gui‘ll'ltalss.
651 2791 861 2880 flltog'iciilldl
874 2790 1123 2885 megel-lant,
1153 2832 1203 2876 de
1231 2832 1380 2888 quibus
1410 2788 1534 2886 sugra

0 2882 29 3132 ᾗ
