1734 3120
244 209 325 253 226
756 213 921 250 ANNAE
951 211 1218 250 &OMNENAE

239 329 357 392 αὐτῷ
387 328 673 376 παντοδαπὸν
712 328 784 372 καὶ
821 330 1072 385 πανοῦργον
1110 328 1183 371 καὶ
1216 325 1334 384 πρὸς
1376 326 1553 374 ἅπασαν
1593 328 1729 391 λαβὴν

194 398 558 458 Βδιαδιδράσκον.
618 395 662 441 αἱ
693 395 771 454 γὰρ
804 393 971 452 ὁμιλίαι
1004 393 1149 454 τούτῳ
1179 391 1378 453 ἀκριβεῖς
1405 399 1479 442 καὶ
1503 396 1583 452 τὰς
1611 394 1729 443 ‹ino-

238 471 402 527 κρίσεις
445 468 590 512 ἐδίδου
638 461 920 519 πανταχόθεν
963 458 1332 521 άπεριδράκτους.
1404 467 1476 510 καὶ
1525 470 1730 520 τοιοῦτος

238 535 300 583 ὢν
325 539 398 582 καὶ
419 538 632 587 τοσοῦτος
673 529 795 590 μόνῳ
839 534 904 591 τῷ
949 527 1242 590 αὐτοκράτορι
1287 530 1514 591 ἁλώσιμος
1557 528 1611 579 ’ἶν
1655 537 1729 580 καὶ

87 618 128 654 Ρ,
153 621 223 654 405
236 604 342 666 τύχῃ
389 606 462 649 καὶ
505 600 652 661 λόγοις
694 601 766 645 καὶ
810 604 907 653 τοῖς
946 594 1097 654 ἄλλοις
1143 605 1240 655 τοῖς
1282 597 1375 646 α’πδ
1426 606 1505 662 τῆς
1543 602 1729 663 φύσεως

236 670 627 731 πλεονεκτήμασιν.

374 748 437 788 11.
495 735 769 796 Ἀναμνίσας
803 730 880 782 οὖν
911 735 936 782 ὁ
966 733 1252 796 αὐτοκράτωρ
1283 736 1424 785 αὐτὸν
1445 744 1536 785 τῶν
1564 744 1729 799 προτέ-·

237 830 325 870 ρων
354 806 645 867 ἐπιτροχάδην
673 808 746 851 καὶ
775 807 1156 863 συνεσκιασμένως
1176 825 1277 861 πως
1296 804 1417 867 αὐτῷ
1439 808 1728 871 παραστήσας

236 880 385 939 ἑτέραν
414 878 544 938 λόγου
576 879 790 935 περίοδον
820 877 1081 934 ἐποιήσατο.
1142 874 1166 920 ὁ
1197 877 1246 921 δὲ
1276 875 1355 936 τὴν
1384 876 1499 922 ἰδίαν
1529 879 1723 937 συνείδη-

235 966 305 995 σιν
335 949 447 1005 ἔχων
478 947 737 1006 ἐλέγχουσαν
766 945 1029 1004 ἐπιτηδείως
1057 942 1136 998 τὰς
1166 943 1283 1002 πρὸς
1320 944 1426 999 τούς
1464 947 1623 1005 λογους
1652 943 1728 991 αὖ·

233 1019 313 1062 τοῦ
345 1018 549 1077 ἐξέφυγεν
577 1012 907 1074 ἀνθυποφορᾶς
929 1015 1062 1059 τοῦτο
1101 1011 1240 1071 μόνον
1271 1013 1470 1074 φάμενος
1500 1013 1561 1068 ὡς
1603 1011 1727 1071 ιιοὐχὶ

235 1087 340 1144 περὶ
379 1086 469 1130 τιῖν
514 1081 730 1129 τοιούτων
773 1083 1094 1140 ἀνακρίνεσθαι
1125 1083 1335 1143 ἐλήλυθα.
1408 1078 1529 1139 εἶχον
1565 1082 1645 1142 γὰρ
1675 1081 1728 1128 ἂν

234 1156 305 1199 καὶ
336 1150 469 1207 αὐτὸς
496 1150 642 1198 πολλὰ
672 1153 823 1210 λέγειν.
876 1155 956 1196 τοῦ
981 1155 1103 1196 Θεοῦ
1134 1152 1182 1196 δὲ
1213 1152 1431 1197 ἐνταυθοῖ
1460 1170 1516 1210 με
1547 1151 1728 1198 συνελά-

234 1239 392 1275 σαντος
422 1220 565 1266 πάντα
596 1222 674 1266 τοῦ
708 1222 871 1265 λοιποῦ
901 1223 965 1279 τῷ
995 1222 1060 1279 σῷ
1097 1215 1342 1279 α’νατίθημι
1372 1218 1562 1277 κράτει.”
1623 1219 1648 1265 ὃ
1679 1221 1728 1266 δὲ

192 1288 437 1346 Ββασιλεύς
466 1287 581 1346 πρὸς
610 1284 744 1333 αὐτόν
778 1286 865 1332 (ιτα
894 1289 975 1345 μὲν
1004 1285 1352 1347 παρεληλυθότα
1381 1289 1533 1334 ἐατέον
1561 1286 1617 1335 τό
1636 1293 1722 1344 νῦν,

233 1358 283 1402 σὲ
313 1358 372 1412 δέ,
404 1356 443 1402 εἰ
471 1354 623 1414 βούλει
650 1357 926 1401 σπείσασθαι
962 1357 1070 1413 μεθ’
1116 1353 1254 1416 ἡμῶν,
1299 1359 1483 1412 πρῶτον
1527 1357 1608 1414 μὲν
1652 1357 1727 1402 ἕνα

234 1428 325 1470 τῶν
354 1424 442 1470 ὑπὸ
472 1423 524 1470 τὸ
554 1423 661 1482 ε’μόν
690 1423 851 1483 κράτος
878 1423 960 1484 χρὴ
993 1425 1214 1483 γενέσθαι,
1258 1420 1355 1469 εἶτα
1391 1426 1589 1484 δηλῶσαι
1619 1427 1725 1483 περὶ

234 1490 374 1539 αὐτοῦ
407 1511 455 1539 τε
487 1491 647 1538 τούτου
677 1497 741 1553 τῷ
775 1497 840 1553 σῷ
870 1490 1044 1553 ἀνεψιῷ
1066 1493 1231 1552 Ταγγρὲ
1251 1494 1501 1553 ἐπισκῆψαί
1519 1512 1568 1539 τε
1589 1490 1723 1554 αὐτῷ,

235 1566 331 1616 τοῖς
359 1563 408 1618 ἐξ
435 1563 547 1619 ἐμοῦ
575 1564 868 1607 ἀποσταλεῖσι
896 1564 1176 1620 παραδοῦναι
1206 1560 1284 1623 τὴν
1312 1558 1586 1618 Ἀντιόχειαν
1614 1561 1724 1607 κατὰ

235 1629 314 1684 τὰς
340 1632 562 1689 γεγονυίας
605 1630 657 1687 ἐξ
692 1631 826 1692 ἀρχῆς
867 1632 1127 1691 συμφωνίας
1156 1628 1291 1692 ἡμῶν,
1332 1627 1429 1676 εἶτα
1469 1633 1542 1676 καὶ
1584 1624 1724 1677 τᾶλλα

235 1696 379 1743 πάντα
409 1697 492 1744 ὅσα
519 1696 621 1744 τότε
651 1697 1002 1759 συμπεφώνηται
1038 1698 1143 1758 ἡμῖν
1171 1691 1361 1761 τηρῆσαί
1389 1717 1440 1746 σε
1470 1701 1546 1744 νῦν
1574 1717 1623 1745 τε
1653 1702 1726 1745 καὶ

373 1838 403 1872 1.
429 1833 581 1873 ἅπασαν
605 1837 646 1881 F,
670 1833 816 1873 ἅπαντα
840 1837 882 1873 Ρ.
1030 1839 1063 1874 5.
1091 1835 1167 1874 ἀπὸ
1197 1837 1259 1882 τῆς
1284 1837 1327 1884 F,
1352 1838 1415 1882 τῆς
1438 1849 1510 1873 om.
1538 1838 1577 1874 P.
1667 1840 1724 1874 11.

371 1885 551 1932 ἐξέφυγεν
573 1886 649 1931 FA,
676 1886 851 1934 ἐξέφυρεν
875 1886 915 1923 P.
1143 1888 1198 1922 13.
1223 1884 1331 1925 αὐτὸς
1346 1886 1424 1932 FA,
1450 1885 1544 1934 πρὸς
1569 1883 1658 1922 abr&
1687 1887 1725 1923 O.

311 1963 320 1968 ,γ
371 1934 425 1970 16.
456 1934 498 1969 σὲ
524 1934 566 1978 F,
593 1932 639 1969 σὺ
662 1934 737 1970 PA.
824 1934 889 1971 ἕνα
919 1946 961 1969 σε
979 1935 1025 1972 Α.
1191 1936 1246 1970 17.
1272 1932 1313 1970 τὸ
1337 1935 1417 1980 FA,
1442 1934 1508 1973 τὸν
1531 1936 1570 1972 P.
1652 1933 1725 1983 χρὴ

370 1982 412 2017 σὲ
438 1982 478 2028 Ρ,
505 1982 548 2017 σὲ
575 1994 647 2018 om.
663 1983 739 2018 FA.
852 1985 911 2018 20.
939 1984 977 2023 ἐξ
999 1981 1116 2031 ἀρχῆς
1132 1983 1210 2029 FA,
1239 1981 1396 2031 ἔξαρχὴν
1408 1983 1447 2019 Ρ.
1526 1983 1634 2032 ἡμῶν
1652 1984 1724 2028 AO,

366 2029 459 2077 ἡμῖν
483 2031 560 2115 P.P
694 2033 754 2068 21.
779 2028 851 2067 ὅσα
875 2027 956 2067 τότε
981 2032 1023 2078 F,
1047 2029 1129 2067 τότε
1156 2043 1228 2068 om.
1258 2032 1297 2068 P.
1431 2033 1589 2079 τηρῆσαί
1612 2044 1654 2068 σε
1680 2033 1723 2076 F,

368 2089 410 2114 σε
433 2091 505 2115 om.
564 2107 572 2116 .

232 2199 430 2245 multiplex
466 2199 539 2236 fuit
565 2203 603 2237 et
627 2204 818 2238 versutum
845 2205 958 2249 atque
982 2216 1028 2240 ne
1062 2204 1177 2240 ullam
1204 2216 1330 2240 ansam
1366 2203 1575 2250 praeberet,
1600 2205 1724 2250 provi-

233 2247 334 2293 dens,
359 2259 546 2284 sermones
570 2251 648 2285 eius
673 2252 837 2287 accurati
862 2263 1112 2298 responsaque
1129 2255 1292 2289 maxime
1317 2254 1599 2298 circumspecta.
1638 2253 1723 2288 talis

232 2307 274 2331 ac
298 2299 425 2331 tantus
449 2298 507 2333 vir
532 2310 606 2334 uno
633 2299 861 2345 imperatore
885 2312 969 2337 cum
998 2301 1151 2337 fortuna
1179 2305 1217 2338 et
1242 2302 1456 2347 eloquentia
1477 2305 1560 2336 tum
1588 2302 1724 2336 ceteris

232 2347 388 2380 naturae
411 2345 563 2381 dotibus
585 2346 742 2383 inferior
767 2352 860 2384 erat.

354 2395 408 2429 11.
458 2394 665 2440 Imperator
688 2397 808 2441 igitur
834 2397 956 2433 obiter
982 2401 1020 2434 et
1044 2398 1200 2434 obscure
1227 2398 1406 2434 memoria
1431 2398 1721 2444 praeteritorum

232 2445 404 2477 revocata
416 2453 500 2478 eum
514 2444 673 2490 urgebat
687 2444 949 2492 diversumque
964 2447 1146 2482 sermonis
1163 2448 1237 2483 iter
1250 2447 1383 2483 tenuit.
1410 2447 1525 2482 atille
1538 2447 1723 2482 conscicn-

233 2489 286 2524 tia
311 2491 439 2536 culpae
463 2492 638 2527 turbatus
666 2493 792 2529 sedulo
819 2495 929 2535 eavit,
963 2506 1009 2530 ne
1034 2495 1127 2542 quid
1153 2496 1201 2531 ad
1238 2507 1425 2531 sermones
1449 2496 1527 2530 eius
1553 2494 1722 2539 referret,

233 2536 302 2572 hoc
338 2541 485 2574 tantum
537 2539 738 2586 affirmans,
777 2543 930 2578 minime
968 2543 1159 2580 advenisse
1216 2556 1254 2579 se
1291 2545 1374 2579 istis
1414 2543 1461 2580 de
1499 2543 1610 2578 rebus
1648 2555 1722 2578 res-

233 2597 453 2632 ponsurum3
479 2600 564 2623 nam
591 2592 628 2624 et
651 2590 772 2635 ipsum
798 2591 917 2626 multa
941 2591 1091 2635 habere,
1105 2593 1151 2628 de
1176 2593 1311 2638 quibus
1329 2593 1491 2629 diceret:
1510 2595 1636 2627 tamen
1651 2591 1722 2627 deo

232 2633 304 2669 huc
328 2634 450 2679 ipsum
469 2636 627 2672 ducente
644 2639 830 2675 maiestati
849 2641 927 2675 eius
944 2641 984 2675 in
1004 2640 1176 2676 futurum
1199 2642 1326 2676 omnia
1348 2653 1386 2677 se
1402 2641 1634 2687 permittere.
1662 2639 1720 2676 cui

232 2682 436 2737 imperator
460 2684 643 2721 “Vetera’'
668 2687 792 2732 inquit
817 2688 941 2724 “nunc
956 2700 1043 2725 sane
1064 2690 1280 2735 mittamus3
1306 2693 1344 2726 te
1359 2701 1460 2735 vero,
1478 2690 1509 2724 si
1526 2689 1721 2724 nobiscnm

232 2741 270 2764 m
285 2731 487 2766 amicitiam
509 2735 705 2769 convenire
724 2735 791 2781 vis,
816 2737 979 2781 primum
997 2738 1164 2773 omnium
1181 2739 1349 2774 subicere
1362 2741 1400 2773 te
1414 2741 1545 2773 nostro
1562 2737 1721 2783 imperio

232 2782 382 2824 oportet
407 2780 557 2825 eiusque
593 2783 713 2828 ipsius
751 2785 806 2819 rei
830 2785 1095 2821 consobrinum
1122 2789 1228 2822 tuum
1255 2786 1488 2823 Taum-edum
1521 2786 1719 2821 certiorem

230 2825 352 2882 facere
377 2828 570 2882 eidemque
594 2832 819 2877 praecipere,
859 2836 902 2868 ut
925 2845 968 2868 ex
996 2837 1105 2879 pacto
1134 2835 1222 2870 inde
1247 2836 1295 2871 ab
1320 2835 1430 2871 initio
1465 2834 1565 2870 facto
1591 2834 1720 2870 Antio·

230 2874 351 2910 chiam
381 2887 436 2921 ns,
462 2888 553 2922 quos
589 2879 735 2925 misero,
767 2880 911 2927 tradat3
954 2885 1033 2917 tum
1069 2886 1194 2919 cetera
1229 2884 1365 2927 omnia,
1399 2894 1493 2929 quae
1527 2884 1628 2919 inter
1653 2885 1734 2919 nos
