1734 3120
503 232 768 267 ALEXIADIS
797 235 892 268 LIB-
922 235 1004 270 XV.
1035 232 1072 270 3.
1449 235 1531 275 319

46 339 204 400 πρώτη
252 343 372 388 ἐστὶν
412 339 584 400 ἀρετῶν
622 343 647 404 ἡ
693 351 947 406 στρατηγῶν
991 353 1131 409 σοφία
1174 357 1368 399 κτᾶσθαι
1412 357 1532 414 νίκην

44 403 291 455 ακίνδυνον·
319 411 447 472 τέχνῃ
470 414 510 457 δ’
536 410 711 472 ἡνίοχος
729 417 996 473 περιγίνεται
1019 417 1226 478 ηνιόχοιο,
1249 424 1384 481 φησὶν
1399 421 1531 506 Ὅμη-

45 480 236 534 ρος.τὸ
266 477 347 537 γὰρ
374 478 489 536 μετὰ
515 480 716 527 κινδύινοι
745 488 866 528 νικᾶν
896 503 968 530 και
998 486 1024 544 ἡ
1052 487 1298 545 Καὸμόθεν
1315 494 1532 549 παροιμία

44 547 330 605 διαφαυλιζει.
389 548 489 605 ἐμοι
517 550 567 594 δὲ
593 545 775 607 ἄριστον
803 552 1051 610 νενόμισται
1080 558 1153 600 καὶ
1181 556 1233 601 τὸ
1267 558 1313 602 ἐν
1340 562 1448 620 αὐτῇ
1476 562 1530 619 τῇ

8 611 159 674 ὁμάχῃ
186 617 471 673 μηχανᾶσθαί
512 635 555 662 τι
597 622 847 678 πανοῦργον
888 622 961 665 καὶ
1001 624 1300 683 στρατηγικόν,
1340 625 1529 686 ὁπηνίκα

41 680 103 739 μή
133 677 310 743 απόχρη
350 683 404 729 τὸ
448 683 698 743 στράτευμα
742 687 858 747 πρὸς
899 707 978 733 ττν
1021 693 1112 735 τῶν
1151 693 1357 738 ἐναντίων
1385 694 1527 750 ἰσχύν·
1540 707 1570 743 Β

42 748 199 804 καθώς
240 752 359 831 ἐστιν
397 753 446 798 ἐκ
488 758 566 815 τῆς
613 752 811 813 ἱστορίας
843 753 1134 816 αναλέγεσθαι
1164 763 1229 820 τῷ
1257 764 1525 823 βουλομένῳ,

42 816 105 871 ὦς
134 837 220 864 ουκ
257 814 344 878 α’ρα
379 821 663 904 μονότροπος
702 823 725 868 v‘
758 826 854 884 νίκη
896 827 998 871 οὐδὲ
1025 829 1270 891 μονοειδής,
1299 828 1408 876 αλλὰ
1435 834 1530 877 δια-

41 885 203 947 φόροις
224 887 387 943 κόποις
421 889 559 936 πάλαι
596 894 721 950 μέχρι
760 898 840 939 τοῦ
873 896 1004 952 δεῦρο
1035 901 1382 979 κατορθουμένη,
1414 898 1529 945 ω’στε

0 955 119 1016 ,οτὴν
146 958 229 1014 μὲν
255 959 376 1017 νίκην
403 960 509 1041 plen
527 956 652 1015 εἶναι,
674 960 779 1016 τούς
808 965 856 1008 δε
875 963 1084 1021 τρόποις,
1111 968 1167 1011 δι’
1201 985 1263 1011 ων
1292 967 1402 1027 αὕτη
1430 974 1528 1023 τοῖς

40 1031 301 1084 στρατηγοῖς
327 1029 609 1086 περιγίνεται,
631 1029 876 1091 διαφόρους
894 1050 942 1077 τε
972 1035 1045 1078 καὶ
1075 1036 1307 1090 ποικίλους
1335 1036 1414 1096 τὴν
1441 1037 1528 1097 φύ-

40 1110 123 1139 σιν
190 1096 306 1148 τινὲς
345 1095 426 1154 γὰρ
467 1099 559 1141 τῶν
597 1096 736 1143 πάλαι
792 1098 1080 1157 ὑμνουμένων
1124 1107 1379 1163 στρατηγῶν
1418 1102 1528 1149 atim*

40 1161 160 1217 ισχύι
185 1184 212 1207 ‹1—
240 1165 356 1223 τῷδε
386 1163 543 1225 τρόπῳ
579 1165 690 1220 τούς
727 1168 949 1222 ἐναντίοις
979 1168 1234 1228 νικήσαντες
1271 1174 1525 1232 φαίνονται·

39 1224 158 1290 ἄλλῳ
190 1232 239 1276 δὲ
285 1227 410 1278 α’λλοι
461 1236 675 1288 πολλάκις
717 1235 981 1295 χρησάμενοι
1029 1257 1109 1300 την
1162 1243 1352 1286 νικῶσαν
1393 1258 1525 1297 ειχον.

2 1296 65 1344 5ὁ
93 1300 142 1343 δέ
166 1317 214 1357 γε
245 1299 352 1356 ἐμὸς
380 1301 531 1360 πατήρ
563 1321 635 1348 και
664 1304 870 1359 βασιλευς
903 1304 1022 1351 ὅποι
1050 1310 1131 1364 μὲν
1158 1304 1267 1370 ἀλκῇ
1290 1313 1380 1354 τῶν
1407 1310 1528 1354 ἔναν-

37 1367 145 1410 τίων
176 1366 361 1425 ἐκράτει,
394 1367 511 1414 ὅπου
541 1372 590 1416 δὲ
619 1373 725 1416 καὶ
713 1374 921 1433 περινοίᾳ
947 1377 1032 1419 τινὶ
1051 1374 1335 1459 χρησάμενος,
1371 1378 1465 1422 ἔστι
1485 1379 1565 1428 d’c

37 1452 89 1480 ov
118 1437 198 1480 κάν
224 1442 323 1491 ταῖς
349 1435 510 1494 μάχαις
538 1435 692 1493 αὗταῖς
723 1440 799 1496 dgi-
833 1459 875 1486 τι
905 1443 1233 1500 στοχασάμενος
1261 1447 1333 1490 καὶ
1361 1445 1524 1504 τολμή-

35 1520 117 1557 σας
156 1522 236 1585 την
273 1508 466 1551 νικῶσαν
503 1524 620 1563 ειχεν
657 1505 808 1562 εὗθῦς.
874 1509 994 1555 ὅπου
1030 1513 1111 1593 μὲν
1151 1515 1222 1556 καὶ
1253 1517 1524 1572 στρατηγικιῦ

36 1573 313 1632 μηχανήματι
343 1574 707 1634 συγχρησάμενος,
749 1576 867 1622 όπου
896 1579 945 1623 δὲ
977 1598 1049 1623 και
1078 1579 1151 1624 διὰ
1192 1585 1351 1638 χειρῶν
1388 1580 1525 1639 μαχό-

0 1657 212 1697 ομενοςι
198 1642 344 1687 πολλὰ
373 1642 587 1698 πολλακις
618 1646 667 1700 εξ
690 1641 1043 1705 ἀπροσδοκήτων
1073 1648 1287 1708 ἐστήσατο
1316 1649 1523 1729 τρόπαια.

36 1702 87 1770 ἦν
114 1712 196 1767 μὲν
223 1708 319 1769 γάρ,
351 1709 481 1771 εἰπερ
506 1707 639 1766 αλλος
666 1731 745 1768 τις,
792 1717 863 1759 καὶ
893 1718 1201 1776 φιλοκίνδυνος
1230 1717 1254 1763 6
1284 1717 1404 1777 ἀνήρ,
1452 1720 1524 1762 καὶ

35 1784 232 1834 συνεχεῖς
260 1773 315 1839 ἦν
353 1779 460 1840 ὁρᾶν
496 1778 616 1841 αὐτῷ
655 1801 760 1837 τοι-ς
798 1785 1024 1839 κινδύνοις
1061 1787 1374 1844 ἐγειρομένους,
1414 1782 1524 1830 ἀλλὰ

172 1901 203 1936 1.
229 1899 252 1945 ἡ
276 1903 428 1948 scripsi:
453 1898 474 1947 ἢ
501 1902 571 1938 GP.
695 1907 727 1940 3.
755 1905 954 1953 παροιμία]
980 1919 1012 1941 οι
1041 1918 1086 1941 ιιι.
1106 1908 1128 1941 2
1145 1919 1191 1942 ex
1207 1919 1302 1943 corr.
1322 1907 1360 1943 C.
1486 1908 1519 1944 9.

167 1946 345 1994 τρόποιςῗ
402 1951 467 1986 τοῦ
491 1952 640 1997 scripsi:
666 1954 728 1997 τῆς
740 1953 808 1988 CP.
910 1955 966 1990 12.
992 1951 1121 2001 πάλαι]
1147 1969 1184 1990 αι
1203 1968 1250 1991 m.
1268 1958 1290 1991 2
1306 1968 1352 1991 ex
1368 1968 1464 1992 corr.
1481 1956 1519 1992 G.

170 1997 228 2034 13.
255 1997 427 2035 lacunam
453 2001 599 2057 signam
676 2012 678 2014 ’
717 2003 774 2037 16.
799 1999 931 2048 ἰκράτη
951 2003 990 2048 C,
1013 2015 1108 2039 corr.
1134 2016 1183 2039 m.
1209 2004 1244 2039 2.
1341 2006 1400 2040 21.
1428 2001 1521 2051 ἤπερ

169 2045 240 2087 GP,
266 2049 426 2084 correxi.
528 2028 651 2095 ἄλλος]
678 2062 695 2088 ς
720 2050 805 2087 add.
830 2063 881 2086 m.
898 2053 921 2085 2
946 2051 983 2087 C.

34 2169 163 2205 pugna
183 2158 310 2194 hostes
330 2158 479 2196 vincere
509 2172 765 2206 properamus.
816 2174 860 2198 ac
883 2164 1007 2208 prima
1032 2164 1152 2198 virtus
1177 2163 1312 2199 dueum
1336 2163 1520 2209 sapientia

34 2210 102 2251 eet,
127 2218 201 2253 qua
222 2208 302 2243 sine
325 2209 493 2264 periculo
508 2210 707 2246 victoriam
721 2215 938 2257 reportant3
965 2210 1108 2247 seilicet
1129 2216 1223 2255 arte,
1248 2215 1291 2247 ut.
1316 2212 1371 2247 ait
1386 2212 1518 2247 Home-

33 2266 109 2296 rus,
126 2256 261 2302 auriga
272 2257 445 2302 aurigam
461 2261 622 2303 superat.
649 2259 895 2304 periculosam
910 2261 1008 2295 enim
1022 2260 1243 2295 victoriam·
1233 2271 1308 2295 mm
1316 2260 1516 2296 Cadmeum

34 2303 129 2339 illud
151 2305 394 2350 proverbium
419 2305 622 2351 vituperat,
647 2308 907 2354 optimumque
932 2308 1028 2343 mihi·
1051 2308 1212 2353 videtur,
1249 2309 1288 2343 in
1324 2309 1403 2353 ipsa
1427 2320 1516 2354 quo·

32 2363 105 2397 que
130 2364 258 2399 pugna
279 2352 402 2389 faeere
432 2355 550 2389 astuti
574 2355 717 2401 aliquid
740 2368 784 2391 ex
810 2362 891 2391 arte
913 2357 1080 2401 militari,
1111 2356 1411 2402 quandoquidem
1437 2358 1518 2392 hos-

32 2403 129 2435 tmm
175 2401 414 2438 multitudini
449 2403 636 2439 exercitus
669 2416 745 2439 non
782 2416 851 2450 par
887 2408 955 2447 est,
994 2405 1109 2439 veluti
1148 2416 1193 2439 ex
1232 2404 1391 2439 historia
1429 2405 1517 2441 lieet

30 2449 166 2494 cuique
189 2449 378 2496 eolligere,
413 2462 490 2486 non
524 2451 652 2487 eadem
691 2454 837 2488 ratione
875 2453 1070 2488 victoriam
1108 2453 1330 2498 comparari,
1367 2453 1429 2488 sed
1468 2454 1517 2489 ab

30 2498 134 2533 omni
172 2497 262 2534 inde
298 2501 467 2544 tempore
501 2501 616 2535 vanis
649 2501 853 2545 laboribus,
891 2505 934 2536 ut
975 2513 1050 2536 una
1087 2501 1237 2546 quidem
1269 2501 1431 2536 victoria
1453 2503 1516 2546 sit,

30 2547 131 2581 ratio
155 2550 293 2592 autem,
314 2559 389 2593 qua
411 2549 561 2583 eveniat
585 2548 756 2588 ducibus
779 2553 914 2584 natura
937 2551 1041 2584 varia.
1066 2561 1109 2585 ae
1134 2549 1289 2584 diversa.
1317 2549 1517 2586 nonnullos

30 2595 130 2630 enim
167 2595 356 2630 clarorum
393 2596 485 2631 olim
523 2596 659 2632 ducum
693 2601 825 2643 aperta
861 2598 898 2632 vi
938 2614 955 2628 ι
995 2597 1065 2633 hac
1101 2598 1247 2632 ratione
1283 2596 1515 2633 adversarios

29 2653 223 2688 superasse
246 2647 405 2690 constat,
430 2645 522 2680 alios
536 2645 610 2681 alio
623 2646 735 2681 modo
749 2646 891 2681 vicisse.
924 2646 997 2680 iam
1011 2649 1120 2690 pater
1137 2657 1240 2680 meus
1254 2649 1292 2680 et
1308 2646 1516 2691 imperator

30 2691 142 2727 modo
165 2692 205 2727 vi
229 2692 342 2728 modo
367 2692 454 2728 dolo
479 2705 568 2729 usus
594 2694 718 2729 hostes
744 2694 935 2737 viuoebat3
971 2694 1184 2738 factumque
1208 2697 1265 2729 est
1289 2693 1390 2729 haud
1413 2706 1512 2738 raro,

29 2739 137 2774 utin
161 2741 299 2786 pugnis
321 2741 425 2787 ipsis,
449 2753 535 2778 eum
568 2743 685 2777 astuti
722 2741 865 2787 ahquid
905 2742 1151 2788 excogitasset
1187 2745 1357 2787 essetque
1392 2754 1512 2787 ausus,

28 2788 229 2824 victoriam
253 2790 383 2825 statim
407 2791 697 2826 naneisoeretur.
727 2794 841 2835 atque
859 2790 952 2824 alias
984 2792 1258 2836 strategemate,
1282 2790 1374 2826 alias
1397 2793 1510 2826 etiam

0 2873 1 2876 ,
27 2837 211 2872 consertis
246 2838 420 2874 manibus
457 2839 578 2874 multa
613 2850 721 2884 saepe
758 2850 827 2874 nec
862 2838 1016 2884 opinata
1055 2838 1177 2874 erexit
1200 2842 1366 2884 tropaea.
1424 2851 1510 2874 nam

27 2884 281 2931 periculorum
304 2890 350 2922 ut
373 2886 440 2934 qui
455 2887 619 2923 maxime
643 2890 823 2933 appetem
838 2885 924 2932 fuit,
950 2889 988 2922 et
1011 2888 1189 2923 continua
1211 2886 1320 2922 licuit
1342 2886 1511 2933 pericula
