1794 3132
540 234 596 297 ¹.N
625 233 914 267 nmmum
939 233 1102 268 NOTAE
1480 226 1562 269 495

77 350 240 395 Banda
283 348 566 404 appellabant.
637 347 821 390 Rursum
866 344 1061 403 τάγματα
1100 348 1473 392 subdividebantur
1499 345 1564 401 εἷς

78 404 320 461 δεκαρχίας,
351 405 439 448 sive
465 404 679 455 DecuriaS,
696 404 901 447 Decuriae
930 418 1026 448 vero
1055 405 1098 448 in
1130 404 1424 458 Contubernia,
1458 419 1563 461 quae

106 464 263 519 uinque
291 462 395 505 viris
424 461 687 505 constabant.
754 461 927 511 Bandis,
968 474 1039 504 seu
1068 461 1329 513 Cohortibus‚
1374 464 1563 518 praeerat

113 532 239 572 omes,
284 518 488 562 Decuriae
533 530 630 561 vero
659 518 887 570 Decarcha,
932 518 998 560 vel
1029 518 1222 561 Decurio.
1280 518 1387 562 Vide
1416 519 1562 562 Leonis

77 577 252 620 Tactica
281 588 371 630 cap.
389 575 430 618 4.
461 574 500 629 ξ.
520 575 559 617 2.
590 576 632 617 et
661 575 701 616 6.

211 628 462 689 Δράκοντα]
515 631 619 685 Quis
647 631 727 673 iste
756 630 908 672 fluvius
939 631 1106 673 Dracon
1139 632 1180 673 et
1211 644 1293 685 qua
1322 631 1366 673 in
1394 632 1562 686 provin·
1574 635 1772 683 Pag.97.A

78 690 143 733 cia
171 702 303 746 aquas
331 701 430 732 suas
460 687 672 743 egesserit,
694 687 799 730 mihi
819 686 955 730 fateor
972 687 1249 742 incognitum.
1297 687 1563 743 Quamquam

77 746 292 802 probabile
320 746 384 789 aet
427 745 472 788 in
505 744 722 800 Bithynia,
769 743 975 798 siquidem
1018 744 1178 786 Turcae
1220 746 1322 786 tunc
1364 745 1562 799 temporis

76 803 277 847 Nicaeam
322 803 364 846 et
420 802 606 845 caeteras
646 801 775 843 Asiae
829 801 1065 854 provincias
1112 802 1276 855 praeter
1319 801 1561 856 Bithyniam

76 860 362 915 possidebant,
385 859 467 901 nisi
495 858 604 901 forte
632 858 726 912 quis
756 856 881 899 malit
909 857 1033 900 hocce
1078 857 1184 899 inito
1215 857 1412 900 Alexium
1452 858 1564 900 inter

75 919 118 960 et
147 917 452 972 Solymannum
481 914 657 966 foedere,
689 914 755 956 vel
794 914 930 968 pacto,
969 915 1140 957 cautum
1180 927 1231 956 ne
1261 914 1387 956 Turci
1417 913 1563 957 Orien-

75 975 162 1016 tem
200 985 345 1017 versus
375 971 579 1016 Orontem
607 969 1056 1026 praetergrederentur,
1101 971 1173 1025 qui
1209 972 1316 1014 esset
1351 972 1396 1013 in
1426 971 1563 1025 poste-

76 1043 172 1073 rum
197 1030 403 1073 terminus
432 1028 664 1071 Turcorum
709 1027 896 1070 ditionis.
973 1027 1085 1070 Nam
1130 1026 1329 1070 Orontem
1374 1027 1561 1078 fluvium,

77 1087 149 1142 qui
180 1086 452 1130 Antiochiam
482 1084 754 1140 praeterfluit,
786 1084 1041 1127 Dracontem
1062 1084 1319 1138 appellatum
1349 1085 1472 1127 autor
1501 1086 1563 1127 est

77 1143 328 1187 Eustatbius
357 1142 411 1186 ad
443 1141 638 1195 Dionysii
657 1136 926 1199 Περιῆγησιν
952 1153 1074 1184 versu
1088 1141 1184 1183 919.
1210 1140 1437 1183 Antiochia
1466 1153 1561 1184 vero

76 1213 124 1244 ea
169 1199 419 1255 tempestate
464 1198 721 1254 Solymanno
766 1198 953 1253 parebat,
983 1198 1048 1239 uti
1078 1210 1103 1240 a
1133 1197 1252 1240 nobis
1282 1198 1324 1240 in
1356 1197 1480 1240 Notis
1507 1198 1559 1240 ad

76 1257 335 1313 Bryennium
364 1256 407 1299 et
437 1256 483 1298 in
514 1255 707 1298 Familiis
737 1255 897 1299 Orient.
927 1254 1175 1297 indicatum.

213 1311 329 1367 Περὶ
371 1313 451 1355 τοῦ
492 1308 846 1369 ΠΙονομαχάτοι]
902 1311 961 1354 Ut
1009 1310 1187 1366 Georgio
1239 1311 1604 1354 MonomachatoA

77 1370 309 1427 Dyrrachio
338 1369 569 1420 excedente,
608 1369 653 1411 in
682 1369 798 1411 illius
828 1368 944 1411 urbis
975 1367 1279 1423 praefecturam
1319 1367 1561 1410 successerit

74 1427 366 1483 PalaeolognS,
399 1426 550 1482 attigit
580 1426 707 1469 etiam
741 1425 994 1468 Guillelmus
1023 1424 1149 1479 Apul.
1180 1424 1253 1468 lib.
1274 1425 1312 1467 4.

641 1482 807 1525 Multos
835 1481 1089 1536 Palialoyus
1116 1481 1259 1537 Aryos

161 1540 453 1596 Dyrrachium
481 1540 618 1592 duxit,
645 1539 876 1593 pulsusque
906 1537 1115 1593 Georyius
1144 1538 1244 1581 urbe

160 1597 337 1640 Fraude
359 1597 458 1650 fuit,
488 1598 664 1640 missum
695 1596 778 1639 sibi
806 1595 963 1651 qaudet
990 1595 1173 1638 Alexius
1202 1595 1369 1638 hostem.

205 1649 409 1709 Ῥογὲρη]
457 1653 679 1697 Ordericus
722 1652 794 1695 lib.
818 1653 855 1695 7.
897 1651 1109 1707 Royefflus
1141 1655 1280 1694 autem
1303 1651 1443 1704 frater
1473 1652 1600 1694 eiusc

75 1709 347 1766 (Boemundi)
384 1714 652 1765 coynomento
682 1708 840 1760 Bursa,
886 1710 1004 1751 iussu
1042 1709 1190 1762 patris
1231 1708 1278 1750 in
1306 1706 1470 1761 Apulia
1496 1722 1560 1750 re-

74 1771 291 1810 manserat
349 1771 387 1809 ct
432 1766 647 1810 Ducatum
686 1767 769 1809 sibi
810 1779 862 1807 ea·
904 1765 1161 1808 haereditate
1200 1764 1350 1807 matris
1379 1764 1561 1807 deb-itum

74 1824 343 1867 mestodiebat.
403 1823 512 1866 Vide
538 1823 756 1866 Malaterr.
785 1822 858 1864 lib.
880 1824 919 1865 3.
950 1834 1039 1876 cap.
1060 1823 1128 1864 30.

212 1879 503 1934 Βοθρεντοῦ]
538 1879 619 1923 Seu
656 1878 935 1933 Βουθρωτοῦ.
984 1878 1240 1920 Buthrotum
1270 1876 1466 1931 oppidum
1498 1877 1560 1918 est
1574 1879 1771 1926 Pag.98.A

73 1937 119 1980 in
150 1937 289 1992 Epiro,
321 1951 346 1980 a
376 1950 459 1992 quo
498 1932 779 1991 Βουθρότων
823 1931 1003 1985 κόλπος.
1076 1933 1389 1988 Expeditionem
1432 1933 1558 1975 istam

75 1993 289 2037 Wiscardi
331 1994 520 2049 pluribus
561 1994 861 2036 commemorat
901 1991 1151 2035 Guillelmus
1196 1989 1320 2043 Apul.
1350 1989 1423 2031 lib.
1444 1990 1483 2031 4.
1512 2001 1557 2031 ex

75 2063 157 2150 quio
185 2063 447 2150 egcerpenzns
466 2050 539 2092 ille
558 2049 852 2149 ίῑᾮξρέῑυῐέηἶοῖο
873 2061 979 2147 quiae
998 2048 1051 2090 ad
1073 2045 1367 2146 qugssmndam
1389 2046 1555 2087 Annam

74 2120 497 2151 vrenurconerre.
602 2119 669 2150 1e
736 2119 908 2149 oaaa
996 2118 1178 2147 aso.

209 2159 575 2222 Προφθάσαντος
602 2159 821 2219 περᾶσαι]
855 2118 1112 2215 Videpsugpra
1138 2172 1231 2214 pag.
1255 2159 1322 2200 34.
1353 2160 1394 2200 et
1425 2157 1602 2202 Mala-A

73 2222 232 2264 terram
261 2221 335 2264 lib.
356 2222 395 2263 3.
424 2233 515 2275 cap.
532 2221 599 2263 24.

206 2273 441 2343 Γλώσσαν]
473 2277 815 2321 Promontorium
837 2275 943 2317 forte
959 2273 1280 2330 Dyrrachinum,
1304 2270 1424 2313 hodie
1443 2269 1557 2323 Gapo
1570 2280 1601 2314 Β

74 2335 120 2377 di
149 2333 365 2386 Durazzo,
395 2334 478 2377 msi
507 2334 741 2389 proximum
773 2331 999 2386 intelligat,
1030 2329 1140 2384 quod
1174 2328 1286 2382 Capo
1316 2327 1367 2370 de
1394 2325 1558 2369 Redmu'

73 2391 119 2434 in
148 2391 295 2435 charta
320 2391 522 2446 Sophiani
552 2391 832 2444 nuncupatur.
893 2388 1028 2437 Festo,
1059 2386 1232 2440 Linyua
1261 2388 1321 2426 est
1356 2396 1557 2436 promon-

74 2449 175 2491 torii
201 2462 335 2503 qenus
376 2461 464 2491 non
495 2447 744 2501 excellentis,
781 2445 854 2488 sed
881 2443 1064 2487 nwlliter
1099 2443 1145 2484 in
1175 2441 1358 2495 planum
1399 2439 1555 2482 detexi.

74 2504 166 2558 Quo
199 2505 368 2560 quidem
397 2504 602 2548 vocabulo
633 2516 715 2546 non
745 2501 870 2545 semel
904 2501 983 2543 hac
1015 2500 1193 2542 utuntur
1227 2497 1395 2540 notione
1415 2494 1556 2549 Scrip-

72 2565 198 2616 toreS‚
230 2562 441 2604 Pacuvius
470 2561 581 2616 apud
602 2559 818 2615 Agellium
848 2558 920 2600 lib.
941 2558 981 2598 4.
1014 2568 1102 2609 cap.
1127 2554 1192 2596 17.
1224 2553 1366 2596 Livius
1397 2552 1468 2594 lib.
1489 2551 1556 2594 37.

73 2619 116 2661 et
144 2618 213 2670 44,
244 2619 286 2661 et
317 2618 567 2661 Ammianus
596 2617 669 2659 lib.
693 2616 756 2658 14.
802 2614 871 2657 Sic
889 2612 1062 2656 Ovidius
1091 2611 1162 2653 lib.
1190 2611 1251 2652 13.
1281 2607 1557 2662 Metamorph.

71 2675 156 2718 tria
186 2674 355 2718 Siciliae
385 2673 673 2729 promontoria
703 2671 898 2726 Linquas
929 2670 1071 2711 vocat:
1373 2699 1378 2702 .

278 2730 432 2774 Tribus
460 2731 561 2774 haec
590 2730 776 2772 eaccurrit
805 2729 852 2769 in
880 2738 1064 2780 aequora
1093 2723 1289 2778 [sanquis.
1334 2778 1343 2786 ·
1444 2777 1453 2786 .
1485 2776 1493 2784 .
1518 2776 1527 2784 ·

71 2787 162 2831 Nec
204 2787 290 2831 alia
327 2787 519 2841 fortassis
561 2786 725 2829 ratione
766 2783 922 2834 Insula,
969 2793 1075 2836 quae
1105 2779 1290 2823 Catanae
1331 2790 1376 2820 111
1412 2776 1557 2820 Slclha

71 2843 249 2897 adiacet,
266 2844 461 2900 Linquae
489 2856 639 2886 nomen
669 2840 853 2885 obtinuit
882 2838 993 2893 apud
1028 2836 1283 2880 Blandjnum
1304 2833 1556 2877 Monachum
