1734 3120
189 212 270 252 344
692 217 858 251 ANNAE
892 215 1158 251 COMNENAE

33 341 76 378 P.
104 343 174 378 482
186 331 455 392 μεμαθὴκοι,
488 327 620 385 ἄλλος
650 325 753 390 ἦχος
788 333 839 375 οὗ
866 327 1062 390 συνήθης
1102 330 1174 373 καὶ
1212 332 1289 389 τῆς
1317 327 1529 387 κινήσεως
1559 346 1672 385 προ-

187 401 388 459 κλητικὸς
417 396 579 459 ἦχήσας
611 398 693 458 τήν
728 398 991 453 ὁδοιπορίαν
1029 395 1195 442 ἅπασιν
1233 395 1497 454 ἐπώτρυνε-ν.
1557 396 1597 441 εὶ
1626 397 1675 441 δέ

186 487 254 523 τις
284 471 357 514 καὶ
384 467 593 522 ἑθανάτα,
625 467 679 512 τὰ
709 463 819 512 αὐτὰ
849 459 983 519 αὖθις
1024 466 1190 523 ἐγίνετο
1228 467 1299 510 καὶ
1330 464 1354 509 ὁ
1388 461 1673 522 αὐτοκράτωρ

34 549 78 585 V.
104 537 304 595 381πρὸς
332 536 410 582 τὸν
440 535 691 598 θνήσκοντα
732 536 990 593 παρεγίνετο
1031 536 1105 578 καὶ
1148 532 1282 591 ἱερεῖς
1316 535 1674 591 προσεκαλοῦντο

187 604 292 659 τούς
336 606 662 658 ἐπιτελευτίους
711 599 895 665 ᾄσοντες
939 602 1101 660 ὕμνους
1144 603 1216 646 καὶ
1263 606 1352 646 τῶν
1394 600 1711 659 ἁγιασμάτωνό

186 672 520 731 μεταδώσοντες
549 673 613 733 τῷ
644 671 897 732 θνήσκοντι.
966 673 1037 716 καὶ
1078 669 1194 716 οὕτω
1235 675 1325 715 τῶν
1364 672 1439 716 ἐπὶ
1476 675 1573 724 τοῖς
1607 689 1676 715 τε-

187 745 374 788 λευτῶσι
403 740 583 787 πάντων
614 743 812 799 νομίμως
840 741 1154 794 τελεσθέντων,
1201 736 1350 797 [οὐδὲ]
1392 740 1543 797 μέχρις
1570 737 1623 783 ἂν
1653 738 1676 783 ὁ

189 809 398 872 θνήσκων
441 811 750 868 ἐνσοριασθεὶς
796 807 949 869 ἐτάφη,
997 809 1103 853 οὐδὲ
1147 805 1284 865 βραχὺ
1315 806 1395 867 τὴν
1433 805 1678 865 παράταξιν

190 877 429 937 συνεχώρει
457 883 694 925 κινεῖσθαι.
755 877 945 937 ὁπηνίκα
983 877 1031 922 δὲ
1061 874 1294 937 α’ριστῆσαι
1325 874 1470 936 τούτῳ
1513 877 1675 935 ἐδέησε,

189 945 393 1005 γυναῖκάς
418 965 466 992 τε
508 948 580 991 καὶ
619 941 791 1004 ἄνδρας,
835 943 1002 991 ὁπόσοι
1042 943 1190 999 νόσοις
1218 943 1249 1004 ἢ
1278 943 1388 1005 γήρᾳ
1413 942 1734 1003 κεκμηκότεςιιο

148 1012 308 1076 Βῆσαν,
342 1013 723 1072 μετακαλούμενος
742 1013 797 1059 τὰ
817 1015 958 1058 πλείω
980 1017 1070 1059 τῶν
1093 1011 1346 1071 ἐδεσμάτων
1366 1010 1519 1067 αὗτοῖς
1539 1031 1677 1070 παρε-

188 1086 311 1128 τίθει
355 1085 428 1128 καὶ
471 1081 576 1136 τούς
603 1085 972 1136 συνδειπνοῦντας
1006 1078 1113 1127 αὐτὸ
1151 1085 1286 1127 τοῦτο
1316 1085 1466 1127 ποιεῖν
1492 1098 1680 1138 παρεκε-

189 1150 359 1198 λεύετο.
418 1154 491 1197 καὶ
519 1144 570 1212 ἦν
602 1151 627 1212 ἡ
657 1150 854 1210 τράπεζα
883 1152 1124 1197 πανδαισία
1158 1170 1226 1205 τις
1255 1149 1390 1210 θεϊκή
1441 1146 1520 1196 οὐκ
1549 1147 1680 1208 ὁργά-

190 1239 276 1265 νων
308 1219 543 1276 παρόντων
574 1217 681 1266 οὗδὲ
716 1218 860 1266 αὐλῶν
885 1217 988 1265 οῦδὲ
1007 1218 1250 1277 τυμπάνων
1271 1215 1374 1265 οὐδὲ
1392 1217 1446 1264 τὸ
1467 1217 1680 1275 παράπαν

188 1293 406 1347 μουσικῆς
430 1308 549 1343 τινος
569 1287 845 1348 ἐνοχλούσης.
889 1286 1113 1342 τοιούτοις
1144 1281 1222 1334 οὖν
1243 1287 1398 1334 ἑαυτὸν
1417 1285 1676 1347 ἐφοδιάζων,
1696 1293 1734 1327 15

191 1356 304 1403 ε’πάν
347 1357 398 1402 τὸ
430 1356 655 1415 Δαμάλιον
698 1358 934 1413 κατέλαβεν
974 1356 1160 1415 (ἑσπέρα
1190 1359 1238 1402 δὲ
1268 1349 1349 1415 ἦν),
1395 1353 1453 1402 οιῗ
1498 1355 1681 1413 λαμπρὰ

190 1427 270 1484 μὲν
313 1429 432 1485 αὐτῷ
476 1427 530 1471 τὰ
574 1426 637 1481 εἷς
678 1427 759 1485 τήν
801 1424 933 1471 πόλιν
974 1427 1193 1484 γεγονέναι
1227 1423 1442 1485 εἶσιτήρια
1473 1422 1679 1481 ἐβούλετο

193 1491 295 1540 οὐδὲ
322 1493 550 1554 βασιλικὴν
595 1496 907 1552 ἐπιδείξασθαι
937 1494 1016 1554 τὴν
1061 1494 1249 1554 πομπὴν
1293 1489 1396 1539 οὐδὲ·
1440 1491 1682 1553 θεατρικὴν

192 1561 270 1624 τήν
301 1562 581 1625 παρασκευὴν
613 1560 832 1622 Ιἧθέλησεν
864 1565 909 1617 ἐς
953 1564 1092 1608 νέωτα
1130 1562 1209 1624 τὴν
1248 1563 1568 1620 διαπεραίωσιν
1598 1579 1682 1622 φί-

193 1634 334 1688 λάξας,
367 1630 489 1677 καθά
509 1650 555 1690 γε
586 1634 658 1678 καὶ
689 1634 832 1690 ἐχρῆν.
886 1628 976 1677 ἄλλ’
1011 1630 1149 1686 εὐθὺς
1178 1631 1241 1686 εἰς
1260 1633 1450 1691 μονῆρες
1468 1628 1682 1676 εἰσελθών
1694 1642 1734 1675 2(

153 1700 298 1758 Οπερὶ
324 1697 496 1755 λύχνων
526 1698 646 1759 ἁφὰς
674 1698 728 1744 τὰ
761 1696 980 1758 ἀνάκτορα
1009 1701 1233 1757 κατέλαβε.
1281 1702 1336 1761 τῇ
1365 1699 1414 1744 δὲ
1432 1700 1529 1756 μετ’
1549 1695 1683 1757 αὐτὴν

193 1764 298 1820 ὅλος
324 1765 512 1826 ἐγεγόνει
541 1771 619 1830 τῆς
652 1772 743 1813 τῶν
786 1768 1079 1827 δορυαλώτων
1123 1769 1196 1812 καὶ
1243 1768 1378 1824 ξένιον
1421 1768 1681 1824 θεραπείας.

328 1919 359 1953 7.
386 1915 473 1953 οὐδὲ
500 1918 642 1955 seclusi.
740 1921 772 1955 8.
801 1920 1060 1965 ἑνσοριασθεὶς
1085 1919 1141 1962 0¹,
1168 1919 1434 1965 ἑνσωριασθεὶς
1451 1917 1538 1955 C²P.
1626 1919 1681 1952 12.

326 1963 423 2012 αὐτῷ
448 1966 517 2013 ΟΡ,
544 1968 702 2003 correxi.
868 1970 924 2004 15.
950 1966 1081 2004 ἑαυτὸν
1106 1967 1145 2014 Ο,
1175 1964 1323 2007 ἑαυτοὺς
1347 1966 1387 2003 P.
1551 1968 1605 2003 17.
1632 1968 1683 2005 «εἷς

327 2015 368 2060 Ρ,
391 2016 432 2050 ἐκ
462 2015 499 2051 C.
623 2016 681 2052 20.
708 2013 816 2056 αὐτὸς
840 2014 975 2056 eri-9313?

195 2151 314 2195 pcrto,
339 2148 481 2184 editum
506 2161 582 2185 esse
616 2152 780 2195 partum,
819 2150 914 2186 alius
939 2150 1040 2186 haud
1079 2150 1239 2186 usitatus
1278 2161 1401 2193 sonus,
1438 2148 1502 2194 qui
1533 2149 1682 2194 signum

193 2200 275 2233 erat
306 2197 453 2232 itineris
479 2198 742 2243 continuandi,
780 2210 908 2234 omnes
938 2198 986 2234 ad
1018 2198 1335 2246 progrediendum
1361 2197 1525 2243 impulit.
1575 2199 1613 2232 et
1646 2197 1678 2232 si

194 2246 277 2292 quis
302 2246 510 2281 moriturus
541 2250 633 2292 erat,
666 2259 796 2282 rursus
827 2247 943 2283 fiebat
976 2247 1076 2283 idem
1108 2247 1380 2293 accedebatque
1403 2246 1610 2292 imperator
1635 2245 1681 2280 ad

194 2294 459 2330 moribundum
485 2297 523 2330 et
548 2295 759 2331 sacerdotes
786 2296 1076 2342 advocabantur,
1102 2296 1167 2342 qui
1192 2295 1349 2342 hymnos
1374 2294 1422 2330 ad
1439 2294 1514 2330 tale
1531 2297 1679 2339 tempus

195 2346 346 2389 paratos
382 2343 559 2378 morienti
594 2347 771 2380 canerent
807 2356 964 2390 eumque
1002 2345 1242 2381 sacramentis
1277 2345 1520 2380 instruerent.
1571 2343 1682 2378 rebus

194 2391 312 2438 igitur
350 2403 446 2438 quae
479 2392 580 2428 circa
617 2393 860 2429 moribundos
899 2392 981 2429 fieri
1013 2394 1135 2429 solent
1162 2393 1235 2429 rite
1277 2392 1439 2439 peractis
1470 2402 1545 2427 non
1579 2391 1684 2437 prius

197 2439 284 2475 inde
321 2440 503 2475 exercitui
540 2441 599 2476 vel
636 2453 785 2487 passum
820 2442 1022 2488 procedere
1057 2442 1240 2488 permisit,
1279 2452 1391 2487 quam
1425 2439 1567 2475 mortui
1595 2451 1682 2475 arca

194 2488 337 2524 condit-i
371 2488 581 2534 sepultique
615 2494 746 2526 essent.
798 2490 950 2536 prandii
973 2494 1152 2536 tempore,
1179 2492 1366 2536 quotquot
1393 2488 1566 2524 mulieres
1591 2488 1681 2524 viri-

193 2548 265 2582 que
303 2537 444 2572 morbis
482 2541 548 2573 aut
585 2542 775 2574 senectute
812 2540 1091 2584 premebantur,
1127 2538 1175 2574 ad
1211 2550 1249 2574 se
1287 2537 1532 2582 convocabat,
1559 2537 1680 2582 iisque

193 2586 355 2620 maxima
393 2585 563 2621 ciborum
591 2590 698 2632 parte
740 2589 915 2632 apposita
947 2588 1133 2631 convivas,
1175 2590 1217 2622 ut
1252 2587 1351 2623 idem
1390 2585 1566 2630 facerent,
1608 2597 1684 2621 mo-

194 2633 318 2668 nebat.
343 2637 497 2680 eratque
535 2647 662 2671 mensa
699 2635 867 2671 divinum
907 2636 1092 2683 quoddam
1125 2635 1358 2672 convivium:
1396 2635 1554 2670 aberant
1593 2645 1681 2669 vero

195 2693 352 2727 organa,
401 2683 516 2718 tibiae
550 2695 592 2720 ac
634 2686 812 2730 tympana
858 2697 926 2722 nec
966 2684 1033 2720 ulli
1072 2685 1225 2720 omnino
1268 2683 1399 2720 musici
1441 2682 1544 2718 modi
1585 2693 1683 2718 reso-

196 2730 346 2765 nabant.
404 2730 459 2766 ita
494 2731 679 2768 instructo
716 2733 871 2778 itinere,
909 2745 994 2769 cum
1031 2733 1242 2768 Damalium
1273 2733 1342 2768 sub
1376 2742 1568 2777 vesperam
1601 2742 1683 2777 per-

195 2778 365 2822 venisset,
391 2779 513 2815 noluit
535 2781 605 2815 sibi
630 2780 866 2826 splendidum
891 2782 1018 2828 parari
1042 2782 1244 2817 introitum
1262 2793 1331 2817 nec
1348 2780 1492 2826 regiam
1508 2790 1683 2825 pompam

196 2838 265 2862 nec
289 2827 475 2863 scaenicos
501 2832 703 2874 apparatus
726 2830 910 2876 permisit,
938 2831 1003 2867 sed
1020 2830 1169 2866 distulit
1186 2830 1456 2875 traiectionem‚
1481 2831 1524 2864 ut
1537 2839 1684 2864 necesse

196 2873 282 2920 fuit,
315 2875 354 2910 in
387 2878 577 2922 posterum
609 2877 725 2924 diem;
765 2878 844 2925 ipse
880 2879 1007 2915 statim
1042 2890 1190 2915 monere
1226 2889 1424 2915 conscensa
1456 2877 1580 2924 prima
1605 2875 1684 2912 face
