1780 3138
517 242 784 278 ALEXIADIS
814 243 909 277 LIB.
938 243 1003 276 XI.
1038 238 1091 277 6.·
1467 238 1545 278 101

46 375 214 404 ταττεν.
273 376 317 403 οι
347 359 397 403 δὲ
426 358 498 402 καὶ
529 349 664 411 αυθις
707 354 929 416 ἐπλήρουν
968 354 1020 401 τὸ
1069 358 1310 402 κελευσθὲν
1354 361 1426 404 καὶ
1469 361 1548 404 τὸν

49 425 315 486 ζητούμενον
367 423 602 485 εὑρηκότες
660 426 886 483 δρομαίως
946 429 1010 485 τῶ
1057 426 1220 485 Πέτρῳ
1261 430 1598 487 προσέφερονΡ.
1631 438 1701 472 327

46 499 160 559 χαρᾷ
190 496 265 541 καὶ
309 496 446 555 φρίκῃ
487 491 784 551 συνεχόμενοι.
855 511 1041 539 κακτοτε
1083 492 1146 548 ὥς
1186 493 1406 556 ἆγνοτέρῳ
1456 502 1547 542 τῶν

46 561 192 611 ἄλλων
231 567 296 625 τῷ
325 560 540 646 Ἰσαγγέλῃ
584 564 630 609 ἐν
674 567 774 618 ταῖς
815 561 975 620 μάχαις
1003 561 1083 609 τὸν
1112 564 1282 609 σεπτὸν
1308 566 1380 610 καὶ
1411 571 1545 612 θεῖον

10 634 308 691 ὅένεχείριζον
335 624 454 694 ἧλον.
513 635 569 694 τῇ
597 635 703 690 γοῦν
731 634 827 689 μετ’
862 627 997 690 αυτὴν
1027 632 1076 688 ἐξ
1103 628 1368 677 οἷνυποπτου
1400 632 1603 693 πύληςῖἶ.
1633 644 1704 680 259

46 701 157 748 κατὰ
200 705 292 748 τῶν
341 699 552 760 Ίούρκων
595 699 863 760 ἐξώρμησαν.
947 698 1050 746 τότε
1098 699 1150 760 δὴ
1200 700 1223 746 ὁ
1276 701 1547 759 καλούμενος

49 769 278 828 Φλάντρας
306 766 499 833 ᾐτήσατο
531 768 641 823 τούς
670 767 861 823 λοιποὺς
888 770 994 827 μίαν
1019 767 1181 828 ταύτην
1211 768 1384 829 αἴτησιν
1406 790 1547 830 παρα-

44 840 309 901 χωρηθῆναί
338 837 394 894 οἳ,
426 837 540 897 μετὰ
578 842 715 896 τριῶν
744 837 883 896 μόνον
924 838 1036 884 κατὰ
1080 843 1171 884 τῶν
1206 838 1417 898 Τούρκων
1457 845 1547 885 τῶν

43 905 191 955 &mm
219 913 404 968 πρῶτον
432 907 567 955 αὐτὸν
597 907 953 966 ἐξιππάσασθαι.
1007 910 1184 954 δέδοται
1223 908 1276 969 δὴ
1315 908 1462 970 τούτῳ
1492 911 1544 957 τὸ

0 987 32 1023 [0
45 978 246 1039 αἷτηθέν.
278 981 352 1025 καὶ
378 977 570 1038 ὁπηνίκα
599 975 644 1022 αἱ
675 976 895 1038 φάλαγγες
924 977 1206 1035 ἑκατέρωθεν
1236 978 1387 1024 ἰλαδὸν
1420 979 1544 1041 ἔστη-

45 1065 127 1095 σαν
168 1049 242 1094 καὶ
286 1045 312 1110 ἦ
359 1050 446 1093 τοῦ
487 1048 689 1103 πολέμου
734 1045 926 1104 σύναψις
972 1043 1254 1106 ηὐτρέπιστο,
1298 1045 1433 1103 αὗτὸς
1460 1054 1542 1095 τοῦ

42 1119 193 1162 ἵππου
223 1111 401 1173 ἇποβὰς
427 1116 501 1161 καὶ
534 1116 839 1173 προσουδίσας
878 1113 1036 1161 ἑαυτὸν
1074 1114 1302 1174 τρισσάκις
1342 1121 1406 1177 τῷ
1441 1121 1542 1177 Θεῷ
1559 1123 1589 1158 Β

44 1184 266 1246 ἐπηύξατο
312 1185 487 1231 ἐκεῖθεν
517 1182 597 1244 τὴν
635 1182 856 1245 βοήθειαν
896 1183 1215 1243 ἐξαιτούμενος.
1286 1184 1547 1245 βοησάντων

45 1255 93 1301 δὲ
123 1253 305 1300 πάντων
349 1253 404 1300 τὸ
452 1252 511 1299 “ό
546 1252 661 1307 Θεὸς
690 1257 799 1311 μεθ’
832 1252 999 1315 ἡμῶν”,
1049 1253 1181 1308 ὅλους
1218 1259 1410 1313 ῥυτῆρας
1450 1261 1544 1301 κατ’

0 1329 29 1365 ὑ
43 1320 186 1369 αὐτοῦ
214 1326 295 1369 τοῦ
324 1326 580 1381 Κουρπαγᾰ
611 1323 822 1368 ἐνέδωκεν
852 1324 932 1368 ἐπί
964 1341 1085 1377 τινος
1113 1321 1258 1385 λόφου
1295 1322 1544 1382 ἳσταμένου.

41 1389 187 1447 εὖθύς
215 1385 296 1439 οὖν
325 1390 431 1446 τοὺς
457 1390 570 1437 κατὰ
598 1390 851 1450 πρόσωπον
891 1388 1035 1437 αὐτῶν
1067 1390 1425 1448 ὑπαντιάσαντας
1449 1398 1547 1448 τοῖς

40 1460 198 1521 δόρασι
226 1459 439 1519 βαλόντες
469 1459 580 1506 κατὰ
608 1465 685 1523 γῆς
707 1460 913 1520 ἔρριψαν.
946 1461 1155 1506 ἐντεῦθεν
1178 1454 1256 1506 οὖν
1277 1462 1544 1520 ἕκδειματω-

42 1532 202 1584 θέντες
234 1529 276 1576 οἱ
312 1534 511 1588 Τοῦρκοι
549 1529 640 1587 πρὸ
686 1533 767 1576 τοῦ
815 1533 1085 1589 συρραγῆναι
1115 1528 1195 1575 τὸν
1236 1529 1438 1588 πόλεμον
1483 1531 1547 1585 εἷς

40 1599 183 1661 φυγὴν
211 1597 466 1660 ἐτράπησαν
492 1601 624 1654 θείας
655 1598 837 1654 πάντως
858 1597 1087 1657 δυνάμεως
1123 1598 1429 1660 ἐπαρηγούσης
1449 1605 1546 1655 τοῖς

0 1674 332 1728 ῺΧριστιανοῖς
387 1666 468 1714 κάν
508 1673 572 1729 τῷ
612 1671 793 1729 φεύγειν
829 1667 1233 1730 παραπορήσαντες
1263 1668 1304 1715 οὶ
1336 1672 1544 1716 πλεῖστοι

38 1742 128 1784 τῶν
155 1736 394 1796 βαρβάρων
422 1742 521 1792 ταῖς
550 1739 690 1792 δίναις
725 1742 815 1782 τῶν
846 1739 1082 1796 ποταμίων
1113 1739 1408 1794 συσχεθέντες
1447 1744 1544 1799 ῥευ-

37 1805 193 1865 μάτων
223 1804 542 1866 ἆπεπνίγησαν,
576 1805 639 1861 ὥς
663 1804 758 1852 ἇντὶ
779 1805 973 1868 γεφύρας
1001 1808 1265 1866 χρηματίσαι
1283 1806 1338 1852 τὰ
1358 1806 1544 1866 σώματα
1559 1813 1586 1848 C

174 1949 207 1984 2.
232 1948 283 1995 τῷ
306 1949 440 1995 ΙῙέτρῳ
465 1951 709 2007 προσέφερον
734 1948 839 1995 F(A),
860 1950 1108 2005 προσέφερον
1133 1961 1183 1994 τῳ
1210 1950 1348 2005 Πέτρῳ
1370 1948 1410 1984 P.
1511 1951 1544 1985 3.

174 1996 364 2044 ἁγνοτέρῳ
386 1997 431 2043 A,
457 1995 508 2043 ἀγ
509 2000 654 2055 νωῑέρῳ
678 1997 717 2033 Ρ.
795 1999 827 2033 5.
855 1993 1069 2032 ἇνεπόπτου
1084 1996 1120 2032 C.
1223 1996 1276 2032 11.
1301 1993 1546 2053 ηὐτρέπισται

175 2045 215 2082 C.
368 2047 422 2081 12
450 2044 642 2093 τρισσοῖκις
666 2045 709 2090 F,
734 2041 898 2103 τρισάκις
921 2045 998 2081 PA.
1177 2046 1229 2081 14.
1256 2041 1408 2081 πάντων
1432 2045 1472 2081 τὸ
1500 2047 1544 2093 F,

174 2092 216 2130 τὸ
243 2106 315 2132 om.
340 2094 416 2131 PA.
547 2096 607 2130 20.
636 2090 969 2142 παραπορήσαντες
993 2093 1040 2140 A,
1065 2098 1393 2141 παραπορίσαντες
1419 2095 1459 2131 Ρ.

37 2229 306 2265 scrutationem
333 2229 554 2277 diligentius
580 2230 780 2266 instituere
805 2231 922 2267 iubet.
967 2233 1104 2277 parent
1129 2229 1252 2266 denuo
1279 2231 1544 2277 repertamque

36 2277 203 2314 lanceam
220 2278 394 2315 celeriter
418 2291 505 2316 eum
531 2279 669 2326 gaudio
697 2279 861 2326 quidem,
888 2279 950 2315 sed
978 2283 1015 2315 et
1040 2291 1125 2315 cum
1143 2279 1302 2315 horrore
1326 2278 1373 2314 ad
1388 2278 1542 2314 Petrum

38 2326 226 2363 deferunt.
277 2326 416 2364 deinde
440 2328 599 2375 Isangeli
626 2329 794 2365 omnium
833 2328 1042 2365 castissimo
1077 2330 1241 2364 sanctam
1275 2327 1541 2363 venerandam-

39 2387 111 2432 que
134 2375 302 2412 lanceam
327 2377 368 2412 in
395 2377 549 2422 proeliis
566 2377 788 2424 gestandam
813 2379 1068 2414 committunt.
1097 2379 1248 2423 postero
1267 2376 1328 2412 die
1346 2378 1544 2423 eruptione

37 2424 78 2460 in
96 2424 237 2460 Turcas
262 2437 330 2471 per
355 2428 506 2472 portam
531 2438 607 2462 non
625 2427 861 2462 observatam
888 2429 1022 2473 parata
1040 2425 1216 2461 Flantras
1244 2425 1308 2471 qui
1334 2425 1541 2461 vocabatur

37 2484 59 2508 a.
84 2474 218 2509 ceteris
243 2473 402 2510 ducibus
427 2474 466 2510 id
492 2486 608 2510 unum
633 2475 758 2522 petiit,
784 2478 828 2511 ut
855 2476 927 2511 sibi
952 2475 993 2510 in
1023 2475 1163 2510 Tur-cas
1184 2486 1269 2510 cum
1288 2474 1412 2509 tribus
1428 2474 1540 2510 modo

40 2522 148 2558 sociis
172 2522 299 2558 invehi
315 2523 457 2560 liceret.
496 2535 570 2571 quo
598 2523 803 2571 impetrato
828 2535 913 2560 cum
940 2526 1106 2560 structae
1132 2524 1325 2568 utumque
1348 2523 1445 2558 acies
1469 2526 1542 2559 sta·

36 2573 123 2606 rent
149 2582 191 2607 ac
216 2571 354 2607 milites
384 2583 423 2607 se
447 2571 495 2608 ad
511 2572 830 2620 congrediendum
858 2573 1109 2620 accingerent,
1135 2572 1215 2618 ipse
1233 2583 1328 2618 equo
1353 2571 1540 2617 desiliens,

36 2618 126 2654 dum
167 2624 227 2655 ter
269 2620 377 2655 humi
415 2622 643 2668 procumbit,
685 2622 796 2658 deum
839 2621 991 2658 invocat
1039 2632 1148 2667 opem
1189 2621 1269 2658 eius
1314 2620 1539 2666 implorans3

36 2669 118 2703 tum
158 2668 332 2705 omnibus
355 2669 451 2705 illud
491 2669 607 2706 “deus
641 2671 861 2707 nobiscum''
896 2670 1146 2706 clamantibus
1170 2669 1291 2706 missis
1316 2668 1472 2705 habenis
1499 2670 1540 2705 in

12 2763 15 2769 ,
35 2715 159 2763 ipsum
182 2717 474 2764 Curpaganem
464 2731 504 2754 1n
518 2719 664 2756 tumulo
680 2722 843 2756 stantem
861 2719 1065 2755 invehitur.
1108 2718 1175 2762 ibi,
1197 2719 1385 2767 quotquot
1397 2717 1541 2753 Tui-cae

2 2786 7 2814 3¹
36 2764 127 2811 ipsis
165 2769 381 2812 occurrunt,
406 2767 600 2803 hastarum
636 2768 777 2805 ictibus
815 2767 1001 2814 perfossos
1039 2770 1230 2814 sternunt;
1265 2766 1364 2802 unde
1395 2769 1539 2813 perter-

36 2813 104 2849 rit-i
141 2814 254 2850 ceteri
299 2815 361 2851 dei
399 2817 553 2852 numine
592 2817 790 2853 manifesto
820 2816 1044 2853 Christianis
1083 2817 1300 2861 auxiliante,
1337 2818 1539 2862 antequam

37 2862 222 2908 proelium
241 2863 396 2910 inirent,
422 2865 462 2900 in
478 2865 606 2912 fugam
625 2868 839 2902 vertuntur.
878 2877 922 2902 ac
941 2865 1112 2912 plerique
1127 2866 1403 2902 barbarorum·
1393 2877 1433 2900 111
1450 2864 1540 2911 fuga

36 2911 270 2958 trepidantes
292 2892 401 2950 fluvii
423 2914 631 2951 vorticibus
657 2915 760 2962 capti
785 2914 1022 2961 demersique
1047 2917 1145 2958 sunt,
1173 2916 1228 2951 ita
1253 2917 1297 2950 ut
1321 2916 1538 2950 coacervata
