1806 3132
198 884 232 919 D

240 235 325 279 540
764 239 942 281 CAROLI
971 246 1211 282 DUGANGII

361 361 471 408 Urbs
499 361 599 406 liaeo
629 362 742 405 clives
772 375 898 416 opum
920 362 1163 417 populoque
1190 361 1347 416 referta
1375 362 1565 405 videtur:

354 419 491 463 Nulla
519 420 659 474 inaqis
688 419 872 473 locuples
902 423 1090 475 arqento,
1120 420 1315 471 vestibus,
1344 434 1464 474 auro,

356 477 560 520 Partibus
588 477 835 531 innumeris,
860 476 938 519 hac
958 477 1162 530 pluribus
1189 477 1290 520 urbe
1319 480 1512 520 onoratur

356 534 517 589 Nauta,
546 534 683 576 maris
712 534 898 588 caelique
924 534 1016 577 vias
1047 534 1217 590 aperire
1232 534 1414 587 peritus.

355 591 452 634 Huc
482 595 521 634 et
540 590 783 634 Alexandri
814 591 982 634 diversa
1007 591 1206 644 feruntur
1235 591 1287 634 ab
1316 591 1429 645 urbe,

356 648 489 703 Reqis
518 652 556 691 et
584 647 811 691 Antiochi:
841 648 941 691 liaeo
968 648 1082 701 freta
1102 647 1298 701 plurima
1331 648 1502 698 transit,

356 705 442 748 His
469 704 649 760 Arabes,
679 704 794 760 Indi,
825 704 962 748 Siculi
990 708 1223 748 noscuntur
1254 708 1291 748 et
1320 702 1445 758 Afri.-

357 762 476 805 Haeo
504 776 607 817 qens
636 766 698 805 est
725 766 857 805 toturn
877 776 988 815 pene
1017 762 1243 805 nobilitata
1263 776 1348 816 per
1379 761 1531 816 orbern,

356 819 417 862 Et
441 819 668 863 mercanda
693 819 835 873 ferens
862 823 900 862 et
931 832 1081 863 amans
1101 822 1288 862 mereata
1316 818 1486 871 referre.

378 870 688 935 Ἐργαστήρια]
708 876 1121 931 Amalphitanorum,
1143 876 1216 930 qui
1232 874 1597 929 Constantinopoli
1620 887 1732 917 com-

242 932 388 976 mercii
414 933 628 976 exercendi
659 946 783 976 causa
825 933 1208 984 commorabantur,
1249 932 1438 987 aliasque
1462 931 1507 973 111
1537 932 1639 974 urbe
1667 932 1735 974 ta-

242 991 404 1041 bernas,
435 990 502 1033 vel
532 990 734 1041 officinas,
767 1002 838 1032 seu
863 990 1015 1044 potius,
1049 1002 1155 1044 quae
1184 1002 1231 1032 ex
1261 989 1312 1031 iis
1337 989 1381 1031 in
1409 988 1732 1042 Imperatorium

242 1047 390 1090 fiscum
433 1046 580 1090 inferri
625 1047 816 1090 solebant
860 1047 1100 1102 vectigalia,
1132 1046 1343 1089 Ecclesiae
1376 1046 1427 1088 D.
1459 1045 1593 1088 Marci
1621 1045 1734 1088 ultro

242 1103 426 1158 largitur
455 1102 649 1147 Alexius:
688 1117 788 1146 nam
816 1104 896 1146 hac
925 1103 1177 1158 tempestate
1209 1102 1444 1157 Amalphis,
1484 1114 1555 1144 seu
1585 1102 1735 1144 Amal-

242 1160 354 1215 phia,
387 1173 493 1215 quae
523 1174 548 1204 a
576 1160 663 1203 suis
693 1161 818 1203 antea
847 1161 1072 1215 regebatur
1103 1160 1302 1211 Ducibus,
1334 1158 1517 1202 Roberto
1547 1159 1734 1213 parebat,

242 1217 499 1273 proindeque
531 1217 847 1272 Amalphitanis
876 1217 1035 1260 bellum
1073 1218 1163 1260 erat
1195 1229 1290 1259 cum
1317 1216 1479 1259 Alexio.
1539 1215 1735 1258 Extincto

243 1275 354 1317 enim
385 1274 543 1317 Ioanne
573 1274 688 1317 Duce
709 1274 1025 1329 Amalphitano,
1057 1274 1228 1317 Ioannis
1246 1273 1375 1316 Ducis
1391 1273 1493 1325 filio,
1511 1272 1563 1315 A.
1580 1282 1737 1315 MLXX.

244 1331 472 1386 Sergioque
501 1331 671 1374 Ioannis
701 1331 788 1374 filio
820 1332 977 1383 exacto,
1018 1331 1227 1374 Robertus
1269 1330 1483 1372 Ducatum
1514 1329 1734 1383 Amalphi-

243 1388 391 1431 tanum
422 1388 574 1431 nactus
604 1388 695 1431 erat
715 1387 975 1436 A.>M1ixxv.
1006 1388 1108 1430 urbe
1129 1387 1344 1441 occupata,
1378 1387 1445 1429 cui
1466 1386 1734 1441 postmodum

244 1444 443 1488 successit
474 1445 682 1500 Rogerius
711 1444 836 1496 filius,
870 1445 935 1487 uti
963 1445 1162 1488 narratur
1199 1444 1244 1486 in
1276 1443 1481 1487 Chronico
1513 1443 1737 1497 Amalphi—

243 1502 357 1545 tano.
433 1501 494 1545 Ut
537 1514 635 1556 ergo
680 1501 1080 1556 Amalphitanorum
1124 1501 1407 1544 mercatorum
1449 1500 1612 1543 animos
1657 1499 1737 1543 sibi

245 1558 516 1602 conciliarent
548 1557 710 1610 Graeci,
741 1559 860 1601 varia
895 1558 948 1601 iis
978 1559 1022 1600 in
1062 1558 1163 1601 urbe
1197 1557 1422 1613 privilegia
1461 1556 1736 1609 indulserant,

243 1614 556 1669 Embolumque,
590 1613 660 1670 (de
688 1628 770 1670 quo
799 1614 929 1670 infra)
959 1614 1229 1671 fflyasteria,
1267 1627 1373 1669 quae
1402 1613 1634 1657 Estaoones
1674 1613 1736 1655 di-

245 1672 398 1715 cuntur
426 1672 471 1714 in
500 1672 646 1715 charta
675 1672 910 1715 Boemundi
939 1672 995 1715 ΙΙ.
1040 1671 1249 1726 Principis
1279 1670 1545 1722 Antiocheni,
1585 1671 1626 1713 et
1656 1670 1737 1712 Ec—

244 1728 391 1772 clesias
421 1729 720 1772 concesserant.
771 1728 1170 1784 Amalphitanorum
1199 1740 1295 1771 vero
1325 1727 1513 1770 Ecclesia
1531 1726 1738 1770 Constan-

243 1785 423 1840 tinopoli
452 1786 685 1829 vocabatur
719 1785 912 1829 Ecclesia
949 1785 991 1829 S.
1028 1785 1205 1837 Mariae
1242 1784 1647 1838 Amalphitanorum
1688 1783 1738 1826 cle

244 1842 417 1898 Latina,
451 1845 500 1885 ut
528 1855 576 1886 ex
604 1842 732 1885 Bulla
753 1842 984 1886 Alexandri
1003 1843 1077 1886 IV.
1108 1843 1192 1886 PP.
1226 1842 1338 1897 apud
1359 1841 1589 1897 Ughellum
1616 1841 1737 1883 colli-

245 1900 373 1954 gitur.
427 1899 560 1942 Erant
589 1912 712 1954 porro
743 1900 862 1943 varia
893 1900 935 1943 et
978 1899 1194 1954 complura
1233 1899 1277 1941 in
1307 1898 1409 1941 urbe
1436 1897 1736 1941 Constantino-

244 1956 434 2011 politana
484 1951 743 2012 ἐργαστήρια
788 1955 1006 2011 ἐμπορίας
1052 1955 1124 1998 καὶ
1162 1954 1464 2011 πραγματείας
1498 1950 1733 2011 διαφόρου,

245 2013 294 2055 ut
323 2013 386 2056 ait
407 2013 670 2057 Iustinianus
698 2013 807 2057 Nov.
828 2014 896 2057 43.
928 2026 1103 2068 quorum
1136 2012 1304 2056 nomine
1324 2011 1576 2066 Imperatori
1596 2011 1733 2065 pensi-

244 2069 353 2112 tatio
398 2071 704 2124 praestabatur,
752 2070 868 2113 cuius
912 2070 1073 2113 reditus
1119 2083 1193 2125 pro
1241 2069 1355 2112 certa
1400 2068 1641 2123 quantitate
1683 2067 1738 2110 ad

246 2126 481 2181 praebenda
510 2127 738 2170 luminaria
785 2140 806 2170 e
858 2126 1048 2170 aedificia
1078 2127 1245 2181 publica
1291 2139 1340 2169 ac
1367 2125 1480 2168 tecta
1506 2125 1738 2179 reparanda

245 2183 676 2283 {ffffg'sst‘ffibassm’idt
695 2185 764 2283 {53³
810 2183 936 2284 3⁰29
950 2184 1020 2283 d&
1033 2183 1154 2283 0153&
1193 2182 1424 2282 ἷὲἓὲῑεῗῗ
1461 2182 1738 2293 ἑΠᾳῧὲωξὲἰῗ

247 2296 460 2349 sitatione,
491 2298 567 2340 aut
606 2297 884 2340 intributione
921 2298 1108 2340 caeterae
1138 2296 1341 2348 officinae,
1372 2308 1480 2351 quae
1511 2295 1564 2338 ad
1595 2295 1738 2337 Eccle-

248 2353 343 2405 sias,
374 2353 441 2396 vel
471 2354 576 2397 alias
606 2354 750 2397 domos
779 2354 928 2409 pietati
959 2354 1184 2406 dedicatas,
1215 2353 1282 2396 vel
1311 2352 1366 2395 ad
1395 2352 1507 2395 viros
1538 2351 1736 2404 illustres,

248 2409 315 2452 vel
343 2409 396 2452 ad
426 2410 597 2453 domum
627 2411 948 2465 Imperatoriam
968 2411 1245 2466 pertinebant,
1267 2409 1475 2451 immunes
1501 2421 1584 2451 non
1605 2409 1737 2451 erant.

248 2465 444 2508 Meminit
472 2467 566 2511 Lex.
591 2468 655 2510 12.
687 2467 785 2511 Cod.
818 2468 867 2510 de
897 2468 1034 2522 Episc.
1066 2468 1107 2510 et
1136 2465 1281 2510 Cleric.
1299 2465 1650 2520 Ergasteriorum,
1672 2465 1738 2508 vel

248 2523 533 2576 tabernarum,
565 2524 618 2567 ad
639 2525 846 2567 Ecclesias
879 2524 1192 2579 pertinentium,
1225 2524 1274 2566 de
1305 2522 1456 2578 quibus
1486 2522 1580 2578 agit
1609 2522 1736 2564 etiam

250 2577 414 2633 Gyllius
445 2580 489 2622 in
521 2579 886 2636 Constantinopoli
920 2581 993 2623 lib.
1014 2582 1052 2623 2.
1083 2594 1172 2635 cap.
1194 2580 1233 2622 4.
1273 2580 1351 2622 sub
1389 2578 1539 2621 finem:
1582 2578 1738 2633 BenJ'a-

249 2635 387 2678 minus
420 2649 517 2679 vero
548 2637 792 2681 Tudelensis
822 2638 865 2680 in
895 2637 1132 2690 itinerario,
1162 2635 1393 2691 vectigalis,
1426 2636 1536 2690 quod
1561 2635 1739 2690 cogeba-

249 2691 319 2732 tur
349 2705 396 2734 ex
421 2693 607 2736 tabernis
629 2693 1127 2749 Constantinopolitanis:
1157 2693 1304 2747 Ipsius
1326 2692 1509 2735 civitatis
1537 2692 1739 2735 tributum

249 2747 434 2802 sinyulis
459 2749 604 2793 diebus
631 2751 786 2806 viyinti
815 2765 1040 2794 aureorum
1069 2750 1208 2794 millia
1237 2749 1436 2803 conficere
1475 2749 1609 2804 aiunt,
1646 2762 1740 2791 oum

252 2817 302 2846 ex
329 2804 531 2848 locatione
561 2807 844 2860 tabernarum,
878 2811 966 2850 tuin
993 2821 1045 2850 ea:
1066 2807 1178 2875 foris
1217 2806 1431 2850 venalitiis
1463 2809 1501 2849 et
1538 2809 1739 2849 mercato-

251 2874 347 2904 rum
388 2862 672 2918 vectiyalibus.
743 2857 1108 2920 Ἐργαστηριακον
1161 2864 1322 2907 dictum
1365 2863 1472 2906 illud
1516 2862 1737 2915 tributum,
