1806 3132
266 220 350 265 550
782 227 960 262 ermom
989 226 1229 262 DUCANGII

265 358 358 387 nus.
399 343 623 387 Udalricus
661 343 706 386 in
741 343 928 386 Praefat.
973 343 1028 386 ad
1066 341 1364 386 Consuetudin.
1407 341 1594 386 Cluniae.
1644 343 1756 398 Quid

266 402 378 445 enim
404 400 700 456 Franciqenas
730 399 852 444 aliud
881 400 1078 455 dixerim,
1109 413 1203 443 cum
1221 400 1308 442 sint
1335 403 1424 442 tam
1441 400 1630 454 inquieti,
1653 415 1753 454 rap-

267 462 378 501 tores
420 461 458 501 et
501 458 552 501 de
594 456 776 501 candore
809 457 1012 499 virtutum
1040 456 1150 500 nihil
1181 456 1388 507 habentes,
1420 456 1498 500 etc.
1536 455 1616 500 Sed
1645 458 1751 500 Nor-

267 514 433 558 mannis
463 514 721 569 praesertim,
762 525 834 557 seu
869 513 1259 556 Normanno-Italis
1300 513 1409 556 hanc
1449 512 1756 570 φιλοκέρδειαν

267 571 511 615 adscribunt
555 570 787 625 Scriptores
832 570 918 614 alii.
965 570 1046 613 Leo
1093 569 1296 613 Ostiensis
1329 569 1402 613 lib.
1425 571 1465 612 2.
1488 583 1577 625 cap.
1599 571 1665 614 727.
1707 571 1757 614 de

266 628 331 728 iis,
361 642 500 729 genu-{3
522 628 702 728 ilfidum
730 631 768 670 et
798 627 1006 671 avaritiae
1032 626 1315 681 inexplebilis.
1348 625 1601 671 Guillelmus
1636 627 1755 683 Apu-

284 697 410 729 1ens1s
457 699 471 728 1
504 719 513 728 .
566 718 575 727 .

401 752 485 797 Est
506 751 755 808 acquirendi
785 751 913 796 simul
942 751 1134 795 omnibus
1161 765 1249 795 una
1278 750 1421 795 libido.

267 821 409 865 Infra:

402 888 486 934 Sed
515 890 616 944 quia
646 889 889 933 mundanae
916 889 1068 931 mentis
1098 887 1373 931 meditamina
1393 901 1542 942 prona

402 945 514 990 Sunt
545 947 604 990 ad
633 947 873 998 avaritiam,
901 946 1111 1000 vincitque
1133 945 1322 999 pecunia
1342 945 1523 998 passim,

402 1003 528 1047 Nunc
558 1003 645 1059 hoc,
675 1017 787 1046 nunc
813 1002 887 1046 illo
918 1005 1161 1056 contempto,
1186 1001 1293 1055 plus
1322 1001 1523 1044 tribuenti

405 1059 576 1115 Semper
606 1059 902 1112 adhaerebant,
934 1059 1092 1103 servire
1123 1058 1321 1102 libentius
1345 1058 1413 1101 illi

406 1117 558 1161 Omnes
582 1117 838 1173 qaudebant,
869 1131 896 1160 a
926 1130 1005 1172 quo
1034 1116 1136 1170 plus
1164 1115 1444 1170 accipiebant.-

404 1174 531 1218 Bella
559 1175 699 1230 maqis
719 1174 875 1229 populi
907 1187 1034 1228 quam
1060 1173 1236 1226 foedera
1260 1173 1387 1226 pacis
1420 1176 1622 1227 amantes,

404 1230 657 1286 Servitiique
686 1232 795 1275 vices
815 1244 901 1285 pro
931 1230 1094 1274 viribus
1123 1234 1162 1273 et
1190 1231 1357 1273 ratione

406 1287 625 1342 Temporis
654 1288 908 1344 empendunt,
930 1287 1037 1342 plus
1067 1287 1236 1331 dantem
1258 1286 1403 1341 pluri-s
1431 1285 1650 1330 habebant.

271 1367 384 1411 Idem
416 1367 490 1410 lib.
512 1368 552 1411 2.
584 1367 635 1411 de
664 1366 835 1411 Alexio:

404 1434 542 1479 Audit
572 1436 683 1479 enim
713 1436 813 1490 quia
840 1449 944 1491 qens
973 1449 1136 1489 semper
1163 1434 1460 1478 Normannica
1480 1447 1628 1487 prona

402 1492 484 1535 Est
511 1493 569 1536 ad
598 1493 849 1536 avaritiam:
874 1492 990 1546 plus,
1022 1493 1094 1547 qui
1117 1491 1220 1548 plus
1240 1491 1432 1546 praebet,
1464 1494 1649 1534 amatur.

226 1577 259 1612 D
406 1566 711 1626 Παραδιδόασι
749 1567 800 1613 τὸ
840 1566 1056 1626 κάστρον]
1100 1570 1297 1613 Extincto
1328 1569 1524 1625 Roberto,
1561 1567 1757 1620 Graecia,

269 1628 409 1683 inquit
427 1628 670 1681 Malaterra,
701 1628 887 1672 hostibus
905 1627 1191 1671 recedentibus
1211 1627 1324 1670 taeta
1352 1626 1516 1681 quievit.
1552 1626 1620 1669 Ita
1650 1626 1761 1682 quod

270 1685 507 1740 proditione
542 1685 586 1727 in
616 1685 791 1728 Roberti
830 1685 1084 1740 potestatem
1124 1684 1297 1728 venerat
1326 1683 1622 1740 Dyrrachium,
1665 1695 1762 1738 pro-

272 1741 433 1785 ditione
461 1742 619 1796 pariter
649 1742 852 1785 amissum
882 1742 957 1785 est.
1441 1751 1443 1753 ’

227 1825 259 1860 D
404 1817 532 1872 229]
563 1821 925 1865 Circumferuntur
965 1833 1089 1876 opera
1133 1820 1338 1876 quaedam
1371 1818 1552 1863 Domini
1585 1821 1624 1862 et
1658 1817 1760 1860 Ma-
1802 1815 1806 1819 ”

269 1879 397 1934 qistri
455 1878 532 1934 eth,
564 1877 799 1922 Chronicon
828 1891 975 1933 nempe
993 1878 1161 1933 vulgari
1182 1876 1436 1921 Graecorum
1457 1876 1606 1932 lingua
1628 1874 1759 1929 scrip-

271 1937 362 1979 tum
385 1949 409 1979 a
428 1935 586 1978 Mundo
608 1935 778 1979 condito
801 1935 854 1978 ad
876 1935 1212 1979 Constantinum.
1225 1934 1409 1977 Ducam:
1440 1933 1609 1976 exactus
1640 1945 1760 1987 prae-

270 1993 384 2035 terea
415 1991 672 2035 somniorum
708 1992 832 2036 index
869 1991 1096 2035 secundum
1132 1991 1403 2046 alphabetum
1442 2002 1665 2033 conversus
1709 1988 1761 2031 ab

272 2048 414 2092 eodem
445 2061 493 2092 ex
520 2048 667 2103 lingua
697 2048 901 2100 Arabica3
939 2048 1118 2103 denique
1148 2047 1308 2091 Paulus
1342 2046 1481 2090 Arabs
1522 2047 1576 2090 ab
1618 2045 1760 2089 eodem

273 2105 431 2159 pariter
469 2118 715 2149 conversus:
757 2118 935 2160 quorum
981 2117 1151 2160 operum
1192 2104 1349 2148 mentio
1386 2103 1436 2146 fit
1476 2103 1521 2146 in
1559 2103 1668 2146 libro
1714 2102 1764 2144 de

274 2161 422 2217 Antiq.
453 2162 495 2205 et
525 2162 801 2206 Bibliothecis
831 2161 1253 2216 Constantinopoleos
1282 2160 1337 2204 N.
1359 2162 1399 2204 3.
1420 2159 1461 2203 et
1482 2161 1521 2203 6.
1560 2159 1642 2213 Qui
1673 2158 1763 2214 qui-

274 2218 368 2261 dem
398 2218 499 2262 Seth
527 2219 692 2262 idemne
735 2219 791 2262 sit
821 2232 916 2262 cum
945 2218 1133 2271 Annaeo,
1168 2218 1247 2262 etsi
1267 2217 1311 2260 id
1331 2230 1406 2272 pro
1437 2217 1550 2260 certo
1579 2216 1763 2259 statuere

274 2275 343 2318 vix
373 2275 522 2328 ausim,
554 2275 720 2318 videtur
749 2276 892 2319 tamen
923 2275 1093 2331 propius
1122 2287 1241 2326 vero3
1272 2287 1367 2317 cum
1403 2273 1444 2318 et
1483 2286 1647 2325 aevum,
1681 2284 1763 2328 quo

276 2331 393 2384 vixit,
433 2332 474 2375 et
510 2332 714 2375 librorum
753 2333 807 2376 ab
845 2332 919 2376 illo
957 2332 1211 2386 scriptorum
1245 2331 1424 2375 materia
1453 2330 1637 2385 idipsum
1666 2342 1764 2372 sua-

275 2388 414 2431 deant.
444 2388 590 2444 Neque
620 2389 728 2432 alius
757 2389 819 2432 est
849 2403 874 2432 a
905 2388 1096 2433 Simeone
1125 2388 1266 2441 Vesto,
1298 2401 1370 2431 seu
1395 2387 1535 2440 Setho,
1565 2386 1763 2441 (utroque

276 2458 456 2499 namque
497 2445 745 2500 cognomine
782 2445 1031 2501 insignitur)
1076 2445 1284 2500 Magistro
1322 2444 1599 2496 Antiocheno,
1646 2443 1767 2486 cuius

277 2501 629 2545 circumferuntur
660 2502 763 2545 editi
792 2502 891 2546 libri
920 2502 971 2546 de
999 2502 1168 2545 cibariis
1206 2502 1247 2545 et
1285 2501 1575 2553 condimentis,
1613 2500 1655 2543 et
1689 2499 1764 2542 alii

277 2558 1372 2671 a„iaaanastasiana
1391 2558 1472 2658 a,
1488 2556 1763 2657 ateias

279 2670 474 2714 Diatriba
503 2671 554 2714 de
583 2671 859 2725 simeonibus,
904 2673 952 2715 ut
989 2673 1031 2716 et
1066 2672 1255 2715 eruditus
1289 2670 1441 2715 Annae
1468 2671 1680 2725 Interpres
1709 2668 1763 2712 ad

278 2725 574 2782 Pachymerem
605 2728 722 2772 Tom.
748 2730 784 2772 1.
805 2742 901 2784 pag.
924 2730 1019 2772 390.
1058 2728 1224 2772 Floruit
1256 2728 1365 2772 alter
1395 2727 1580 2771 eiusdem
1609 2738 1765 2782 cogno-

279 2782 404 2825 minis
429 2783 666 2838 Divinator,
696 2785 950 2841 Astrologus
986 2786 1028 2829 et
1060 2785 1368 2841 Praestigiator
1409 2783 1601 2839 insignis,
1630 2783 1763 2838 impe-

278 2839 400 2882 rante
427 2839 622 2885 Manuele
653 2841 861 2886 Comneno
896 2842 1034 2887 Alexii
1065 2843 1224 2898 nepote,
1264 2854 1387 2898 quem
1425 2841 1498 2885 ille
1528 2841 1581 2885 ob
1608 2840 1763 2884 scelera
