1794 3132
244 172 328 215 496
767 180 944 215 OAROLI
974 181 1215 216 DUCANGII

244 298 289 340 in
319 297 512 340 Miracul.
546 295 588 340 S.
610 296 807 351 Agathae
825 297 942 352 Virg.
975 297 1016 339 et
1050 296 1178 339 Mart.
1210 309 1298 352 cap.
1322 298 1362 338 2.
1407 297 1590 352 Liyulas
1617 298 1742 340 vocat

246 354 498 409 appellative
538 353 703 397 Caesar.
741 354 815 397 lib.
838 355 876 396 3.
910 354 959 396 de
991 353 1109 396 Bello
1142 353 1252 397 Gall.
1291 354 1532 397 huiusmodi
1570 355 1662 397 loca
1697 355 1742 396 in

245 411 420 467 longum
447 424 472 454 a
503 410 742 454 continente
781 411 823 453 in
856 423 970 453 mare
1012 411 1274 464 exporrecta:
1319 411 1368 453 ut
1405 411 1446 454 et
1469 411 1615 454 Victor
1646 412 1742 455 Uti-

247 469 379 511 censis
407 468 481 511 lib.
507 468 541 510 1.
577 467 627 510 de
670 467 882 510 Persecut.
918 467 1098 511 Vandal.
1140 466 1258 510 Dum
1302 468 1360 510 ad
1403 467 1743 511 Massalitanum

246 525 366 568 littus
397 526 556 580 eyisset,
588 525 699 579 quod
727 524 886 580 Liyula
914 524 1031 579 vulyi
1054 525 1353 567 consuetudine
1379 526 1600 584 vocitatur.
1635 525 1742 567 Vide

246 582 358 625 infra
387 595 483 638 pag.
505 583 601 625 369.

207 671 234 707 C
385 660 551 715 Θέρους
580 656 675 715 ὥρα
705 655 782 719 ἦν]
817 661 922 704 Vide
942 661 1103 704 Notata
1132 661 1186 704 ad
1217 675 1313 717 pag.
1333 662 1400 705 83.

199 749 231 784 D
386 738 446 785 Τὸ
480 740 529 784 δέ
558 756 605 797 γε
636 737 839 797 σκάφος]
874 740 1124 788 Guillelmus
1154 741 1396 796 Apuliensis
1424 742 1496 785 lib.
1517 742 1556 784 4.

331 810 415 854 Sed
445 810 581 854 Ducis
611 811 766 853 aestivo
789 823 1016 864 perpessae
1047 813 1231 864 tempore
1260 824 1388 853 naves

330 868 633 923 Naufrayium,
669 868 895 921 impediere
924 867 1049 919 viam,
1083 868 1264 921 navique
1287 867 1499 921 procellis,
1582 923 1587 926 Π

330 924 386 967 In
415 939 498 979 qua
528 924 634 967 Dux
664 924 826 975 aderat,
861 924 1166 967 vehementibus
1193 925 1379 980 undique
1402 925 1559 979 fracta,

339 981 420 1024 Vix
450 981 654 1025 evadendi
674 981 762 1035 fuit
790 981 1007 1035 impertita
1031 981 1230 1035 facultas.

31 1069 232 1114 Pag.99.B
383 1070 405 1108 1
413 1062 685 1123 ’λαβινίτζαν]
727 1066 777 1108 In
815 1065 944 1108 veteri
963 1065 1132 1109 Notitia
1159 1067 1269 1121 apud
1292 1066 1478 1111 Goarum
1500 1066 1742 1111 Glabinitza

248 1124 347 1167 urbs
394 1124 456 1166 est
502 1123 773 1178 Episcopalis‚
816 1123 1103 1177 Dyrrachinae
1147 1124 1425 1179 Metropoleos
1459 1124 1740 1180 suffraganea,

248 1181 558 1224 Acroceraunia
613 1180 715 1222 olim
759 1179 884 1222 dicta.
957 1180 1292 1224 Acrocerauniae
1335 1194 1431 1224 vero
1476 1182 1634 1225 mentio
1680 1182 1743 1224 est

246 1238 357 1293 apud
388 1237 626 1287 Aethicum⁷
660 1236 864 1280 Antonin.
895 1236 1098 1279 Autorem
1127 1238 1227 1281 Itin.
1258 1238 1400 1281 Marit.
1432 1239 1511 1282 etc.

207 1328 233 1364 G
379 1318 655 1366 Ἔπισκόπου
688 1319 893 1379 Βαρέως]
926 1323 1114 1368 Ursonis.
1134 1322 1347 1366 Wiscardi
1367 1324 1462 1367 Fidi
1494 1325 1737 1379 consiliarii,

245 1381 295 1424 dc
324 1393 405 1435 quo
436 1380 572 1423 multa
603 1381 780 1423 Ioannes
810 1379 982 1422 Archid.
1012 1380 1056 1422 in
1090 1380 1295 1423 Tractatu
1325 1381 1376 1424 de
1406 1382 1570 1425 Invent.
1603 1382 1643 1426 S.
1665 1382 1743 1426 Sa-

244 1438 333 1480 bini
378 1437 488 1492 apud
534 1437 688 1480 Baron.
737 1437 818 1480 An.
851 1446 984 1480 MXCI.
1032 1436 1086 1479 N.
1113 1438 1176 1479 13.
1214 1439 1255 1480 et
1286 1438 1523 1481 Bolandum
1557 1441 1596 1481 9.
1621 1439 1741 1483 Febr.

245 1507 333 1549 cap.
360 1496 394 1536 1.
441 1495 482 1537 et
527 1494 570 1536 in
620 1493 759 1537 Tract.
803 1494 854 1537 de
897 1493 1111 1537 Translat.
1161 1493 1363 1548 Corporis
1407 1495 1451 1539 S.
1487 1496 1661 1539 Nicolai
1691 1496 1742 1540 de

244 1551 430 1607 Myraea
462 1552 507 1593 in
533 1550 699 1602 Barim,
734 1552 806 1606 qui
838 1552 952 1594 extat
982 1551 1092 1606 apud
1126 1550 1369 1594 Ordericum
1392 1552 1580 1596 Vitalem
1610 1553 1682 1597 lib.
1702 1554 1739 1596 7.

245 1610 286 1651 et
317 1608 485 1652 Surium
519 1608 637 1651 Tom.
660 1609 698 1651 3.
733 1609 770 1651 9.
792 1609 886 1650 Iun.
927 1607 1123 1651 Meminit
1151 1609 1279 1651 etiam
1312 1609 1487 1653 Ursonis
1519 1609 1741 1653 Albericus

245 1666 296 1708 A.
328 1675 586 1709 MLxxxvn.
620 1664 736 1708 Obiit
765 1665 837 1707 ille
865 1665 917 1708 A.
950 1675 1194 1708 MLxxxnI.
1223 1667 1270 1708 ut
1312 1667 1437 1710 autor
1474 1667 1536 1710 est
1568 1667 1742 1723 Anony-

245 1735 338 1765 mus
369 1722 577 1774 Emensis,
612 1723 676 1764 16.
708 1722 796 1764 KL.
829 1722 955 1765 Mart.

206 1797 232 1833 C
383 1795 600 1855 Τοιαύτην
620 1798 810 1856 διέτριβε
832 1797 1049 1856 πεδιάδα]
1082 1802 1159 1844 Ait
1176 1801 1301 1845 Anna
1323 1802 1530 1857 Legatum
1547 1803 1741 1858 Episcopi

245 1858 442 1900 Barensis
471 1857 514 1899 in
548 1858 753 1900 comitatu
784 1859 959 1901 Roberti
1004 1859 1131 1902 fuisse
1174 1860 1265 1902 toto
1306 1859 1379 1902 illo
1427 1860 1624 1914 tempore,
1657 1873 1738 1915 quo

246 1914 398 1956 bellum
432 1914 545 1956 istud
575 1915 741 1970 gestum
764 1917 838 1957 est.
900 1916 975 1958 Est
1005 1916 1114 1959 enim
1157 1914 1395 1971 διατρίβειν
1436 1912 1626 1959 πεδιάδα
1660 1917 1739 1959 hoc

244 1971 347 2022 loco,
380 1972 414 2013 si
446 1972 547 2013 bene
577 1984 774 2026 auguror,
809 1972 918 2027 quod
954 1972 1068 2016 Galli
1099 1973 1289 2024 dicimus,
1322 1986 1473 2027 passer
1501 1987 1583 2016 une
1616 1972 1739 2016 Cam-

235 2041 394 2082 payne.
455 2028 585 2071 Porro
619 2029 764 2071 Barim
796 2030 1056 2085 expugnarat
1086 2030 1210 2084 paulo
1243 2031 1340 2073 ante
1368 2030 1590 2073 Robertus.
1632 2030 1740 2073 Vide

247 2083 481 2127 Chronicon
515 2084 672 2128 Cassin.
703 2085 776 2128 lib.
799 2088 837 2129 3.
871 2099 960 2141 cap.
981 2087 1050 2129 44.

202 2160 232 2195 D
379 2153 666 2215 Ἐπιδάμνου]
712 2159 780 2202 Ab
814 2160 938 2203 Anna
971 2161 1174 2216 excepisse
1205 2160 1384 2213 videtur,
1417 2174 1523 2216 quae
1553 2161 1602 2204 de
1635 2161 1740 2216 Dyr—

246 2215 376 2257 rachii
407 2216 568 2270 origine
595 2217 733 2269 habet,
769 2216 898 2259 Guill.
932 2218 1184 2272 ‚Apuliensis

789 2291 1011 2345 Quondam
1034 2291 1121 2345 fuit
1149 2292 1250 2335 urbs
1281 2292 1491 2346 opulenta,

438 2346 697 2402 Magnaque,
720 2349 955 2402 praecipue
982 2349 1183 2404 teyulosis
1215 2350 1350 2392 obsita
1379 2350 1525 2393 muris.

436 2402 531 2446 Rex
561 2403 843 2458 Epirotarum
873 2406 1005 2449 dicier
1036 2406 1142 2449 hanc
1175 2405 1451 2460 Epidaurum

437 2459 633 2515 Pyrrhus
656 2464 890 2516 praecepit,
917 2464 1017 2518 quia
1042 2464 1178 2517 fortia
1203 2463 1319 2517 ferre
1351 2463 1564 2517 Quiritum

437 2517 564 2560 Bella
594 2517 840 2562 Tarentinis
869 2521 1054 2563 sociatus
1083 2534 1169 2563 non
1200 2521 1420 2564 dubitavit.

437 2573 546 2617 Inde
568 2575 767 2630 frequens
797 2577 960 2629 bellum,
993 2578 1136 2620 varios
1165 2581 1203 2620 et
1223 2592 1361 2632 passa
1389 2577 1564 2629 labores,

437 2629 658 2675 Evacuata
689 2634 796 2676 viris
821 2635 919 2687 fuit,
952 2634 1011 2677 ad
1038 2634 1298 2689 nihilumque
1326 2635 1513 2678 redacta.

438 2687 709 2733 Destructam
736 2691 876 2744 spatio
896 2695 999 2745 post
1026 2705 1292 2746 composuere
1319 2692 1477 2735 minori

436 2743 591 2787 Zethus
618 2750 657 2788 et
685 2746 900 2801 Amphion
930 2752 969 2791 et
990 2762 1248 2803 praecepere
1275 2749 1420 2792 vocari

438 2799 748 2855 Dyrrachium:
779 2803 916 2847 Ducis
944 2804 1020 2848 hoc
1049 2806 1338 2850 circumdatur
1368 2805 1593 2849 obsidione.
