1806 3132
287 187 371 241 500
808 199 986 242 cAnom
1015 202 1255 242 DUOANGI‘I

286 334 383 378 pag.
404 320 500 364 404.
533 321 721 365 mentum
751 322 840 365 acie
870 323 1098 366 novaculae
1128 322 1181 365 ad
1221 323 1359 367 cutem
1389 323 1576 377 radebat,
1624 324 1686 367 ita
1733 325 1782 367 ut

286 379 405 422 cuius
435 378 564 422 fuerit
595 378 746 422 coloris
779 379 865 422 eius
894 379 1038 432 barba,
1069 379 1204 422 dicere
1231 379 1306 423 illa
1334 393 1418 423 non
1449 381 1645 435 potuerit.
1710 381 1780 424 An

285 435 419 491 igitur
439 435 589 478 Veneti
619 436 700 490 ipsi
730 436 897 479 barbati
915 436 1161 479 Boemundo
1191 436 1396 480 imberbes
1425 450 1554 492 genas
1584 437 1779 490 obiecere,

287 492 640 547 quemadmodum
669 492 877 535 semiviris
912 493 1122 535 solemus?
1181 493 1293 536 Nam
1339 495 1507 538 constat
1555 495 1643 537 eius
1689 495 1780 538 aevi

286 549 468 592 Venetos
497 562 580 592 non
610 550 821 604 receptum
853 562 877 592 a
908 550 1082 592 caeteris
1109 550 1272 593 Latinis
1303 563 1424 594 usum
1453 551 1676 606 amplexos,
1710 551 1781 594 sed

287 604 545 649 Graecorum
574 606 722 659 instar,
757 619 935 661 quorum
966 619 1100 649 mores
1124 606 1253 649 etiam
1284 607 1328 649 in
1350 608 1536 651 vestibus
1558 608 1779 661 retinuere,

285 663 462 706 barbam
492 662 729 706 nutrivisse.
803 662 921 716 Quod
972 662 1155 706 Ordelafi
1200 663 1356 707 Falieri
1398 665 1542 718 Ducis,
1590 665 1662 719 qui
1702 666 1782 708 hoc

285 719 424 762 seculo
454 719 572 772 vixit,
604 719 776 775 effigies,
806 732 912 774 quae
942 719 987 761 in
1018 719 1205 763 Ecclesia
1238 720 1278 764 S.
1311 721 1447 764 Marci
1463 722 1651 764 Venetiis
1683 735 1783 766 con-

285 775 475 831 spicitur,
507 777 548 819 et
579 776 688 819 aliae
718 776 882 831 aliquot
912 777 1102 819 veterum
1131 777 1350 820 Nobilium
1372 778 1643 830 Venetorum,
1678 792 1782 834 quas

284 833 570 888 repraesentat
592 832 746 877 Caesar
762 833 970 876 Vecellius
998 833 1071 876 lib.
1106 834 1156 876 cle
1183 834 1246 889 qli
1273 834 1407 878 babiti
1438 835 1598 878 antichi
1627 840 1666 879 et
1694 849 1779 879 mo-

286 890 421 942 derni,
470 889 573 932 satis
615 889 880 933 confirmant.
951 890 1071 933 Unde
1115 903 1211 933 cum
1252 892 1345 946 post
1391 892 1530 934 Alexii
1570 905 1780 936 excessum

285 946 395 990 inter
425 947 624 989 Ioannem
652 946 788 989 filium
819 947 860 989 et
885 946 1065 989 Venetos
1115 947 1311 991 simultas
1354 949 1492 992 nescio
1538 961 1644 1004 quae
1688 950 1781 992 orta

286 1003 404 1056 esset,
436 1003 645 1046 decretum
670 1004 755 1057 fuit
784 1007 830 1046 ut
857 1003 1013 1058 Veneti,
1045 1005 1118 1058 qui
1145 1004 1224 1047 buc
1253 1019 1383 1060 usque
1413 1006 1568 1049 barbas
1596 1007 1782 1050 nutrive-

284 1063 396 1112 rant,
426 1060 477 1103 de
505 1063 666 1103 caetero
695 1060 898 1103 imberbes
926 1060 1201 1114 efficerentur,
1233 1062 1282 1104 ut
1309 1063 1433 1105 autor
1460 1064 1523 1106 est
1562 1063 1604 1105 in
1632 1064 1781 1106 Anna-

284 1116 395 1160 libus
423 1117 644 1160 Dandulus
673 1117 727 1160 ad
757 1117 839 1160 An.
869 1127 1073 1162 MOXXVI.
1120 1118 1171 1161 V.
1204 1119 1365 1162 Notata
1395 1119 1447 1162 ad
1478 1133 1574 1175 pag.
1595 1121 1689 1163 165.

243 1195 273 1230 Β
420 1185 734 1244 Παρανάλωμα
762 1187 925 1248 ξιφῶν]
957 1191 1191 1235 Victoriam
1207 1193 1464 1236 Venetorum
1485 1194 1634 1249 attigit
1652 1194 1780 1237 etiam

286 1245 536 1290 Guillelmus
563 1247 816 1302 Apuliensis.

452 1320 654 1365 Grastina
673 1322 958 1377 proyreoliens
984 1336 1144 1366 aurora
1172 1324 1400 1379 fuyaverat
1426 1323 1611 1377 umbras,

449 1377 522 1421 Aa
552 1378 705 1421 bellum
725 1379 915 1433 populus
947 1380 1100 1423 navale
1118 1384 1311 1434 paratur
1338 1384 1523 1436 uterquc,

446 1434 649 1489 Amplius
677 1435 803 1479 liuius
832 1440 936 1487 erat,
968 1437 1067 1492 quia
1099 1451 1241 1493 ynara
1269 1437 1467 1481 Venetica
1499 1438 1597 1481 belli

450 1491 565 1535 Gens
591 1493 679 1535 ruit
708 1493 933 1536 audacter:
963 1494 1114 1537 classis
1142 1494 1279 1538 Ducis
1310 1495 1583 1549 expavefacta

445 1548 520 1592 Aol
538 1553 716 1603 portum
741 1550 927 1605 fugitiva
957 1551 1080 1603 redit,
1111 1552 1172 1595 sic
1204 1566 1354 1607 pugna
1383 1553 1588 1595 remansit

451 1606 532 1648 Ter
560 1606 759 1650 redeunte
787 1607 855 1650 clie
886 1607 1002 1650 Gens
1030 1608 1164 1651 multa
1192 1608 1389 1652 Venetica
1411 1613 1587 1663 portum

447 1663 627 1717 Appetit
654 1667 693 1706 ct
721 1677 850 1707 naves
881 1664 1058 1708 Roberti
1088 1665 1237 1709 Marte
1266 1666 1443 1709 lacessit.

46 1745 124 1791 Pag
150 1745 269 1780 107.A
420 1739 569 1780 Δοῦκα
600 1735 830 1796 Βενετίας]
863 1739 1132 1783 Dominicum
1165 1739 1359 1794 Silvium,
1390 1739 1509 1783 cuius
1538 1741 1704 1784 statuae
1729 1741 1781 1784 ob

57 1796 59 1798 ’
284 1794 425 1860 fusum
456 1795 687 1838 Robertum
715 1796 841 1839 hocce
870 1795 1120 1852 inscriptum
1153 1795 1409 1853 ἐπίγραμμα
1451 1798 1634 1842 testatur
1674 1798 1781 1841 San-

284 1864 482 1895 sovlnus:

343 1926 516 1970 Obsessa
547 1927 686 1981 repuli
719 1926 1007 1971 Guiscardum
1035 1927 1183 1970 Marte
1210 1926 1441 1972 Robertum

34 1991 271 2040 *Aeandrqu
341 1983 625 2039 Dyrrhachio,
653 1983 784 2027 hinc*
817 1984 1050 2027 Dominum
1075 1998 1139 2027 mc
1165 1988 1283 2027 vocat
1312 1984 1497 2029 Praesul
1530 1985 1692 2029 Alexis,

241 2066 271 2101 Β
413 2053 486 2109 Ὡς
515 2054 638 2100 δὲτὸ
674 2054 776 2115 step]
810 2059 933 2102 Anno
966 2059 1125 2102 scilicet
1154 2068 1408 2103 MCLXXXII.

242 2137 342 2231 Bl·b
379 2127 625 2231 4ΖΙζῙοιίτριξ]
658 2131 813 2176 Classis
834 2133 1064 2177 Alexianae
1086 2131 1342 2177 Praefectus.
1380 2133 1633 2177 Guillelmus
1651 2133 1776 2188 Apul.

301 2203 313 2230 l
346 2223 355 2232 .
409 2223 418 2232 .

477 2244 643 2289 Classis
669 2245 879 2292 Alexinae
905 2247 1012 2291 Dux
1038 2247 1240 2292 Mabrica
1273 2252 1444 2291 venerat
1471 2247 1584 2292 illuc.

283 2313 419 2356 Alteri
449 2314 583 2369 igitur
617 2315 760 2358 navali
805 2315 878 2358 isti
921 2315 1079 2371 praelio
1123 2328 1205 2358 non
1251 2316 1447 2359 interfuit
1476 2315 1662 2368 Alexius,
1707 2315 1777 2357 sod

282 2369 448 2413 Maurix
479 2371 662 2426 Magnus
694 2372 802 2425 Dux,
834 2373 899 2415 vel
938 2373 1049 2415 certe
1081 2372 1226 2415 classis
1262 2373 1497 2428 praefectus
1545 2373 1598 2415 ab
1629 2372 1775 2415 Alexio

283 2427 525 2481 submissus,
557 2428 668 2482 quod
701 2430 848 2472 contra
879 2429 1096 2472 Historiae
1127 2429 1251 2472 fidem
1290 2429 1458 2484 scripsit
1485 2430 1638 2472 Petrus
1667 2429 1775 2472 Luc-

283 2495 403 2526 carus
440 2484 511 2527 lib.
535 2485 570 2527 1.
600 2485 756 2529 Annal.
801 2486 1006 2542 Ragusin.
1067 2486 1181 2529 Nam
1222 2488 1408 2542 tempore
1450 2486 1548 2528 initi
1594 2485 1775 2529 Graecos

281 2539 391 2582 inter
432 2541 473 2583 et
510 2541 777 2585 Normannos
835 2543 983 2598 praelii
1014 2542 1186 2586 Alexius
1233 2543 1599 2598 Constantinopoli
1639 2542 1774 2586 adhuc

282 2597 538 2649 morabatur,
570 2598 680 2652 quod
712 2599 865 2643 diserte
888 2600 1022 2643 tradit
1052 2600 1190 2643 Anna.
1247 2599 1326 2643 Sed
1350 2600 1537 2655 praestat
1566 2599 1619 2643 ad
1648 2600 1771 2642 illus-

282 2653 478 2696 trandam
516 2655 759 2698 Alexiadem
806 2657 1069 2712 subiungere,
1102 2670 1209 2711 quae
1240 2657 1284 2699 in
1313 2657 1420 2700 hanc
1464 2669 1551 2699 rem
1594 2669 1775 2698 comme-

284 2711 422 2752 morat
446 2711 669 2754 Luccarus.
728 2711 1047 2756 S'accostarono
1085 2714 1325 2768 parimente
1369 2728 1396 2756 a
1434 2713 1616 2756 Roberto
1647 2712 1774 2756 Gais—

282 2766 413 2809 cardo
441 2766 507 2809 Re
535 2767 589 2822 (il
619 2768 766 2822 Duca)
798 2771 842 2813 cli
860 2769 1021 2825 Puqlia
1054 2784 1075 2812 e
1107 2769 1325 2825 Calauria,
1351 2770 1524 2824 fratello
1555 2769 1623 2813 clcl
1646 2769 1774 2813 Oontc

285 2821 484 2876 Gofredo,
515 2828 552 2867 et
582 2838 693 2868 come
722 2828 761 2869 si
792 2827 909 2882 leyye
937 2841 989 2870 ne
1018 2827 1155 2871 nostri
1184 2827 1366 2871 archivii
1408 2831 1445 2870 et
1473 2827 1520 2870 in
1549 2826 1776 2870 Baldasar
