1734 3120
477 223 742 258 ALEXIADIS
776 225 872 258 LIB.
900 227 1001 260 XIV.
1033 222 1071 260 2.
1433 225 1514 266 257

26 336 255 381 διαλέκτου,
297 333 416 393 πρὸς
458 353 570 389 τους
609 333 804 394 κόμητας
843 338 917 381 καὶ
954 335 1033 382 τὸν
1068 342 1177 418 ῥῆγα
1201 338 1556 400 <Ιεροσολὺμωνῦ

26 404 255 461 ἐξέπεμψε
281 402 428 448 πολλα
451 402 630 456 τούτοις
648 401 947 459 ὑποθέμενος,
976 407 1080 462 περὶ
1104 397 1166 450 ὦν
1190 403 1342 462 αὐτοῖς
1369 427 1414 454 τε
1426 410 1515 493 ,xe-r}

26 469 231 533 ὁμιλῆσαι
261 472 333 516 καὶ
353 468 472 530 αὗτῷ
492 471 547 532 δὴ
566 473 631 530 τῷ
652 472 748 531 ῥηγὶ
775 469 1095 530 Ἱεροσολύμων
1111 477 1381 535 Βαλδουίνῳ.
1417 479 1515 523 ἐπεὶ

25 541 73 584 δὲ
101 541 175 584 καὶ
203 541 328 620 χρεία
354 537 589 599 χρημάτων
616 537 873 601 ἀποστολῆς
903 539 1018 599 πρὸς
1036 537 1198 597 αὐτοις
1216 546 1517 605 ἀπαραίτητος

0 599 79 664 ῑῆν
107 606 181 652 διὰ
208 607 274 652 τὰ
294 609 386 652 τῶν
412 607 625 652 Λατίνων
655 606 1012 667 ἑρασιχρήματον,
1052 610 1369 670 προστάγματα
1400 613 1518 670 πρὸς

23 674 103 720 τὸν
149 679 384 734 τηνικαῦτα
434 677 572 720 δοῢκα
618 673 810 733 Κύπρον,
860 672 1094 733 Ευμάθιον
1141 679 1220 724 τόν
1269 681 1516 741 Φιλοκάλην

24 744 258 800 ἐνεχείρισε
286 747 351 803 τῷ
382 746 663 804 Βοιτουμίτῃ
693 742 1055 801 διαλαμβάνοντα,
1099 745 1228 801 ὅπως
1266 752 1339 794 καὶ
1376 752 1516 795 πλοῖα

22 812 122 870 δοίη
149 814 326 866 τούτοις
351 810 536 858 ὁπόσων
556 812 602 857 ἐν
620 813 745 873 χρείᾳ
763 813 981 871 γένοιντο·
1012 812 1103 871 α’μα
1124 816 1173 860 δὲ
1193 817 1515 874 παρεκελειέτο

21 878 167 939 τούτῳ
195 882 268 925 καὶ
297 878 498 941 χρήματα
542 879 689 925 πολλὰ
730 883 803 925 καὶ
843 882 1110 927 παντοδαπὰ
1139 886 1211 929 καὶ
1247 904 1340 930 απο
1371 885 1517 945 πάσης

0 946 142 1001 »ἰδέας
169 949 243 993 καὶ
271 947 579 1005 εἶκονίσματος
606 951 908 994 παντοδαπῶν
928 949 1184 1009 ποιοτήτων
1213 971 1278 1007 εις
1298 953 1377 1008 τὰς
1399 954 1560 1011 apog-D

21 1016 126 1070 τούς
164 1015 360 1076 κόμητας
402 1016 562 1070 δόσεις.
640 1018 869 1076 ἐπέσκηψε
914 1020 963 1064 δὲ
990 1025 1088 1073 τοῖς
1118 1015 1202 1079 ἤδη
1233 1026 1413 1104 ρηθεῖσι
1442 1025 1515 1067 καὶ

19 1086 193 1141 μᾶλλον
222 1083 439 1144 Μανουήλ
476 1087 541 1144 τῷ
576 1087 869 1146 Βουτουμίτῃ,
909 1105 974 1140 ως
1014 1085 1067 1131 ἂν
1102 1106 1158 1132 τα
1198 1090 1279 1145 μὲν
1315 1088 1514 1150 χρήματα

20 1149 340 1210 αναλαβόμενοι
379 1149 497 1198 ἀπὸ
511 1157 592 1199 τοῦ
628 1152 876 1200 Φιλοκάλου
919 1173 984 1209 εις
1017 1158 1230 1214 Τρίπολιν
1264 1160 1514 1216 προσορμί-

21 1238 136 1266 σωσι
179 1220 259 1275 τὰς
300 1218 419 1275 ἷδίας
461 1225 565 1275 ναῦς
607 1224 680 1267 καὶ
722 1221 997 1280 θεασάμενοι
1028 1223 1312 1283 Πελκτράνον
1340 1225 1512 1285 κόμητα

0 1287 99 1334 miv
128 1287 225 1334 υιόν
251 1293 332 1334 τοῦ
351 1287 577 1349 Ἰσαγγέλη,
609 1293 716 1349 περὶ
746 1283 799 1336 οὗ
830 1292 876 1336 ἐν
895 1294 1125 1347 πολλοῖςς
1102 1312 1127 1338 ο
1146 1292 1277 1352 λόγος
1283 1293 1509 1377 ἐμνήσθη,

19 1353 299 1419 ἅναμνήσωσι
327 1360 407 1418 τῆς
424 1362 505 1404 τοῦ
534 1358 707 1417 πατρὸς
725 1358 861 1406 αὐτοῦ
890 1362 1100 1415 πίστεως,
1123 1358 1175 1423 ἢν
1204 1362 1320 1420 πρὸς
1338 1363 1416 1408 τὸν
1435 1362 1514 1410 αὖ·

18 1423 267 1484 τοκράτορα
293 1426 513 1488 ἐτήρησεν,
545 1425 637 1485 ἅμα
665 1428 715 1473 δὲ
743 1430 816 1474 καὶ
843 1428 923 1482 τὰς
955 1431 1184 1485 βασιλικὰς
1214 1432 1513 1489 ἐγχειρίσωσιν

19 1490 139 1553 αὐτῷ
168 1493 340 1554 γραφὰς
368 1497 441 1540 καὶ
472 1496 693 1552 ἐξείποιεν
721 1496 838 1554 πρὸς
866 1493 1001 1542 αι’-τὸν
1034 1497 1095 1552 ὠς
1126 1496 1214 1543 “οι’·
1239 1498 1319 1559 χρή
1343 1518 1393 1545 σε
1413 1499 1512 1545 δεύ-

19 1580 150 1621 τερον
178 1565 259 1608 τοῦ
289 1562 405 1609 ἰδίου
432 1565 604 1622 πατρὸς
630 1560 843 1625 ὀφθῆναι,
874 1562 968 1611 αλλ’
990 1565 1150 1623 ὁμοίαν
1169 1570 1241 1612 καὶ
1270 1563 1407 1614 αὐτόν
1431 1568 1514 1627 τήν

0 1644 136 1688 ιπρος
163 1629 283 1691 ἡμᾶς
311 1633 570 1693 διατηρῆσαι
599 1635 763 1680 πίστιν.
821 1635 898 1692 ἐμὲ
941 1635 990 1680 δὲ
1017 1633 1118 1681 ι’σθι
1159 1635 1565 1694 καταλαμβάνεινΡ.
1592 1650 1663 1684 425

18 1694 100 1759 ἤδη
138 1698 218 1759 τὴν
259 1695 532 1756 Ἀντιόχειαν
572 1700 730 1747 ἓαυτον
772 1701 1056 1787 ἐκδικὴσοντα
1095 1703 1159 1758 εἷς
1200 1703 1279 1748 τὸν
1306 1704 1414 1766 μήτε
1447 1705 1511 1759 εἷς

20 1766 136 1812 Θεὸν
164 1765 276 1826 μήτε
306 1767 371 1822 εἷς
405 1770 483 1826 ἐμὲ
517 1769 623 1824 τούς
658 1770 872 1830 φρικτούς
914 1772 1108 1825 ἐκείνοι-ς
1146 1789 1393 1832 τηρησαντα
1437 1771 1512 1831 ὅρ-

17 1853 136 1889 κοι-,ς
186 1835 239 1881 σύ
271 1838 319 1882 δὲ
347 1836 467 1895 πρὸς
495 1841 559 1898 τῷ
583 1841 797 1898 μηδαμῶς
825 1835 944 1899 αὐτῷ
976 1841 1191 1898 ἐπαρῆξαι
1219 1858 1417 1886 σπεισον
1437 1843 1510 1887 καὶ

149 1923 186 1957 2.
213 1923 319 1962 ἒξέπε
319 1923 483 1972 μ,ψενΡ
512 1927 669 1962 correxi.
762 1927 797 1962 7.
826 1927 995 1982 πλοῖαΡ,
1021 1929 1129 1962 πλεῖα
1142 1927 1216 1962 PA.
1305 1929 1338 1963 8.
1363 1932 1510 1974 γένοιὶο

150 1971 197 2006 A.
319 1937 405 2008 μ.10
430 1975 687 2011 παντοδαπῶν
711 1971 918 2019 ποιοτήτων
942 1987 1015 2011 οιιι.
1041 1976 1085 2011 A.
1182 1974 1278 2020 πρὸς
1302 1974 1366 2015 τὰς
1390 1981 1441 2017 εἰς
1463 1978 1508 2014 A.

152 2021 207 2056 14.
235 2017 452 2067 Πεκτράνον
477 2022 515 2058 C.
695 2024 750 2059 16.
775 2020 1018 2071 ἀναανήσωσι
1048 2023 1091 2062 F
1118 2021 1441 2079 ἀνααιμιήσκουσι
1467 2026 1508 2062 P.

153 2068 208 2103 17.
234 2069 501 2117 ἐγχειρίζωσιν
522 2070 560 2107 C
706 2073 766 2108 21.
792 2059 1038 2117 ἐκδικήσαντα
1064 2071 1104 2113 Ρ,
1132 2074 1287 2108 correxi.

13 2143 155 2180 latinae
178 2146 343 2191 peritum
369 2148 561 2184 arcessivit
585 2159 721 2193 eosque
747 2152 785 2184 et
810 2148 859 2184 ad
892 2150 1047 2185 comites
1087 2151 1126 2183 et
1161 2147 1208 2183 ad
1234 2148 1429 2194 Hierosoly
1433 2160 1506 2185 mo·

13 2204 99 2228 rum
136 2204 264 2240 regem
288 2194 495 2242 delegavit3
535 2208 629 2243 quos
666 2201 839 2233 accurate
876 2197 1016 2240 docuit,
1055 2195 1146 2243 quid
1183 2208 1267 2232 cum
1305 2197 1506 2233 comitibus

14 2241 171 2287 ipsoque
194 2242 380 2280 Balduino
403 2255 493 2290 rege
530 2245 717 2291 agendum
745 2250 850 2281 esset.
914 2245 961 2281 ad
1000 2245 1080 2287 hoe,
1118 2245 1295 2291 quoniam
1322 2246 1508 2281 intellexit

13 2300 99 2324 eum
125 2302 238 2326 avara
261 2291 485 2328 Latinorum
509 2296 620 2340 gente
638 2294 735 2329 nihil
761 2295 840 2330 sine
864 2294 1021 2340 pecunia
1047 2292 1144 2328 effici
1169 2304 1286 2338 posse,
1311 2293 1410 2328 datis
1434 2293 1506 2328 Bu·

13 2338 172 2374 tumitae
195 2339 334 2376 litteris
360 2341 408 2376 ad
432 2341 675 2377 Eumathium
704 2342 917 2378 Philoealen
943 2342 1055 2388 Cypri
1079 2345 1169 2377 tunc
1193 2341 1324 2377 ducem
1355 2342 1507 2377 mandat

13 2385 112 2431 huic,
137 2391 180 2423 ut
205 2392 245 2423 et
268 2400 380 2425 naves
405 2393 591 2448 quotquot
616 2402 711 2436 opus
743 2395 866 2427 essent
891 2395 929 2426 et
959 2391 1134 2436 pecunias
1175 2401 1286 2434 quam
1325 2390 1507 2436 plui-imas

13 2436 133 2470 omnis
157 2437 312 2482 metalli,
336 2441 496 2484 generis,
521 2439 728 2485 qualitatis,
745 2439 898 2484 formae,
924 2439 972 2474 ad
996 2439 1094 2474 dona
1118 2438 1319 2473 comitibus
1336 2438 1506 2474 facienda

12 2482 147 2529 legatis
173 2483 292 2521 daret.
328 2486 461 2522 iisdem
486 2488 642 2533 insuper
666 2488 801 2531 legatis
833 2487 1082 2533 inprimisque
1106 2485 1269 2521 Manueli
1289 2486 1506 2522 Butumitae

12 2533 299 2576 commendavit,
325 2538 369 2570 ut
403 2537 565 2581 acceptis
589 2548 611 2571 a
634 2535 823 2571 Philocale
865 2536 1033 2581 pecuniis
1070 2534 1117 2570 ad
1142 2533 1313 2580 Tripolin
1339 2536 1505 2581 primum

12 2580 244 2635 appellerent
267 2582 505 2630 viserentque
534 2584 771 2620 Pelctranum
812 2584 985 2619 comitem
1018 2582 1197 2628 Isangelis
1234 2583 1336 2618 illius
1374 2582 1504 2628 filium,

10 2630 119 2664 cuius
143 2641 255 2676 saepe
278 2642 392 2677 supra
417 2633 532 2667 menti
521 2644 558 2668 ¹0
585 2632 687 2668 facta
711 2636 778 2677 est,
813 2633 875 2667 cui
901 2631 1124 2667 refricarent
1149 2632 1367 2667 memoriam
1403 2631 1504 2667 illius

11 2675 111 2721 fidei,
137 2690 248 2724 quam
275 2684 383 2725 pater
407 2681 487 2716 eius
504 2682 724 2727 imperatori
740 2684 937 2725 servasset3
953 2680 1064 2715 simul
1081 2689 1228 2725 quoque
1242 2679 1505 2725 imperatorias

11 2725 47 2760 ei
72 2725 252 2771 epistulas
276 2727 478 2764 redderent
501 2729 680 2765 addentes
706 2729 811 2764 haec:
849 2727 956 2763 “Non
986 2728 1144 2763 inferior
1170 2731 1279 2774 patre
1302 2733 1368 2764 tuo
1394 2740 1504 2774 appa·

10 2784 94 2809 reas
119 2779 285 2821 oportet,
309 2788 438 2812 verum
463 2777 619 2813 eandem
644 2789 756 2823 quam
782 2776 844 2812 ille
882 2775 995 2812 fidem
1037 2787 1127 2823 erga
1159 2788 1227 2812 nos
1265 2787 1397 2812 serves.
1446 2788 1505 2811 me

12 2822 165 2868 quidem
188 2825 282 2860 scito
308 2825 549 2861 Antiochiam
574 2838 674 2861 nunc
701 2824 886 2871 proficisci
912 2824 1092 2859 ultionem
1116 2824 1162 2860 de
1187 2836 1230 2859 eo
1256 2828 1505 2870 sumpturum,

4 2871 78 2916 §qui
103 2875 142 2906 et
165 2871 278 2907 deum
302 2875 342 2908 et
364 2885 426 2909 me
448 2873 720 2910 contemnendo
744 2872 932 2909 horrenda
954 2872 1019 2908 illa
1044 2873 1257 2908 iuramenta
1293 2873 1411 2908 laesit.
1462 2876 1504 2908 tu

84 2941 201 2978 Arma
224 2942 418 2981 Gomncvm.
469 2945 527 2982 H.
1201 2945 1242 2980 17
