1780 3138
460 223 727 258 ALEXIADIS
755 224 852 257 LIB.
880 224 966 257 XII.
1000 219 1037 256 5.
1420 215 1500 256 153

4 334 75 384 αἐἱ
103 337 390 399 προφθάνων
420 335 599 398 ὀξύτητι
634 342 710 384 νοῦ
743 336 823 392 τὰς
857 342 948 383 τῶν
984 337 1367 395 ἕπιβοιλευόντων
1403 341 1500 385 ἐπι-

3 405 179 463 βουλὰς
185 408 259 452 καὶ
279 403 545 453 ἆνακόπτων
560 405 640 461 τὰς
657 405 830 452 τούτων
850 404 1001 464 ὁρμάς.
1042 408 1115 452 καὶ
1136 406 1270 466 ἔγωγε
1291 407 1500 465 στοχάζο-

2 493 83 531 μαι
107 470 202 520 ἀπὸ
219 479 312 520 τῶν
330 473 602 533 πραγμάτων
619 471 771 520 αιῗτιῦν
789 474 870 535 τὴν
886 473 1033 534 Τύχην
1053 497 1078 520 ÷÷
1109 498 1135 521 ιε
1165 479 1244 535 τῆς
1259 477 1496 532 βασιλείας,

3 541 74 588 ότι
102 541 389 600 πανταχόθεν
418 545 680 602 συνέρρευσε
699 542 755 587 τὰ
785 541 908 588 ὄεινὰ
937 544 1009 588 καὶ
1039 541 1300 600 ἐτετάρακτο
1321 540 1429 588 αἰτό
1450 563 1498 590 τε

0 610 54 657 τὸ
74 615 205 669 σῶμα
232 615 312 674 τῆς
335 613 565 666 πολιτείας
592 614 665 657 καὶ
691 615 785 658 πᾶν
802 607 1034 669 ἀλλότριον
1060 610 1265 673 ἕμεμήνει
1289 614 1399 656 κατὰ
1423 617 1500 674 τῆς

0 681 229 736 βασιλείας
245 679 487 738 Ῥωμαίων,
518 679 580 735 ὠς
609 678 658 726 εἴ
677 699 745 734 τις
775 679 920 735 οὕτως
955 679 1050 736 ἔχοι
1079 684 1236 735 κακῶς,
1279 679 1394 726 ὥστε
1424 684 1496 727 καὶ
1512 694 1545 729 D

2 747 91 794 ὑπὸ
122 752 213 793 τῶν
239 744 510 795 ἀλλοδαπῶν
538 751 845 807 πολεμεῖσθαι
873 751 946 795 καὶ
975 748 1065 794 ὑπὸ
1096 753 1188 794 τῶν
1218 750 1396 796 οἰκείων
1421 769 1497 796 κα-

0 815 297 874 τατρύχεσθαι
327 816 407 872 τὰς
425 815 591 876 σάρκας
607 816 989 875 διαμασσώμενον,
1016 822 1179 864 τοῦτον
1206 820 1255 864 δὲ
1274 815 1496 878 α’νεγεῖραι
1511 830 1550 866 Ρ.
1578 833 1649 867 359

0 884 79 947 τὴν
107 884 334 943 πρόνοιαν,
365 888 438 931 ἵνα
466 886 584 942 πρὸς
611 885 667 931 τὰ
695 885 983 943 πανταχόθεν
1011 885 1123 932 κακὰ
1151 883 1493 948 ἇντιμηχανῷτο,

0 953 157 1013 ὥσπερ
185 954 240 1015 δὴ
268 957 342 1001 καὶ
370 954 424 1001 τὸ
452 959 693 1015 τηνικαῦτα
721 958 915 1002 συνιδεῖν
955 955 1058 1002 ἔδει.
1128 953 1156 1001 δ’
1186 973 1235 1001 τε
1277 955 1357 1014 γὰρ
1387 960 1498 1002 Βαΐ-

0 1027 189 1081 μοῦντος
216 1022 242 1069 ὁ
273 1022 499 1082 βάρβαρος
526 1022 551 1070 ὁ
582 1022 802 1078 πολλάκις
842 1023 947 1084 ἡμῖν
985 1023 1218 1084 εἰρημένος
1257 1023 1495 1083 ἐξηρτύετο

0 1091 109 1137 κατὰ
135 1095 227 1137 τῶν
255 1091 500 1152 σκήπτρων
524 1091 754 1150 Ῥωμαίων
776 1092 1026 1151 βαρύτατον
1052 1092 1303 1151 στράτευμα
1334 1095 1497 1153 ἐπαγο-

0 1162 130 1219 μένος
161 1162 235 1206 καὶ
275 1159 329 1206 τὸ
374 1160 631 1219 τυραννικὸν
657 1165 792 1207 τοῦτο
832 1164 1016 1221 πλῆθος
1052 1161 1277 1220 ἑτέρωθεν
1306 1158 1497 1222 ἀντεπη-

0 1231 182 1288 γείρετο,
214 1228 429 1287 καθάπερ
459 1225 638 1275 ἶίνωθεν
666 1249 746 1276 του
779 1228 912 1312 λόγου
942 1232 1339 1289 πεπροοιμίασται.
1397 1233 1496 1277 τέσ-

0 1315 130 1354 σαρες
157 1298 239 1355 μὲν
268 1289 390 1381 ἦσαν
409 1315 450 1343 οι
488 1296 741 1355 ξύμπαντες
770 1317 811 1344 οι
845 1302 926 1360 τῆς
950 1301 1115 1361 βουλῆς
1158 1298 1492 1358 καταρχόμενοι,

0 1359 238 1423 Ἀνεμᾶδες
261 1364 341 1427 τὴν
369 1366 635 1423 ἐπωνυμίαν,
671 1365 751 1421 τὰς
779 1365 954 1427 κλησεις
983 1366 1007 1413 ὁ
1039 1385 1120 1425 μεν
1151 1365 1347 1426 Μιχαὴλ,
1391 1388 1415 1411 ο
1446 1369 1495 1412 δε

0 1435 143 1488 Λέων,
175 1433 200 1480 ὁ
228 1434 435 1492 ἕτερος..
482 1469 505 1489 .,
527 1453 552 1480 ο
568 1432 701 1489 ἄλλος
717 1474 726 1482 .
744 1474 753 1482 .
773 1472 783 1481 .
800 1474 808 1482 .
830 1475 838 1482 .
859 1472 868 1481 .
887 1434 1259 1496 προσηγορεύετο.
1306 1439 1495 1497 ἀδελφοὶ

0 1503 32 1548 δ’
65 1498 172 1562 ἦσαν
200 1504 274 1549 καὶ
302 1501 355 1547 ‘cc‘
390 1501 578 1560 σώματα
608 1502 831 1562 πρότερον
859 1506 932 1550 καὶ
964 1503 1068 1550 τότε
1098 1503 1177 1564 τὴν
1205 1503 1400 1564 γνώμην·
1431 1505 1496 1558 εἷς

0 1567 130 1617 ταῦτὸ
161 1570 241 1630 γὰρ
271 1569 466 1626 ἅπαντες
494 1571 838 1632 συνεφρόνησαν,
881 1569 1146 1619 ἀποκτεῖναί
1178 1591 1226 1618 τε
1254 1572 1335 1618 τὸν
1363 1569 1495 1618 αὖτο-
1508 1580 1538 1615 Β

0 1638 192 1698 κράτορα
220 1642 295 1686 καὶ
322 1645 415 1686 τῶν
446 1643 691 1697 βασιλικῶν
728 1640 1041 1701 ἐπιλήψεσθαι
1079 1641 1331 1702 σκήπτρων.
1394 1659 1496 1688 συν-

0 1707 216 1768 υπήγοντο
249 1709 299 1754 δὲ
326 1705 481 1764 αὗτοῖς
509 1711 584 1755 καὶ
612 1710 756 1769 ἕτεροι
793 1715 883 1756 τῶν
909 1709 1108 1770 εὐγενῶν,
1142 1713 1255 1756 οἵτε
1273 1707 1495 1767 Ἀντίοχοι

0 1778 146 1835 γένους
175 1772 303 1832 ὅντες
331 1783 609 1839 περιφανοῦς
637 1781 710 1824 καὶ
740 1778 782 1825 οἶ
813 1776 1035 1839 Ἐξαζηνοὶ
1070 1778 1346 1837 καλούμενοι,
1390 1778 1417 1826 ὅ
1446 1798 1493 1825 τε

129 1867 162 1901 3.
189 1866 362 1903 lacunam
388 1867 547 1914 signavi.
621 1870 656 1904 4.
684 1871 902 1915 συνέρρευσε
930 1868 975 1913 F,
1000 1871 1195 1914 συνέρευσε
1220 1867 1262 1904 Ρ.
1360 1869 1392 1922 7.
1419 1867 1493 1904 ὑπὸ

127 1914 203 1953 τῶν
227 1918 374 1951 οἰκείωι
398 1915 485 1952 inF
507 1928 554 1952 m.
579 1917 602 1950 2
628 1918 669 1952 in
692 1928 765 1952 ras.
915 1918 971 1952 13.
999 1917 1105 1951 τοῦτο
1130 1917 1280 1962 scripsi:
1308 1912 1437 1952 τούτου
1452 1917 1493 1953 Ρ.

128 1963 183 1998 17.
211 1963 424 2010 31⁶90;**‹5
451 1960 655 2004 {known
682 1965 806 2012 spatia
832 1965 1055 2001 lacunarum
1082 1977 1129 2001 ex
1151 1965 1183 2001 F
1211 1964 1309 2001 dedi.

0 2050 94 2087 baris
119 2051 295 2087 resistens
329 2051 592 2088 insidiantium
625 2052 782 2088 insidias
816 2053 933 2088 animi
966 2052 1134 2089 sollertia
1167 2064 1314 2099 semper
1339 2065 1491 2110 pracve-

0 2099 91 2135 niret
114 2111 319 2146 eorumque
343 2100 508 2147 impetus
532 2101 781 2147 propulsaret.
823 2101 998 2157 equidem
1022 2113 1068 2136 ex
1092 2102 1205 2137 rebus
1230 2102 1321 2147 ipsis
1345 2103 1490 2138 conicio

0 2147 112 2194 ipsam
143 2151 225 2184 tum
249 2153 485 2194 praesentem
508 2149 671 2185 adfuisse
686 2150 895 2186 Fortunam
920 2150 1092 2196 imperio,
1115 2150 1300 2196 siquidem
1325 2150 1490 2186 adversis

0 2197 104 2233 rebus
122 2197 380 2244 undecumque
398 2199 713 2234 concurrentibus
737 2199 966 2245 reipublicae
983 2211 1120 2245 corpus
1136 2199 1364 2234 turbabatur
1378 2202 1492 2246 atque

0 2254 121 2281 smnes
145 2246 297 2282 omnino
335 2246 462 2282 hostes
503 2247 543 2282 in
586 2247 796 2283 Romanum
839 2248 1039 2294 imperium
1083 2248 1308 2292 saeviebant,
1346 2248 1490 2293 pariter

0 2304 36 2330 ιο
59 2295 91 2330 si
115 2294 201 2340 quis
229 2297 268 2330 et
293 2294 342 2330 ab
373 2296 539 2331 externis
562 2295 734 2332 hostibus
774 2295 1064 2342 impugnaretur
1095 2300 1134 2332 et
1162 2308 1185 2331 a
1214 2297 1290 2331 suis
1317 2297 1492 2342 gravissi-

0 2342 64 2378 mis
103 2342 277 2379 dolorum
321 2344 522 2379 tormentis
560 2344 866 2389 discruciaretur,
903 2345 1004 2380 hunc
1041 2356 1130 2380 vero
1166 2344 1407 2390 providentia
1436 2345 1491 2380 di-

0 2401 80 2428 nna
122 2392 304 2427 excitaret
342 2396 388 2427 ut
430 2392 662 2429 calamitates
699 2393 962 2439 undecumque
1011 2397 1160 2429 coortas
1195 2393 1411 2439 repelleret3
1450 2393 1491 2430 id

0 2439 93 2487 quod
133 2444 225 2477 tunc
265 2440 418 2486 quidem
457 2441 620 2477 dilucide
650 2443 826 2488 cognosci
851 2442 1064 2488 oportebat.
1140 2454 1227 2477 cnm
1264 2442 1363 2477 enim
1402 2442 1491 2478 Boe-

0 2487 162 2532 handus,
215 2489 402 2524 barbarus
445 2489 508 2525 ille
552 2502 662 2536 saepe
709 2495 1041 2535 commemoratus,
1084 2490 1261 2526 adversus
1306 2490 1492 2527 Romano-

0 2545 76 2574 rum
104 2537 307 2583 imperium
333 2538 526 2584 ingentem
558 2539 755 2585 colligeret
779 2540 998 2582 exercitum,
1039 2539 1237 2594 tyrannica
1271 2538 1363 2574 haec
1397 2540 1491 2575 mul-

0 2584 116 2624 titudo
158 2586 206 2621 ab
247 2585 367 2622 altera
404 2590 526 2632 parte,
549 2591 593 2623 ut
617 2600 733 2634 supra
761 2588 933 2634 praefata
965 2599 1059 2632 sum,
1091 2587 1255 2623 excitata
1278 2590 1344 2623 est.
1405 2600 1491 2624 con-

0 2633 188 2679 iurationis
213 2638 385 2671 auctores
410 2634 568 2671 fuerunt
591 2637 730 2671 fratres
755 2640 948 2682 quattuor,
975 2635 1186 2671 Anemadae
1219 2638 1488 2682 cognominati,

42 2693 152 2717 orum
185 2695 282 2718 unns
314 2683 489 2728 Michael‚
526 2684 622 2720 alter
659 2684 748 2728 Leo,
781 2686 918 2720 tertius
953 2702 983 2728 ι,
1026 2688 1238 2730 postremus
1270 2684 1431 2730 denique
1462 2703 1479 2716 ι

78 2731 203 2766 batur
254 2731 320 2778 qni
343 2732 497 2778 quidem
530 2732 667 2768 fratres
703 2745 790 2768 cum
820 2734 991 2779 corporis
1023 2738 1105 2768 tum
1140 2732 1383 2768 consiliorum
1417 2745 1480 2769 ne-

13 2779 15 2782 ’
67 2779 169 2815 'tate
187 2780 379 2815 coniuncti
427 2780 468 2816 id
492 2793 610 2816 unum
645 2793 773 2817 omnes
800 2785 1071 2825 convenerunt,
1112 2784 1154 2816 ut
1179 2781 1303 2817 occiso
1326 2781 1483 2827 impera-

98 2839 257 2875 regnnm
282 2833 519 2874 occuparent.
571 2829 709 2877 quibus
733 2833 772 2866 et
798 2830 865 2866 alii
890 2829 1035 2865 nobiles
1060 2841 1139 2865 sese
1164 2830 1285 2866 socios
1308 2829 1486 2866 adiunxe-

23 2921 26 2923 Α
67 2878 99 2922 t,
134 2875 240 2913 velut
278 2877 459 2914 Antiochi
496 2879 644 2925 generis
681 2878 883 2914 nobilitate
930 2878 1106 2915 florentes
1144 2882 1183 2914 et
1221 2879 1287 2925 qui
1324 2877 1490 2914 Exazeni
