1780 3138
287 215 365 254 154
539 230 541 232 ·
788 213 952 248 ANNAE
983 209 1249 246 GOMNENAE

283 331 454 385 Δούκας
499 332 570 376 καὶ
617 331 641 375 ὃ
682 327 869 380 Ὑαλέας,
918 320 1072 380 ἄνδρες
1116 319 1418 378 ἐκθυμότατοι
1460 322 1551 365 τῶν
1579 316 1770 363 πώποτε

282 402 572 462 γεγενημένων
603 395 717 454 πρὸς
746 393 903 454 μάχας,
936 391 1051 450 πρὸς
1080 392 1128 436 δὲ
1158 391 1232 435 καὶ
1257 386 1453 450 Νικὴτας
1482 386 1507 434 ὃ
1531 393 1772 454 Κασταμο-

283 473 400 529 νίτης
429 470 500 514 καὶ
531 463 796 524 Κουρτίκιός
824 481 891 516 τις
921 463 991 506 καὶ
1023 459 1047 505 ὁ
1080 457 1346 512 Βασιλάκιος
1365 464 1391 502 I
1395 455 1598 516 ἐώργιος.
1647 456 1772 503 οὗτοι

283 540 362 596 μὲν
404 530 481 583 οὖν
522 529 629 596 ἦσαν
672 538 750 579 τοῦ
790 532 1113 589 στρατιωτικοῦ
1160 525 1406 586 καταλόγου
1453 526 1769 584 πρωτεύοντες,

282 610 359 668 τῆς
389 607 436 651 δέ
466 622 511 664 γε
542 601 780 662 συγκλήτου
812 600 835 647 ὁ
871 602 1081 656 Σολομῶν
1111 594 1319 655 Ἰωάννης.
1388 591 1441 641 ὃν
1470 594 1544 641 διὰ
1573 593 1771 640 πλούτου

284 674 543 733 περιουσίαν
602 674 674 717 καὶ
735 672 883 730 γένους
942 665 1231 726 λαμπρότητα
1284 665 1469 722 βασιλέα
1508 703 1509 709 ,
1527 665 1693 722 χρίσειν
1748 662 1772 708 ὃ

245 741 464 801 ΟΜιχαὴλ
508 740 531 786 ὁ
578 742 651 785 καὶ
697 742 939 799 κορυφαῖος
982 740 1059 798 τῆς
1102 732 1368 792 τετρακτύος
1395 735 1485 779 τῶν
1518 728 1774 790 Ἀνεμάόων

284 807 653 871 σχηματιζόμενος
697 808 996 867 ἐπηγγέλλετο.
1089 803 1113 849 ὁ
1160 805 1208 849 δὲ
1256 805 1471 860 Σολομῶν
1521 792 1653 855 οὗτος
1696 804 1775 862 τῆς

284 877 520 940 συγκλήτου
550 875 733 936 λογάόος
760 874 815 920 τὰ
846 878 1004 932 πρῶτα
1034 874 1184 933 φέρων
1222 868 1275 916 οὗ
1303 868 1442 929 μόνον
1485 873 1575 916 τῶν
1613 864 1770 924 ἄλλων,

285 945 393 993 ἀλλὰ
433 950 504 992 καὶ
547 950 636 991 τῶν
679 943 1097 1003 συνεξηπατημένων
1140 937 1260 1000 αὐτῷ
1301 938 1577 998 βραχύτατος
1615 939 1696 996 μὲν
1724 930 1776 998 ἦν

286 1015 366 1075 τήν
397 1014 575 1076 ἡλικίαν,
608 1011 883 1074 κουφότατος
911 1012 958 1056 δὲ
987 1011 1064 1071 τὴν
1094 1007 1280 1069 γνώμην.
1327 1004 1697 1064 Ἀριστοτελικῶν
1726 1023 1774 1051 τε

288 1086 362 1129 καὶ
403 1086 702 1128 Πλατωνικῶν
740 1078 1018 1140 μαθημάτων
1065 1074 1176 1138 ᾤετο
1222 1077 1286 1131 εἰς
1322 1071 1461 1135 ἄκρον
1493 1075 1774 1135 ε’ληλυθὲναι”

576 1143 590 1149 ”
1474 1142 1497 1159 τι
1635 1143 1647 1158 )

254 1164 256 1167 ’
290 1148 343 1197 οὗ
371 1151 455 1211 μὴν
485 1144 533 1196 εὖ
564 1150 638 1213 ἧκε
668 1154 745 1210 τῆς
774 1147 1027 1209 φιλοσόφου
1068 1145 1291 1209 εἶδήσεως,
1334 1141 1428 1190 ἀλλ’
1470 1162 1593 1202 ομως
1629 1141 1777 1189 ετετύ-

291 1239 416 1280 φωτο
448 1218 519 1265 διὰ
550 1221 809 1277 περιουσίαν
838 1217 1127 1278 κουφότητος.
1179 1213 1341 1261 λοιπὸν
1383 1211 1499 1272 πρὸς
1537 1212 1619 1272 τήν
1650 1217 1778 1269 βασι-

291 1290 410 1334 λείαν
439 1286 562 1342 ὅλοις
593 1286 750 1341 ἱστίοις
779 1284 965 1332 ἇπένευε
987 1285 1195 1343 καθάπερ
1227 1283 1317 1330 ὑπὸ
1345 1280 1517 1328 τούτων
1545 1285 1636 1326 τῶν
1655 1277 1780 1325 Ἀνε-

291 1355 446 1414 μάδων
475 1354 785 1413 ἑμπνεόμενος.
841 1352 932 1400 ἄλλ’
972 1348 1080 1414 ἦσαν
1116 1350 1200 1412 ἄρα
1228 1351 1283 1398 τὰ
1318 1353 1465 1396 πάντα
1495 1347 1671 1396 πλάνοι.
1726 1345 1779 1393 οὗ

140 1434 182 1470 V.
210 1435 279 1470 285
292 1423 370 1484 γὰρ
402 1421 520 1480 εἶχον
549 1426 593 1469 ἐν
623 1428 682 1483 νῷ
711 1428 869 1469 τοῦτον
903 1422 943 1468 οἳ
969 1420 1084 1483 ἀμφὶ
1116 1422 1194 1467 τόν
1224 1419 1405 1481 ΖΠιχαηλ
1432 1421 1476 1474 ἐς
1505 1417 1584 1465 τὸν
1611 1419 1780 1475 βασιλι-

293 1492 370 1539 κὸν
402 1491 567 1550 θρόνον
597 1492 829 1551 ἑναγαγεῖν,
863 1495 1036 1538 πολλοῦ
1069 1511 1115 1550 γε
1136 1493 1209 1536 καὶ
1229 1493 1310 1545 δεῖ,
1335 1488 1445 1535 ἆλλά
1463 1492 1517 1550 τῇ
1538 1485 1780 1548 κουφότητι

248 1566 371 1609 Βτοῦ
418 1558 575 1619 ἀνδρὸς
622 1563 694 1606 καὶ
742 1566 805 1621 τῷ
855 1559 1036 1620 πλούτῳ
1084 1559 1199 1618 πρὸς
1242 1559 1322 1619 τὴν
1364 1558 1479 1604 ἰδίαν
1513 1557 1780 1614 ἐπιχείρησιν

292 1626 563 1687 ἀπεχρῶντο.
601 1630 669 1674 οἶεί
698 1648 740 1674 τι.
770 1630 946 1675 ἐκεῖθεν
974 1633 1051 1674 τοῦ
1081 1631 1244 1686 χρυσοῦ
1264 1624 1483 1686 ῥεύματος
1505 1625 1780 1676 ἒττισπιῦντες

292 1699 367 1743 καὶ
410 1703 507 1751 ταῖς
550 1698 697 1743 ἐλπίσι
740 1701 816 1759 τῆς
857 1699 1082 1754 βασιλείας
1125 1700 1362 1749 ποιοῦντες
1404 1692 1639 1753 ὑπότυφον
1679 1689 1780 1736 ὅλον

293 1765 466 1819 ἑαυτοῖς
494 1765 712 1811 τιθασσόν
747 1765 1013 1827 ἐποιήσαντο
1044 1765 1218 1825 γνώμης
1257 1762 1464 1822 τοιαύτης
1504 1761 1691 1818 ἔχοντες,
1725 1757 1780 1813 ὦς

431 1889 461 1923 1.
486 1886 616 1926 ὑαλέας
632 1887 675 1933 F,
706 1889 840 1927 Υελέας
854 1888 893 1923 P.
995 1889 1028 1923 7.
1056 1885 1076 1922 ὁ
1103 1889 1165 1922 καὶ
1183 1886 1254 1931 FC,
1281 1885 1301 1922 ὁ
1330 1898 1402 1922 om.
1421 1885 1462 1921 P.
1560 1885 1594 1920 8.
1621 1882 1663 1918 δὲ
1683 1880 1728 1927 δὴ
1746 1881 1780 1927 Ρ,

429 1933 474 1980 δὴ
500 1948 571 1972 om.
600 1935 635 1971 C.
787 1938 839 1972 10.
867 1938 1223 1984 συνεξηπατημένων
1249 1936 1292 1978 F,
1318 1937 1410 1975 ξυνε.
1433 1933 1473 1969 P.
1563 1927 1780 1979 βραχύτατος

429 1984 559 2030 scripsi
574 1997 581 2020 ;
599 1982 736 2032 βραχὺς
749 1984 846 2020 libri.
947 1987 1003 2020 11.
1021 1983 1087 2029 τὴν
1112 1983 1256 2029 ἠλικίαν
1271 1983 1315 2029 F,
1341 1984 1384 2032 τῇ
1410 1981 1531 2028 ἡλικίᾳ
1549 1981 1588 2016 P.
1656 1980 1698 2015 δὲ
1725 1979 1780 2015 ad·

429 2033 517 2068 didi.
597 2034 649 2068 16.
676 2029 807 2069 πλάνοι.
822 2033 860 2073 C,
887 2030 1007 2077 πλάνη
1021 2033 1060 2069 Ρ.
1152 2035 1210 2070 21.
1238 2033 1428 2071 ποιοῦντες
1441 2030 1514 2076 FC,
1540 2029 1735 2070 ποιοῦντος
1747 2027 1780 2064 Ρ.

296 2144 523 2179 vocabantur
537 2143 657 2179 Dueas
673 2147 711 2179 et
720 2144 887 2190 Hyaleas‚
903 2144 977 2180 viri
991 2144 1159 2180 omnium
1180 2143 1245 2189 qui
1262 2154 1442 2188 umquam
1461 2140 1615 2176 fuerunt
1629 2140 1669 2175 in
1684 2149 1780 2185 proe-

298 2193 358 2247 liis
372 2191 585 2247 fortissimi3
601 2195 795 2236 praeterea
805 2192 954 2228 Nicetas
964 2192 1233 2228 Castamonites
1248 2203 1292 2227 ae
1301 2190 1488 2227 Curticius
1503 2188 1656 2235 quidam
1672 2191 1709 2223 et
1722 2187 1780 2223 Ba-

300 2241 446 2276 silacms
457 2239 649 2285 Georgius.
689 2240 727 2275 hi
746 2241 933 2286 principes
953 2241 1060 2277 facile
1079 2241 1117 2276 in
1133 2240 1304 2287 catalogo
1328 2238 1486 2275 militari
1511 2240 1631 2282 erant,
1650 2248 1670 2271 e
1686 2246 1780 2271 sena·

301 2291 423 2343 torum
442 2291 566 2323 autem
592 2300 746 2324 numero
764 2301 892 2324 eorum
909 2290 1028 2325 socius
1043 2290 1116 2325 fuit
1130 2289 1304 2325 Solomon
1314 2288 1480 2331 Ioannes,
1498 2298 1608 2333 quem
1634 2285 1681 2321 ob
1698 2283 1780 2320 divi-

301 2340 437 2391 tiarum
457 2337 582 2391 copias
598 2341 635 2372 et
657 2338 804 2383 generis
828 2338 1062 2384 splendorem
1078 2338 1237 2374 Michael
1261 2340 1424 2383 quatuor
1440 2334 1674 2372 Anemadum
1689 2333 1780 2379 prin·

300 2397 385 2430 ceps
405 2385 594 2420 s1n1ulav1t
611 2397 648 2420 se
665 2398 768 2421 sacro
785 2386 864 2422 oleo
880 2387 1145 2432 imperatorem
1161 2399 1238 2422 esse
1258 2387 1584 2432 inauguraturum.
1634 2383 1665 2418 is
1693 2381 1780 2417 enin

301 2433 473 2489 Solomon
499 2434 675 2468 senatorii
699 2434 841 2469 ordinis
867 2436 1040 2481 princeps
1066 2448 1149 2471 cum
1182 2435 1265 2470 aliis
1287 2438 1366 2470 tum
1393 2433 1438 2469 iis
1463 2432 1528 2479 qui
1555 2431 1683 2467 eadem
1709 2441 1780 2466 cun

302 2493 383 2538 lpso
409 2481 710 2536 fraudedecepti
739 2487 846 2518 erant
871 2487 909 2519 et
935 2487 1080 2519 statura
1107 2488 1188 2520 erat
1215 2483 1367 2519 brevior
1394 2485 1433 2518 et
1457 2481 1608 2518 levioris
1631 2477 1774 2525 ingenii

302 2529 500 2585 videbatur
526 2530 598 2565 Sibi
613 2530 828 2567 Aristotelis
848 2531 1087 2578 Platonisque
1113 2533 1350 2578 disciplinam
1378 2543 1453 2567 una
1477 2541 1560 2566 cum
1587 2525 1780 2575 pulviscuh

303 2578 524 2633 exhauslssez
550 2590 590 2613 re
618 2591 706 2614 vera
724 2579 914 2616 aberravit
941 2593 962 2616 a
987 2584 1088 2616 recta
1113 2580 1374 2627 philosophiae
1400 2579 1557 2615 scientia
1574 2576 1780 2622 torpuitqun

303 2638 440 2681 insagni
456 2626 617 2662 levitate.
645 2630 808 2663 ceterum
838 2629 884 2664 ad
909 2629 1107 2674 imperium
1134 2630 1251 2675 passis
1281 2629 1370 2665 velis
1395 2626 1672 2674 pervehebatur
1698 2625 1780 2660 Ano

304 2674 473 2710 mad1bus
490 2676 596 2730 quasi
616 2675 907 2721 adspirantibus.
948 2678 986 2712 hi
1004 2678 1146 2714 scilicet
1164 2681 1273 2713 erant
1298 2677 1450 2713 omnino
1474 2674 1780 2722 praestigiatores

304 2723 458 2757 multum
487 2724 756 2778 ’emm'aberan
784 2726 982 2770 quominus
1008 2726 1166 2761 Michael
1193 2727 1344 2772 eiusque
1386 2725 1523 2761 fratres
1561 2722 1709 2759 deferre
1738 2718 1780 2756 ill

303 2782 459 2825 regnum
486 2783 523 2825 in
549 2784 670 2826 ammo
695 2772 887 2813 haberent,
929 2774 993 2809 sed
1035 2774 1189 2810 levitate
1231 2775 1339 2810 ist-ius
1372 2773 1535 2810 hominis
1574 2770 1780 2816 divitiisque

303 2818 351 2854 ad
375 2830 479 2854 suam
505 2831 621 2875 ipsius
657 2821 900 2857 ambitionem
925 2822 1056 2858 callide
1086 2823 1363 2859 abutebantur:
1402 2832 1548 2867 semper
1579 2818 1667 2855 inde
1692 2816 1780 2854 velm

305 2878 349 2903 ex
374 2878 487 2903 aureo
512 2866 663 2904 flumme
694 2869 907 2906 haurientes
945 2871 1051 2906 illum
1075 2872 1183 2918 regni
1212 2884 1278 2918 spe
1302 2872 1441 2908 elatum
1467 2872 1592 2907 totum
1627 2868 1667 2904 in
1689 2876 1780 2903 suan
