1768 3152
558 269 825 316 Amxmms
856 283 951 316 Lm.
981 284 1027 317 x.
1061 277 1123 318 ιο.
1535 276 1590 319 57

90 401 256 456 χωρῶν
291 397 625 456 συνειλεγμένου
660 394 775 454 μετὰ
802 399 893 441 τῶν
922 392 1124 455 ἇγόντων
1152 393 1315 452 αἰτοὺς
1350 396 1592 458 ἡγεμόνων,

93 470 237 527 ρηγῶν
268 484 318 512 τε
348 468 422 512 καὶ
451 468 625 511 δουκῶν
655 466 728 510 καὶ
757 462 966 525 κομήτων
1005 467 1079 511 καὶ
1119 462 1266 511 αι’-τῶν
1314 466 1589 523 ἐπισκόπων,

87 533 380 583 ἀποστέλλων
399 533 424 580 ὅ
442 531 731 592 αὐτοκράτωρ
752 531 1045 596 φιλοφρόνως
1062 530 1225 590 αὖτοὺς
1246 533 1488 592 ὑπεδέχετο
1517 538 1590 581 καὶ

88 605 329 659 ἐπιεικείας
358 604 584 662 ἐξέπεμπε
613 601 783 662 λόγους,
816 601 981 658 ὁποῖος
1010 604 1179 658 ἐκεῖνος
1195 603 1341 659 δεινὸς
1358 604 1411 650 τὸ
1430 606 1593 663 μέλλον
1603 611 1649 649 V.
1674 613 1766 649 237·

52 672 502 733 5προμηθεύσασθαι
534 673 607 717 καὶ
637 670 935 730 προαρπάσαι
964 671 1018 717 τὸ
1048 673 1291 733 συμφέρον.
1324 670 1590 731 ἐπισκήπτει

87 743 139 788 δὲ
167 743 243 787 καὶ
269 741 328 788 τά
360 743 534 802 ζωαρκῆ
577 739 756 796 τούτοις
801 740 1059 799 ἐρχομένοις
1087 742 1369 801 ἐπιχορηγεῖν
1397 747 1495 796 τοῖς
1522 743 1592 786 ἐπ’

86 809 196 858 αὐτὸ
225 815 359 858 τοῦτο
389 811 681 870 τεταγμένοις,
721 809 784 865 ὥς
809 809 871 871 μὴ
908 809 1047 871 λαβὴν
1086 809 1248 866 αὐτους
1283 809 1337 856 τὸ
1379 809 1639 868 παράπανῙ)

88 882 313 941 ἐσχηκέναι
340 882 442 941 μηδ’
476 881 527 937 ἐξ
553 881 652 935 οἵας
680 873 760 926 οὖν
786 879 943 934 αἶτίας.
1001 877 1043 926 οἳ
1077 882 1126 926 δὲ
1155 879 1275 938 πρὸς
1302 879 1382 941 τὴν
1410 877 1593 939 μεγαλό-

87 952 223 997 nonar
252 946 503 1011 ἠπείγοντο.
562 947 673 1006 τάχα
702 949 752 995 δὲ
780 945 884 994 εἶπέ
920 967 990 1003 τις
1024 944 1214 1007 οὐρανοῦ
1255 945 1442 1007 ἀστέρας
1480 945 1594 994 εἶναι

30 1026 76 1062 10
88 1017 277 1074 τούτους
305 1016 338 1080 ἢ·
362 1017 555 1077 ψάμμον
582 1017 706 1076 παρὰ
734 1021 799 1078 τῷ
828 1020 964 1074 χείλει
997 1022 1078 1077 τῆς
1105 1016 1339 1078 θαλάσσης
1367 1019 1593 1075 ἐκκεχυμέ-

89 1107 179 1149 νην.
238 1080 350 1150 ἦσαν
377 1087 459 1148 γὰρ
511 1085 597 1134 ὅσα
639 1082 787 1149 φύλλα
829 1089 902 1132 καὶ
947 1081 1093 1133 ι’ίνθεα
1122 1088 1311 1146 γίγνεται
1342 1085 1436 1148 ὥρῃ
1486 1087 1592 1132 καθ’

84 1156 284 1218 ’Όμηρον
312 1160 367 1219 τῇ
396 1157 739 1203 Κωνσταντίνοι·
758 1156 967 1213 πελάζειν
986 1151 1068 1216 ἤδη
1096 1158 1476 1215 κατεπειγόμενοι.
1516 1153 1596 1210 τὰς

91 1227 141 1272 δὲ
169 1229 263 1271 τῶν
292 1223 520 1287 ἡγεμόνων
549 1223 726 1286 κλήσεις
763 1226 837 1270 καὶ
876 1226 1234 1285 προθυμουμένη
1274 1243 1363 1283 περ
1401 1225 1597 1282 ἐξειπεῖν
1608 1235 1649 1272 Ρ.
1676 1236 1749 1272 300

93 1291 147 1342 οὗ
174 1293 408 1353 βούλομαι.
459 1298 599 1356 ναρκᾷ
626 1292 707 1354 γάρ
735 1313 815 1352 μοι
847 1293 873 1340 ὁ
903 1293 1035 1353 λόγος
1060 1293 1113 1340 τὸ
1149 1295 1232 1352 μέν
1261 1313 1304 1340 τι
1324 1293 1597 1352 βαρβαρικὰς

33 1372 79 1408 15
92 1362 252 1448 φωνάς
278 1359 567 1423 ἇπαγγέλλειν
595 1359 872 1424 ἆόυνατούσῃ
901 1363 975 1410 διὰ
1016 1362 1069 1410 τὸ
1100 1358 1345 1423 ἔναρθρον,
1391 1363 1444 1409 τὸ
1475 1366 1525 1409 δέ
1553 1383 1597 1410 τι

92 1434 167 1478 καὶ
210 1451 329 1491 προς
371 1431 425 1478 τὸ
472 1434 656 1494 πλῆθος
697 1434 877 1479 ἐκείνων
924 1432 1268 1494 αποβλεποὺσῃ.
1340 1435 1413 1479 καὶ
1453 1435 1526 1478 ἵνα
1554 1435 1600 1478 τί

91 1499 311 1547 τοσοίτου
341 1499 553 1563 πλήθοις
582 1499 762 1561 κλήσεις
799 1498 1171 1560 απαριθμεῒσθαι
1202 1500 1485 1560 πειρώμεθα,
1519 1499 1598 1557 οΐς

91 1572 166 1616 καὶ
197 1588 239 1616 οι
269 1568 375 1616 τότε
403 1569 627 1628 παρόντες
652 1567 836 1631 ακηὸίας
864 1571 1139 1630 ἐπληροιντο
1172 1569 1386 1653 siguin-eg,-
1425 1569 1489 1625 ὥς
1519 1589 1597 1617 ουν

90 1638 171 1701 τὴν
199 1638 501 1698 μεγαλόπολιν
528 1641 782 1697 κατέλαβον,
826 1641 1140 1685 κατατίθενται
1172 1639 1227 1684 τὰ
1253 1638 1427 1685 τοί-των
1466 1657 1595 1697 στρα-

31 1707 288 1766 2οτεὑματα
344 1707 591 1768 ἐπισκήψει
650 1711 730 1754 τοῦ
773 1704 1103 1766 αὐτοκράτορος
1149 1704 1284 1767 ἅγχοῦ
1337 1712 1417 1768 τῆς
1459 1713 1598 1769 μονῆς

96 1777 349 1835 Κοσμιδίου
378 1777 452 1821 καὶ
478 1777 631 1834 μέχρις
659 1772 796 1823 αὐτοῦ
825 1775 1033 1836 διήκοντα
1059 1777 1208 1835 Ἱεροῦ.
1270 1772 1355 1822 οὔκ
1395 1776 1520 1823 ἐννέα
1548 1777 1597 1822 δὲ

230 1907 262 1941 1.
289 1906 576 1953 συνειλεγμένου
598 1906 644 1965 A,
671 1909 967 1956 συνειλεγμένων
990 1907 1030 1943 P.
1130 1903 1302 1953 ἀγόντων
1324 1906 1403 1952 FA,
1428 1903 1595 1965 ἀγαγόν-

227 1965 304 1989 των
326 1953 367 1990 P.
528 1956 563 1991 6.
587 1954 631 1990 τὰ
654 1967 728 1992 om.
757 1956 800 1993 G.
899 1957 1119 2012 ἐρχομένοις
1144 1967 1219 1992 om.
1236 1956 1280 1992 G.
1437 1959 1472 1992 7.
1498 1954 1596 2012 αὐτῷ

226 1998 396 2049 τούτῳΡ,
418 2005 579 2040 correxi.
678 2006 711 2040 9.
738 2004 826 2041 εἶπέ
845 2018 909 2050 τις,
939 2018 1086 2044 τουτους
1108 2005 1265 2041 ῖδώνΑ.
1366 2006 1422 2041 10.
1447 2002 1597 2044 τούτους

229 2063 302 2088 om.
318 2052 364 2088 A.
463 2052 778 2100 ἓγκεχυμένηνΑ.
881 2056 935 2089 11.
962 2053 1036 2100 γὰρ
1061 2065 1133 2090 om.
1148 2054 1193 2095 F,
1218 2050 1341 2090 οὗνΑ.
1428 2057 1592 2100 γίγνεται

230 2100 277 2141 A,
303 2104 446 2147 γίνεται
463 2100 505 2136 Ρ.
631 2104 687 2138 14.
712 2115 789 2150 μου
801 2102 874 2138 CG.
956 2117 990 2138 τι
1003 2102 1075 2144 FC,
1101 2115 1154 2137 τοι
1181 2102 1222 2138 Ρ.
1372 2102 1428 2137 19.
1454 2107 1598 2138 κατατί-

230 2154 362 2186 θενται
383 2149 494 2196 CGA,
518 2139 780 2190 κατατίθενται·
805 2150 846 2187 Ρ.
943 2150 989 2187 τὰ
1013 2163 1086 2188 om.
1105 2150 1150 2187 G.
1296 2152 1355 2187 21.
1381 2154 1495 2199 μέχρι
1522 2151 1595 2188 OG.

92 2264 196 2300 tibus
225 2264 393 2311 ipsisque
428 2263 520 2300 adeo
546 2265 743 2312 episeopis,
768 2265 875 2301 misit
899 2266 1050 2302 obviam
1078 2277 1165 2302 suos
1193 2267 1414 2312 imperator,
1439 2266 1506 2312 qui
1531 2266 1594 2301 be-

92 2313 209 2359 nigne
231 2312 279 2349 iis
302 2315 481 2359 exeeptis,
507 2313 609 2360 quod
633 2317 673 2350 et
698 2313 820 2350 futuri
845 2314 1089 2360 praevidendi
1111 2318 1150 2351 et
1173 2314 1363 2351 commodi
1386 2314 1596 2361 occupandi

93 2362 344 2408 peritissimus
358 2366 453 2402 erat.
469 2374 623 2408 operam
637 2363 755 2409 ipsius
769 2375 846 2399 non
859 2363 988 2400 defore
1002 2364 1242 2409 nuntiarent,
1258 2365 1351 2410 quin
1369 2363 1484 2399 etiam
1497 2363 1597 2399 ciba·

92 2411 152 2446 ria
174 2410 223 2445 ab
256 2410 304 2446 iis
327 2423 422 2457 quos
444 2411 492 2446 ad
517 2411 558 2447 id
583 2412 706 2458 ipsum
731 2412 887 2448 miserat
910 2413 951 2448 in
976 2413 1038 2448 via
1064 2412 1377 2459 suppeditanda
1366 2414 1414 2447 iis
1436 2413 1596 2457 curavit,

92 2471 142 2495 ne
165 2459 251 2505 quis
272 2459 428 2495 omnino
452 2459 500 2495 iis
524 2472 572 2496 ex
602 2460 679 2496 ulla
703 2472 815 2497 causa
847 2465 1067 2507 praetextus
1092 2464 1199 2497 esset.
1258 2464 1395 2507 petunt
1419 2460 1478 2496 illi
1502 2460 1596 2497 Gon-

93 2508 376 2553 stantinopolin.
414 2519 458 2544 ae
481 2508 624 2544 dixerit
647 2509 795 2556 aliquis,
821 2510 914 2546 meli
940 2522 1002 2546 eos
1022 2522 1100 2546 esse
1125 2509 1251 2545 stellas
1275 2513 1342 2545 aut
1354 2508 1531 2546 harenam
1547 2509 1596 2545 ad

94 2556 210 2592 marie
233 2555 349 2592 litora
370 2556 544 2602 effueam;
582 2569 670 2593 nam
695 2562 790 2603 quot
815 2558 907 2595 folia
931 2558 1116 2605 floresque
1147 2570 1212 2594 ver
1243 2559 1423 2614 parturit,
1457 2562 1501 2594 ut
1542 2558 1598 2594 ait

95 2604 291 2650 Homerus,
317 2608 377 2641 tot
400 2605 726 2653 Constantinopoli
755 2607 978 2643 festinantes
1005 2609 1080 2643 iam
1107 2607 1475 2653 appropinquarunt.
1499 2607 1596 2653 ipeo-

94 2666 182 2690 rum
205 2657 334 2689 autem
358 2653 496 2691 ducum
522 2655 687 2700 nomina,
711 2657 783 2691 etsi
820 2656 984 2692 libenter
1028 2656 1176 2699 faciam,
1210 2655 1320 2691 edere
1353 2655 1441 2691 nolo
1467 2667 1596 2701 respu-

93 2705 182 2739 ente
208 2702 248 2738 id
273 2705 404 2738 nostro
430 2715 612 2740 sermone.
661 2716 749 2740 nam
786 2717 872 2741 cum
907 2705 1091 2740 barbaras
1115 2704 1266 2740 illorum
1298 2716 1419 2748 voees,
1456 2705 1598 2751 quippe

94 2751 265 2795 absonas,
301 2750 436 2787 efferre
473 2764 550 2788 non
574 2764 738 2799 possum,
763 2757 844 2790 tum
870 2754 1027 2789 nimiam
1054 2765 1180 2789 earum
1212 2752 1359 2799 eopiam
1385 2753 1595 2788 submetno

95 2803 135 2836 et
159 2799 252 2845 quid
276 2800 541 2836 enumerandis
565 2804 625 2838 tot
649 2801 845 2838 hominum
870 2802 1088 2838 nominibus
1112 2813 1266 2848 operam
1289 2801 1458 2857 perdam,
1502 2812 1597 2848 quos

95 2847 247 2884 videndi
272 2848 399 2884 taedio
437 2850 504 2895 qui
530 2853 611 2885 tum
637 2850 797 2887 aderant
827 2850 1117 2887 afficiebantur?
1177 2850 1314 2886 horum
1348 2850 1470 2906 igitur
1494 2861 1598 2885 exer·

98 2898 209 2941 citus,
231 2897 346 2933 simul
371 2897 420 2933 ad
444 2910 618 2945 magnam
643 2899 777 2935 urbem
802 2903 1067 2946 pervenerunt,
1087 2900 1190 2935 iussu
1214 2899 1457 2945 imperatoris
1481 2909 1600 2944 prope

98 2945 328 2984 Cosmidium
370 2948 640 2987 monasterium
678 2960 796 2998 usque
845 2948 894 2987 ad
925 2948 1083 2987 Hierum
1120 2950 1248 2986 eastra
1281 2947 1476 2993 locarunt3
1518 2958 1596 2993 nee,
