1734 3120
185 235 268 275 374
492 235 497 239 ’
693 240 859 276 ΑΝΝΑΕ
889 239 1154 275 COMNENAE

263 355 275 370 x
332 350 356 367 >l

185 373 301 413 προς
331 357 524 413 ολεθρον
550 358 556 413 Ι
665 357 743 399 τοῦ
774 355 936 399 λοιποῦ
977 352 1032 399 τὰ
1076 355 1179 399 καθ’
1225 353 1338 413 ἡμᾶς
1376 356 1421 400 ἐν
1450 354 1577 415 σάλῳ,
1599 358 1672 401 καὶ

184 421 371 469 κλύδωνι
396 428 403 478 Ι
432 460 440 469 .
459 460 468 469 .
495 421 756 480 ἐταράττετο
786 421 840 467 τὰ
869 420 1178 481 καθεστηκότα
1216 424 1289 468 καὶ
1324 421 1468 483 φόβος
1497 426 1569 469 καὶ
1589 429 1591 482 ξ
1613 462 1621 470 .
1639 463 1672 471 ..

186 529 309 539 .....
327 493 404 538 ἐπὶ
446 494 640 553 κεφαλῆς
684 489 1015 551 συνεστήκεσαν.
1047 529 1050 532 .
1089 487 1178 546 εἶχε
1222 490 1301 549 μὲν
1327 499 1334 546 Ι
1472 485 1674 549 ἀνδρεῖον

183 555 254 605 ἆεὶ
282 561 355 605 καὶ
382 563 480 613 τοῖς
520 559 784 618 ἔμπροσθεν
820 557 1067 617 κινδύνοιςΙ
1096 596 1247 605 ......
1265 577 1359 614 στα,
1399 558 1589 617 μάλιστα
1627 562 1674 606 δὲ

183 627 234 674 τὸ
266 629 468 687 τηνικάδε
498 625 731 688 ἧνδρίσατο
759 633 764 684 Ι
791 629 863 673 καὶ
892 630 956 687 τῷ
978 625 1123 673 πάθει
1142 632 1220 689 τῆς
1246 627 1387 688 λύπης
1407 630 1711 688 ἐμβριμησα-ἷ)

185 699 291 757 μένη
321 695 512 758 εἱστήκει
540 695 753 758 καθάπερ
782 715 848 750 τις
886 692 1202 756 ὅλυμπιονίκης
1240 696 1356 755 πρὸς
1393 697 1475 752 τὰς
1510 700 1675 756 δριΙμ-υ-

143 765 319 821 Βτάτας
349 767 514 820 ἐκείνας
550 761 714 819 ὀδύνας
745 762 1106 811 ἅντιπαλαίουσα.
1171 765 1567 825 κατεΙΙτιτρώσκετο
1597 769 1676 824 μὲν

185 835 265 895 γὰρ
298 834 377 896 τὴν
405 836 550 894 ψυχὴν
580 836 652 880 καὶ
683 831 944 892 ἐταράττετο
976 833 1053 893 τὴν
1080 836 1085 892 Ι
1112 836 1292 891 καρδίαν
1322 834 1473 893 ὁρῶσα
1502 834 1580 881 τὸν
1601 833 1677 881 αὖ·

186 903 434 963 τοκράτορα
473 903 615 957 οὕτως
656 902 823 959 ἔχοντα,
867 898 978 947 ἆλλὰ
1019 905 1256 964 ξυνέτεινεν
1297 903 1453 964 ἑαυτὴν
1483 907 1556 950 καὶ
1587 906 1677 950 ἐνε-

187 975 389 1032 καρτέρει
418 971 534 1030 πρὸς
562 971 617 1017 τὰ
643 977 650 1031 Ι
676 970 816 1017 δεινά·
849 973 920 1016 καὶ
948 972 1120 1028 ἐδέχετο
1150 973 1230 1029 μὲν
1259 971 1338 1027 τὰς
1367 975 1553 1031 τρώσεις
1583 992 1676 1019 και-
1692 980 1734 1013 10

187 1044 284 1099 ρίας
312 1043 384 1087 καὶ
411 1042 417 1099 Ι
442 1039 494 1087 τὸ
528 1039 684 1094 πάθος
713 1036 859 1085 αὐτῶν
878 1045 1135 1086 καθικνεῖτο
1166 1044 1258 1086 τῶν
1285 1045 1471 1099 μυελῶν,
1505 1039 1675 1099 ἀντεῖχε

188 1112 236 1157 δὲ
263 1114 268 1167 Ι
296 1108 429 1167 ὅμως.
487 1110 630 1154 καίτοι
659 1105 843 1155 οἷστακτὶ
872 1106 1032 1167 ταύτης
1061 1110 1262 1168 κατέρρει
1291 1110 1344 1155 τὸ
1374 1109 1567 1168 δάκρυον
1605 1113 1678 1156 καὶ

187 1179 382 1238 τηκεδιὸν
411 1179 620 1239 κατέλαβε
656 1181 736 1222 τοῦ
774 1175 1026 1235 προσώπου
1065 1176 1116 1223 τὸ
1147 1177 1311 1233 κάλλος
1337 1183 1342 1237 Ι
1369 1181 1441 1224 καὶ
1480 1181 1525 1225 ἐν
1566 1182 1678 1239 ῥισὶν

188 1243 431 1309 ἆπῃώρητο
461 1245 540 1308 τὴν
571 1244 728 1305 ψυχήν.
786 1244 1193 1306 πεντεκαιδεΙκάτην
1223 1248 1271 1291 δὲ
1301 1249 1380 1292 τοῦ
1411 1244 1677 1306 Λῦγούστου

188 1312 372 1376 ἄγοντος
403 1317 604 1375 (πέμπτη
635 1316 683 1361 δέ
714 1308 764 1374 ἦν
796 1317 878 1374 τῆς
903 1318 909 1372 Ι
935 1318 1177 1374 τηνικαῦτα
1213 1315 1458 1374 ἑβδομάδος
1501 1319 1677 1377 ἐκείνης,
1696 1324 1734 1357 15

188 1386 292 1431 καθ’
323 1380 374 1444 ἣν
403 1383 428 1445 ἡ
456 1386 534 1446 τῆς
554 1382 870 1441 ὓπερΙαμώμου
894 1386 1131 1443 δεσποίνης
1160 1383 1285 1445 ἡμῶν
1306 1387 1378 1430 καὶ
1397 1385 1680 1448 θεομήτορος

189 1454 392 1512 κοίμησις
418 1460 423 1506 Ι
451 1449 719 1510 ἓορτάζεται)
762 1453 933 1510 πρωίας
978 1450 1302 1512 ἐπαληλιφότες
1341 1451 1418 1516 τὴν
1458 1455 1676 1514 κεφαληνξ

150 1525 268 1568 Οτοῦ
300 1517 627 1578 αὖτοκράτορός
653 1539 769 1574 τινες
786 1524 875 1565 τῶν
895 1517 1247 1580 Ἀσκληπιαδῶν,
1272 1519 1394 1580 ἅτΙτα
1423 1521 1475 1584 δὴ
1505 1521 1681 1576 τούτοις

189 1591 351 1647 ἔδοξεν,
405 1591 565 1635 ἐκεῖνοι
603 1591 682 1647 μὲν
730 1587 879 1634 οἴκαδε
917 1588 1142 1648 ἐχώρησαν
1168 1592 1174 1646 Ι
1202 1586 1255 1635 οὗ
1290 1588 1430 1650 μάτην
1469 1587 1572 1636 ου’-δέ
1610 1591 1682 1635 διά

189 1677 285 1705 τινα
313 1659 462 1716 χρείαν
491 1655 644 1711 αὐτοῖς
673 1659 948 1715 ἐπείγουσαν,
978 1660 983 1716 Ι
1010 1654 1119 1703 ἄλλα
1150 1656 1325 1717 γνόντες
1366 1658 1445 1704 τόν
1484 1660 1533 1716 ἐξ
1569 1658 1683 1704 ὑπο·
1695 1663 1734 1696 2(

189 1725 299 1786 γύου
330 1727 606 1783 ἐπικείμενον
635 1728 698 1785 τῷ
730 1722 1035 1785 αὔΙτοκράτορι
1069 1729 1281 1773 κίνδυνον.
1343 1731 1464 1785 τρεῖς
1492 1728 1571 1784 μὲν
1602 1725 1681 1785 γὰρ

1021 1794 1033 1809 <

188 1788 297 1854 ἦσαν
320 1791 365 1840 οὶ
396 1795 646 1854 κοΙρυφαῖοι
675 1797 766 1839 τῶν
803 1794 978 1853 ἰατρῶν,
1018 1794 1043 1840 ο’
1082 1813 1130 1840 τε
1163 1794 1402 1856 ὑπερφυής
1431 1825 1450 1840 i
1474 1794 1679 1853 ικόλαοςΙ

325 1892 470 1929 1...Ρ.
547 1889 723 1929 crimme.
823 1896 891 1930 2..
923 1894 964 1931 P.
1048 1894 1160 1931 ...P.
1238 1894 1411 1930 3....P.
1484 1894 1679 1931 4.....P.

325 1952 393 1976 στα
422 1953 493 1977 om.
509 1940 549 1976 P.
666 1944 698 1978 6.
724 1955 777 1981 τις
801 1955 873 1978 om.
891 1943 931 1979 P.
1049 1945 1081 1980 7.
1109 1939 1420 1989 κατατιτρώσκετο
1434 1942 1501 1983 ΟΡ,
1523 1944 1679 1979 correxi.

323 1990 459 2035 incipit
485 1989 547 2025 fol.
574 1991 645 2025 244
671 1990 708 2026 C.
841 1992 896 2027 12.
922 1991 1055 2038 καίτοι]
1082 2005 1136 2026 τοι
1164 2003 1209 2027 ex
1237 2003 1334 2028 corr.
1362 2003 1409 2027 m.
1437 1991 1459 2025 2
1486 1991 1524 2027 C.
1626 1993 1681 2027 16.

324 2037 432 2086 ἡμῶν
457 2050 528 2074 om.
554 2038 594 2074 P.
728 2040 783 2074 18.
810 2040 888 2075 δῶν
913 2037 958 2076 ἅτ
985 2043 1023 2076 et
1054 2041 1106 2076 19.
1137 2035 1334 2087 ἐχώρησαν
1363 2051 1465 2076 nunc
1494 2040 1533 2076 in
1557 2039 1583 2076 C
1609 2053 1683 2076 non

323 2089 553 2133 comparent.
676 2088 734 2124 20.
760 2084 926 2135 ὑπογύου
940 2089 980 2132 Ο,
1008 2087 1186 2135 ὑπογυίου
1199 2088 1238 2124 Ρ.

189 2175 277 2212 hine
299 2187 358 2210 res
374 2177 524 2211 nostrae
541 2175 719 2212 fluctibus
739 2179 776 2212 et
794 2179 1020 2223 tempestate
1045 2177 1294 2221 iactabantur,
1308 2177 1536 2213 turbabatur
1557 2189 1682 2212 rerum

189 2235 362 2269 praesens
387 2226 506 2259 status
541 2226 578 2259 et
603 2227 724 2260 metus
751 2227 788 2260 et
821 2241 838 2256 *
876 2229 1008 2261 contra
1029 2237 1096 2261 nos
1133 2226 1354 2262 extiterunt.
1414 2225 1577 2261 habebat
1603 2227 1682 2270 qui-

190 2272 274 2308 dem
298 2271 364 2307 illa
389 2272 537 2307 virilem
587 2284 734 2318 semper
767 2273 934 2309 animum
967 2274 1250 2310 imminentibus
1284 2274 1463 2321 perieulis
1497 2275 1682 2319 resistens,

190 2320 254 2356 sed
292 2320 453 2356 maxime
490 2323 573 2356 tum
607 2321 754 2357 virilem
795 2322 961 2358 animum
1000 2322 1164 2358 ostendit
1213 2325 1250 2358 et
1275 2325 1409 2359 contra
1448 2323 1614 2358 dolorem
1642 2335 1683 2359 ae

190 2369 387 2404 tristitiam
415 2371 564 2405 strenue
596 2370 763 2406 renitens
804 2371 928 2406 stabat
954 2371 1059 2417 quasi
1086 2370 1239 2417 quidam
1266 2371 1532 2418 olympionices
1556 2371 1683 2407 adver-

192 2417 475 2453 sus'acerrimas
500 2417 583 2453 illas
609 2418 863 2464 aegritudines
890 2432 1071 2466 pugnans.
1123 2421 1248 2456 saucia
1273 2420 1425 2466 quidem
1451 2423 1532 2455 erat
1557 2421 1683 2456 animo

191 2468 390 2512 menteque
423 2466 587 2510 turbata,
625 2479 710 2502 eum
749 2467 896 2504 videret
931 2469 1199 2514 imperatorem
1237 2469 1291 2504 ita
1326 2468 1581 2514 laborantem3
1621 2469 1683 2504 sed

193 2514 410 2550 continebat
436 2526 474 2550 se
502 2518 540 2550 et
565 2516 714 2561 patiens
739 2519 820 2552 erat
845 2516 1043 2562 malorum,
1072 2516 1109 2552 et
1135 2517 1304 2563 quamvis
1330 2517 1516 2563 acciperet
1540 2518 1683 2563 gravis-

193 2563 287 2598 sima
310 2562 466 2598 vulnera
493 2563 674 2609 dolorque
700 2565 738 2599 in
770 2564 972 2601 medullam
999 2577 1115 2611 usque
1141 2568 1368 2612 penetraret,
1401 2568 1527 2601 tamen
1561 2566 1684 2601 obsta-

194 2611 270 2646 bat.
320 2623 387 2646 nec
411 2614 536 2647 tamen
562 2612 734 2648 stillatim
761 2612 928 2650 fluebant
947 2614 1124 2650 lacrimae
1150 2615 1240 2659 eius,
1266 2614 1426 2660 tabeque
1453 2614 1579 2649 vultus
1602 2614 1684 2659 pul—

193 2658 444 2694 chritudinem
478 2659 665 2697 afficiente
702 2662 856 2697 naribus
889 2675 1069 2709 suspensa
1106 2662 1305 2699 videbatur
1344 2662 1492 2698 anima..
1530 2662 1685 2708 quintus

194 2707 359 2742 decimus
384 2711 466 2743 erat
490 2709 654 2755 Augusti
692 2710 829 2745 mensis
864 2710 954 2755 dies,
994 2711 1089 2747 feria
1128 2712 1261 2757 quinta
1301 2710 1545 2747 hebdomadis
1571 2710 1683 2756 illius,

196 2767 270 2800 qua
294 2755 553 2792 immaculatae
576 2757 748 2793 dominae
777 2762 815 2794 et
834 2757 895 2794 dei
919 2759 1117 2806 genitricis
1139 2759 1319 2795 dormitio
1346 2759 1581 2795 celebratur:
1608 2760 1686 2794 eius

196 2803 271 2839 diei
298 2815 404 2839 mane
429 2805 733 2851 Asclepiadarum
763 2806 926 2852 quidam,
961 2811 1075 2854 prout
1100 2808 1192 2854 ipsis
1218 2808 1338 2844 visum
1367 2811 1435 2853 est,
1470 2808 1547 2843 eius
1571 2811 1685 2853 caput

197 2852 427 2887 inunxerunt
450 2856 604 2899 tumque
631 2854 761 2890 domos
790 2855 966 2892 abierunt
999 2868 1074 2892 non
1100 2859 1241 2892 temere
1267 2868 1335 2892 nec
1361 2856 1580 2892 necessitate
1598 2868 1684 2901 qua-

203 2899 288 2937 dam
312 2903 444 2945 coacti,
470 2901 533 2937 sed
559 2902 658 2947 quod
689 2908 942 2950 cognoverant
973 2905 1181 2952 periculum
1206 2905 1428 2952 imperatori
1452 2903 1539 2941 ilico
1563 2905 1684 2941 immi-
