1768 3152
221 204 277 244 40
735 208 900 242 ΑΝΝΑΕ
929 207 1196 242 COMNENAE

173 322 353 386 Βᾶκτὴν
381 329 462 370 τοῦ
494 325 787 382 Καβαλίωνος
824 321 937 380 μετὰ
975 320 1183 382 κομήτων
1221 319 1456 404 διαφόρων
1486 323 1558 367 καὶ
1588 338 1718 380 στρα-

218 394 437 453 τεύιιατος
465 391 664 452 ἇριθιιὸν
704 391 1051 475 ὑπερβαίνοντος
1090 391 1277 437 ἅπαντα.
1336 390 1481 445 τόπος
1510 392 1558 436 δὲ
1588 382 1721 445 οὗτος

220 464 341 523 ἐγγὺς
370 467 448 526 τῆς
478 460 704 522 Βοοὺσης·
738 458 934 519 ονόματα
965 462 1013 506 δὲ
1050 464 1186 505 ταῦτα
1216 464 1306 505 τιῦν
1337 461 1382 506 ἐν
1407 464 1505 514 τοῖς
1542 461 1722 518 μέρεσιν

219 534 404 587 ἐκείνοις
432 531 600 578 τόπων.
652 533 725 577 καὶ
754 531 1010 590 μεμφὲσθω
1042 531 1197 589 μηδεὶς
1223 529 1331 588 ἡμῖν
1354 526 1583 583 τοιούτοις
1607 547 1722 587 χρω-

218 602 367 659 μένοις
398 596 612 658 ὄνόμασιν
654 603 945 657 βαρβαρικοῖς
973 600 1045 644 καὶ
1076 595 1153 659 ἀφ’
1185 590 1248 643 ὦν
1290 597 1385 643 ἔστι
1415 596 1468 643 τὸ
1500 595 1613 658 ὕφος
1641 601 1758 657 τῆς5

221 668 419 727 ἱστορίας
447 669 841 727 καταμιαίνεσθαι·
883 663 986 712 οὐδὲ
1012 665 1092 726 γὰρ
1133 663 1231 712 οὔδ’
1263 664 1456 726 Ὅμηρος
1491 668 1721 726 ἀπηξίωσε

222 736 453 791 Βοιωτοὺς
483 733 714 795 ὀνομάζειν
754 737 827 780 καί
867 753 988 789 τινας
1023 733 1328 792 βαρβαρώδεις
1358 733 1517 794 νήσους
1543 734 1617 781 διὰ
1646 736 1724 797 τὴν

222 811 300 869 τῆς
332 804 529 864 ἱστορίας
557 802 795 864 ἀκρίβειαν.
845 802 959 850 κατὰ
992 802 1137 858 πόδας
1169 805 1217 849 δὲ
1252 801 1413 849 τούτου
1445 805 1518 849 καὶ
1537 802 1562 849 ὁ
1584 802 1724 863 κόμης

74 888 113 923 P.
139 886 212 922 290
224 877 502 934 Πρεβέντζης
541 879 639 928 ταῖς
679 871 832 927 ἀκταῖς
865 876 945 917 τοῦ
977 875 1196 930 πορθμοῦ
1224 873 1553 931 Λογγιβαρδίας
1582 890 1722 955 προσ-

223 943 438 1003 πελάσας,
487 945 587 989 ἑπεὶ
624 945 840 1000 διαπερᾶν
879 943 952 987 καὶ
991 959 1125 995 αυτος
1171 938 1404 999 εβούλετο,
1440 940 1721 1003 μυριοφόρον
1738 953 1768 990 14

223 1018 328 1059 ναῦν
354 1012 592 1075 λῃστρικην
621 1011 977 1071 μισθωσάμενος
1006 1011 1270 1072 τριάρμενον
1299 1012 1602 1070 ἑξακισχιλίων
1620 1033 1724 1071 χρυ-

223 1084 321 1129 σίου
362 1080 605 1143 στατήρων,
652 1100 696 1127 εν
726 1074 754 1143 ᾗ
785 1082 927 1139 ἐρέται
958 1083 1038 1139 μὲν
1079 1081 1311 1138 διακόσιοι,
1359 1080 1547 1143 ἐφόλκια
1592 1084 1641 1128 δὲ
1669 1082 1724 1128 τὰ

223 1148 567 1211 συνεφεπόμενα
594 1148 732 1211 ταύτῃ
763 1168 876 1208 τρια.
927 1149 1005 1195 τὸν
1035 1146 1277 1196 απόπλουν
1308 1147 1361 1197 οὖ
1390 1149 1508 1208 πρὸς
1539 1150 1722 1212 τὰμέρη

222 1224 301 1266 τοῦ
347 1216 567 1273 Αὐλῶνος
611 1221 858 1279 ἐπεποίητο
904 1218 1060 1274 καθώς
1102 1218 1157 1264 τὰ
1201 1218 1339 1265 λοιπὰ
1383 1223 1472 1265 τῶν
1511 1222 1724 1266 Λατίνων

222 1286 541 1348 στρατεύματα,
565 1283 679 1333 ἄλλα
700 1284 780 1332 τᾶν
797 1286 1044 1346 Ῥωμαϊκόν
1075 1286 1368 1348 ὑφορώμενος
1401 1286 1562 1335 στόλον
1591 1288 1725 1344 λύσας
1740 1302 1768 1336 ll

180 1355 182 1357 ’
221 1357 277 1403 τὰ
328 1355 583 1417 πρυμνήσια
625 1355 788 1414 μικρὸν
827 1358 1120 1415 παρεκκλίνας
1158 1356 1358 1403 κατευθύ
1399 1356 1606 1441 Χιμάρας
1646 1357 1724 1404 τὸν

222 1422 461 1472 ἀπόπλουν
492 1427 692 1472 ἐποιεῖτο
739 1421 892 1483 οὖριου
934 1444 1079 1482 τυχων
1116 1425 1382 1483 πνεύματος.
1459 1425 1637 1488 φεύγων
1677 1428 1726 1473 δε

180 1496 302 1542 Βτον
331 1493 502 1540 καπνὸν
532 1494 596 1548 εἷς
626 1498 715 1553 πῦρ
748 1493 1013 1541 ἐπεπτώκει.
1059 1497 1131 1540 καὶ
1150 1512 1234 1554 γαρ
1260 1491 1357 1552 ουχὶ
1377 1500 1475 1551 τοῖς
1495 1494 1726 1556 σποράδην

222 1563 498 1622 ἐνεδρεύουσι
528 1562 606 1609 τὸν
634 1568 712 1625 τῆς
725 1565 1055 1624 Λογγιβαρδίας
1087 1563 1305 1623 πορθμον
1326 1570 1550 1620 ναυτικοῖς
1578 1568 1725 1625 περιέ-

220 1651 360 1690 τυχεν,
392 1628 486 1678 αλλ’
515 1629 634 1693 αυτῷ
663 1636 727 1692 τῷ
749 1634 875 1678 δουκὶ
895 1637 980 1678 τοῦ
1009 1631 1116 1678 ὅλου
1130 1632 1377 1691 Ῥωμαικοῦ
1409 1633 1572 1680 στόλου
1594 1641 1726 1681 Νικο-
1738 1648 1768 1682 2⁴

221 1700 315 1762 λάῳ
345 1705 409 1761 τῷ
441 1700 880 1760 Μαυροκατακαλών.
941 1697 991 1756 ὃς
1034 1700 1194 1759 πόρρω
1234 1704 1342 1760 περὶ
1377 1707 1456 1763 τῆς
1492 1705 1726 1764 λῃστρικῆς

223 1771 389 1830 ε’κείνης
419 1768 522 1827 νηὸς
549 1767 840 1829 μεμαθηκώς,
871 1768 949 1824 τὰς
975 1774 1056 1816 τοῦ
1098 1769 1206 1816 ὅλου
1249 1769 1412 1816 στόλου
1456 1770 1623 1832 διήρεις
1652 1774 1726 1817 καὶ

362 1859 393 1893 1.
421 1858 676 1905 Καβαλίωνος]
702 1861 951 1903 βουβαλίωνος
975 1857 1020 1894 Α.
1169 1859 1202 1895 3.
1229 1855 1358 1903 Βόσης
1382 1858 1426 1895 G.
1526 1860 1568 1895 ἐν
1590 1871 1662 1896 0111.
1677 1859 1719 1896 G.

359 1908 391 1942 5.
418 1906 493 1941 ἔστι
523 1918 594 1942 0111.
610 1906 652 1942 G.
752 1909 784 1943 7.
810 1905 998 1947 Βοιωτοὺς
1015 1907 1058 1953 F,
1084 1905 1250 1947 Βιωτοὺς
1266 1907 1306 1943 P.
1381 1910 1416 1944 9.
1443 1922 1471 1942 π
1474 1911 1667 1965 ρεβέντζας
1678 1909 1722 1945 Α.

360 1956 416 1991 12.
440 1959 599 2014 χουσίου
631 1956 786 2002 scripsi.
808 1959 976 2012 χρυσίων
999 1956 1039 1992 Ρ.
1240 1957 1294 1992 13.
1320 1922 1494 2002 ταυταθρ
1517 1953 1652 2002 ταύτην
1678 1958 1720 1993 A.

360 2005 415 2039 16.
439 2017 483 2039 τα
509 2003 581 2050 FC,
607 2005 645 2039 τὲ
673 2003 711 2039 P.
777 2003 906 2053 Χιμόρ
908 2018 948 2044 ος
972 2004 1013 2040 G.
1116 2007 1170 2041 17.
1195 2003 1267 2053 γὰρ
1286 2004 1327 2042 G.
1442 1985 1497 2042 18’.
1524 2003 1720 2054 ἐμπεπτώ-

358 2064 412 2087 κει
427 2052 471 2088 A.
571 2052 646 2099 καὶ]
674 2050 717 2088 οὐ
732 2052 803 2089 CG.
951 2056 1007 2089 22.
1035 2051 1100 2093 τὰς
1124 2065 1195 2090 0111.
1209 2054 1250 2090 F.

222 2141 432 2177 interiectis
470 2153 555 2177 cum
593 2141 809 2178 clarissimis
846 2143 1050 2179 comitibus
1076 2143 1348 2189 innumeroque
1374 2143 1542 2179 exercitu
1580 2142 1626 2178 ad
1657 2142 1722 2179 Ca-

223 2189 382 2225 balionis
406 2190 498 2225 litus
524 2191 689 2226 transiit.
742 2193 806 2236 qui
839 2191 943 2227 locus
981 2203 1099 2238 prope
1138 2195 1194 2227 est
1219 2192 1392 2227 Bousam.
1456 2194 1544 2227 sunt
1583 2203 1626 2227 ea
1659 2203 1722 2228 no·

224 2239 325 2273 mina
349 2238 518 2274 locorum
544 2239 653 2275 istius
679 2240 862 2285 regionis:
889 2241 1025 2287 quibus
1055 2240 1223 2276 barbaris
1248 2240 1465 2276 nominibus
1487 2243 1637 2276 utentes
1662 2241 1723 2276 iis-

225 2298 297 2333 que
323 2286 504 2323 historiae
542 2288 760 2324 contextum
796 2290 1095 2325 contaminantes
1133 2301 1243 2325 nemo
1279 2301 1345 2324 nos
1384 2289 1585 2335 vituperet.
1636 2301 1723 2324 nam

224 2347 270 2370 ne
296 2335 482 2371 Homerus
510 2336 660 2382 quidem
688 2337 886 2384 indignum
922 2339 1093 2384 putabat,
1127 2338 1323 2374 nominare
1348 2337 1509 2374 Boeotos
1545 2339 1583 2373 et
1617 2350 1723 2384 quas-

224 2384 311 2419 dam
341 2385 591 2420 barbarorum
630 2368 792 2421 insulas*
796 2386 844 2422 ob
882 2386 1062 2424 historiae
1093 2386 1342 2433 diligentiam.
1392 2387 1468 2422 iam
1494 2385 1724 2422 Prebentzae

225 2444 347 2468 comes
372 2433 579 2469 Boemundi
607 2435 768 2481 vestigia
794 2447 967 2481 premens
992 2439 1031 2471 et
1057 2435 1104 2471 ad
1122 2435 1400 2482 Longibardiae
1436 2435 1527 2470 litus
1552 2447 1723 2481 progres-

225 2493 296 2525 sus,
330 2493 415 2517 cum
444 2485 482 2517 et
508 2482 588 2528 ipse
615 2484 843 2519 traiecturus
869 2487 976 2529 esset,
1019 2496 1082 2520 sex
1107 2484 1275 2520 millibus
1312 2495 1511 2520 aureorum
1538 2486 1722 2519 staterum

224 2530 423 2576 piraticam
453 2542 586 2566 navem
611 2532 812 2567 maximam
850 2534 967 2568 trium
993 2533 1163 2569 velorum
1188 2533 1510 2579 ducentorumque
1538 2533 1724 2580 remigum

225 2578 425 2624 conduxit,
461 2591 554 2625 quae
588 2582 666 2615 tres
692 2593 840 2627 quoque
875 2593 989 2617 naves
1013 2582 1178 2618 remulco
1208 2581 1394 2617 trahebat.
1447 2593 1515 2617 nec
1540 2581 1720 2617 Aulonem

225 2638 364 2671 versus,
394 2630 437 2663 ut
462 2628 599 2675 reliqui
625 2629 848 2665 Latinorum
876 2631 1073 2676 exercitus,
1113 2630 1316 2677 navigavit,
1355 2629 1420 2665 sed
1444 2630 1651 2666 Romanam
1677 2631 1723 2666 ti-

225 2686 329 2710 mens
364 2676 515 2711 classem
542 2677 673 2713 solutis
720 2679 872 2714 funibus
914 2679 1062 2715 modica
1092 2679 1345 2715 declinatione
1387 2690 1474 2714 usus
1511 2678 1720 2714 Chimaram

225 2723 386 2760 secundo
412 2728 523 2760 vento
563 2726 737 2762 tetendit.
802 2727 947 2763 fumum
984 2731 1108 2763 autem
1150 2728 1298 2774 fugiens
1334 2727 1471 2763 incidit
1508 2727 1546 2762 in
1584 2728 1720 2774 ignem.

226 2784 346 2818 neque
376 2774 472 2808 enim
499 2774 539 2808 in
566 2775 735 2811 nauticos
762 2775 929 2821 disperse
952 2777 991 2811 in
1008 2775 1287 2823 Longibardico
1303 2777 1402 2812 freto
1419 2775 1595 2812 excubias
1614 2788 1722 2822 agen-

226 2824 282 2857 tes
307 2821 453 2866 incidit,
479 2834 608 2857 verum
634 2825 674 2859 in
698 2825 822 2870 ipsum
848 2825 1043 2861 universae
1069 2825 1195 2861 classis
1222 2826 1413 2861 Romanae
1429 2824 1573 2868 ducem,
1612 2824 1723 2861 Nico·

227 2870 329 2906 laum
342 2869 741 2919 Maurocatacalonem,
762 2873 827 2920 qui
853 2873 928 2909 iam
954 2873 1097 2911 dudum
1120 2874 1167 2911 de
1193 2874 1361 2923 piratica
1384 2874 1457 2910 ista
1472 2885 1567 2910 nave
1583 2874 1724 2910 certior
