1734 3120
496 227 760 265 ALEXIADIS
791 229 885 265 LIB.
916 229 1020 266 XIII.
1049 227 1089 266 4.
1457 226 1536 267 195

47 341 159 387 εἶπαν
188 341 213 389 ὅ
244 344 398 401 καιρὸς
425 344 499 388 καὶ
526 341 582 387 τὰ
606 343 923 400 συμπίπτοντα
950 346 1083 390 τοῦτο
1107 344 1292 400 διδόασι,
1324 347 1403 407 τὴν
1420 350 1539 408 νίκην

46 409 187 471 ἑαυτῷ
218 411 414 458 πάντοσε
445 409 836 469 περιποιούμενον.
901 414 975 457 καὶ
1003 416 1138 459 τοῦτο
1168 414 1248 473 γὰρ
1283 419 1539 476 στρατηγῶν

45 478 300 535 ι’διαίτατον,
329 479 502 538 ὅσαπερ
532 478 672 538 ἴσμεν,
704 479 765 539 μὴ
804 479 916 538 μετὰ
948 483 1092 541 ξιφῶν
1119 484 1191 528 καὶ
1219 482 1359 544 μάχης
1386 484 1535 542 μόνον,

44 543 158 594 ἀλλὰ
188 550 262 594 καὶ
292 547 408 608 πρὸς
437 548 640 603 σπονδάς
677 551 983 607 τρεπομένων·
1028 553 1102 595 καὶ
1144 546 1289 607 ἄλλως
1335 553 1456 600 ἔστιν
1486 546 1538 599 οὗ

9 619 389 676 ὅραδιουργοῦντα
433 617 512 662 τὸν
560 617 726 675 ἐχθρὸν
773 619 1174 677 καταγωνίζεσθαι,
1227 619 1417 681 ὁπηνίκα
1465 623 1538 667 καὶ

42 683 248 731 τοιούτου
305 686 458 745 καιρός
501 689 636 747 παρῇ.
711 685 876 732 ὁποῖον
917 689 990 732 καὶ
1033 686 1138 733 τότε
1183 688 1208 734 ὁ
1251 686 1537 749 αὐτοκράτωρ

42 756 248 814 φαίνεται
288 754 584 814 σκευωρήσας.
644 756 795 800 θέλων
834 755 913 814 γὰρ
953 755 1176 812 διχόνοιαν
1217 759 1424 816 ἐμβαλεῖν
1459 778 1538 817 με·

41 821 147 878 ταξύ
172 826 263 868 τῶν
300 842 349 869 τε
390 821 600 883 κομήτων
638 825 711 868 καὶ
748 826 828 869 τοῦ
860 823 1140 882 Βαϊμοίντου
1177 829 1249 872 καὶ
1279 833 1580 874 κατασεῖσαιΒ

43 886 144 936 οἷον
172 890 251 937 τὸν
280 891 396 950 πρὸς
425 888 639 954 ἀλλήλους
677 893 985 951 συνασπισμὸν
1015 892 1046 953 ἢ
1074 897 1302 955 διαρρῆξαι
1332 894 1538 942 τοιοῦτόν

0 971 84 1006 ,οτι
113 962 450 1020 δραματουργεῖ.
514 959 926 1019 μεταπεμψάμενος
955 955 1038 1007 οὖν
1078 961 1157 1008 τον
1187 964 1234 1009 ἐκ
1266 963 1538 1019 Νεαπόλεως

42 1034 249 1087 Μαρῖνον
280 1029 360 1075 τὸν
388 1028 613 1086 Σεβαστόν
652 1031 763 1088 (τῶν
799 1033 1167 1088 Μαϊστρομιλίων
1199 1023 1330 1086 οὗτος
1363 1032 1536 1092 ὑπῆρχε

39 1096 93 1143 τὸ
123 1098 272 1156 γένος·
310 1095 391 1143 κᾶν
434 1096 495 1159 μὴ
527 1096 644 1143 πάνυ
673 1097 751 1143 τὸν
783 1097 899 1157 πρὸς
941 1096 1076 1145 αὐτὸν
1111 1099 1245 1158 ὅρκον
1283 1099 1536 1147 α’νόθευτον

39 1164 142 1211 τότε
173 1164 315 1224 ἐτήρει
347 1162 594 1226 ἀπατηλοῖς
615 1168 916 1226 ἐξαπατηθεὶς
940 1165 1089 1226 λόγοις
1123 1171 1195 1214 καὶ
1225 1168 1533 1226 ὑποσχέσεσιν,

39 1231 132 1279 ἀλλ’
162 1233 272 1280 ὅσον
299 1252 347 1293 γε
375 1233 430 1279 τὰ
459 1234 577 1292 πρὸς
607 1233 687 1280 τόν
703 1239 984 1292 Βαΐμοῦντον
1008 1236 1299 1295 ἀποκαλύψαι
1328 1235 1453 1299 αὐτῷ
1482 1237 1534 1284 τὸ

5 1299 296 1363 ὃᾶπόρρητον
324 1301 632 1362 τεθάρρηκεν),
664 1302 756 1361 ἅμα
785 1306 833 1349 δὲ
866 1306 939 1350 καὶ
969 1305 1047 1350 τὸν
1074 1304 1273 1367 Ῥογέρην
1300 1310 1410 1365 (τῶν
1437 1309 1535 1353 ἐπι·
1548 1314 1590 1352 V.
1619 1317 1689 1352 307

39 1373 193 1431 φανῶν
221 1372 270 1416 δὲ
302 1363 434 1425 οὗτος
458 1370 689 1431 Φράγγων)
739 1374 812 1418 καὶ
845 1372 924 1418 τὸν
961 1375 1136 1431 Πέτρον
1162 1372 1364 1436 Ἁλίφαν,
1397 1372 1535 1434 α’νδρα

38 1438 148 1485 κατὰ
178 1438 379 1498 πόλεμον
408 1439 679 1500 περιβόητον
704 1445 778 1486 καὶ
798 1444 877 1501 την
906 1441 969 1496 ῶς
999 1442 1116 1502 πρὸς
1135 1445 1212 1489 τᾶν
1231 1441 1575 1504 αὖτοκράτοραο

38 1509 190 1554 πίστιν
217 1503 491 1566 ἇκράὸαντον
518 1511 572 1554 δι’
600 1507 706 1555 ὅλου
735 1508 994 1571 τηρήσαντα.
1039 1509 1225 1566 τούτους
1240 1512 1537 1570 μετακαλεσά-

37 1594 171 1633 μενος
199 1576 363 1637 βουλὴν
394 1576 549 1637 ἐζήτει,
574 1576 702 1632 ὅπως
730 1578 785 1623 τὰ
815 1578 926 1623 κατὰ
954 1578 1033 1624 τὸν
1055 1583 1332 1638 Βαὶμοῦντον
1361 1574 1410 1626 εὖ
1441 1585 1534 1627 δια-

0 1646 230 1702 Ὸθέμενος
257 1651 591 1705 καταγωνιεῖται
621 1643 766 1702 αὐτόν,
799 1643 910 1692 ἄλλα
948 1650 1020 1692 καὶ
1048 1650 1154 1706 περὶ
1183 1652 1273 1694 τῶν
1302 1650 1535 1695 εὐνουστέ-

38 1731 128 1771 ρων
169 1718 234 1774 τῷ
279 1713 544 1775 Βαῖμούντῳ
586 1717 659 1760 καὶ
706 1714 906 1770 ὁπόσους
950 1717 1118 1771 ἐκεῖνος
1162 1716 1409 1776 ἶσοψύχους
1443 1717 1533 1774 ἔχει

37 1781 246 1842 διηρώτα.
299 1785 372 1829 καὶ
404 1786 510 1843 περὶ
549 1783 722 1830 τούτων
763 1784 929 1842 μαθων
970 1787 1019 1842 ἐξ
1058 1787 1203 1830 αὐτῶν
1247 1788 1342 1832 δεῖν
1386 1787 1533 1845 ἔλεγεν

173 1900 206 1934 l.
230 1900 336 1935 τοῦτο
361 1900 406 1947 F,
431 1896 546 1936 τούτω
573 1901 626 1937 sie
650 1901 691 1938 P.
839 1901 896 1939 13.
921 1898 1044 1949 λόγοις
1071 1902 1144 1947 FC,
1170 1899 1300 1950 λόγους
1325 1903 1364 1940 Ρ.
1471 1904 1527 1938 14.

171 1946 249 1996 ὅσῳ
267 1948 308 1995 P,
333 1949 491 1986 correxi.
565 1949 622 1986 15.
651 1949 809 1998 ῥοδέρην
824 1950 862 1987 C.
938 1953 993 1988 16.
1020 1948 1206 1999 φράγγων
1218 1951 1261 1998 F,
1284 1949 1472 1999 Φράγκων
1485 1951 1528 1988 Ρ.

35 2074 103 2109 per
140 2062 242 2100 ferro
278 2064 477 2101 victoriam
514 2077 704 2111 quaerere,
746 2065 809 2101 sed
843 2066 956 2102 etiam
982 2069 1237 2113 opportunum
1276 2070 1445 2114 tempore
1470 2079 1528 2104 ca-

35 2123 124 2148 suve
148 2113 336 2148 invitante
361 2113 490 2149 dolum
516 2114 728 2150 commoliri
766 2114 814 2150 ad
839 2114 987 2161 plenam
1013 2116 1208 2152 victoriam
1236 2116 1524 2162 reportandam3

34 2163 166 2207 estque
199 2161 231 2197 is
255 2161 418 2197 maxime
450 2164 628 2209 proprius
669 2163 804 2199 dueum
841 2175 932 2208 mos,
966 2167 1148 2210 quantum
1187 2165 1334 2210 scimus,
1373 2168 1416 2200 ut
1451 2176 1527 2200 non

35 2208 82 2244 ad
107 2209 252 2256 gladios
279 2210 399 2246 solum
423 2222 467 2247 ac
491 2212 645 2257 proelia,
682 2211 746 2247 sed
770 2211 818 2247 ad
843 2212 994 2248 foedera
1026 2213 1138 2248 etiam
1177 2224 1256 2249 sese
1293 2216 1526 2249 convertant.

35 2260 148 2303 atque
188 2258 280 2294 adeo
315 2259 413 2295 dolis
450 2259 639 2296 interdum
681 2260 798 2295 hostis
837 2260 1094 2307 profligandas
1139 2264 1205 2306 est,
1240 2273 1324 2297 cum
1361 2273 1527 2307 praeser-

34 2306 102 2341 tim
143 2309 231 2352 apta
273 2308 319 2342 iis
358 2308 501 2344 occasio
526 2320 604 2344 sese
642 2309 835 2355 obtulerit,
875 2309 916 2344 id
942 2309 1041 2355 quod
1065 2310 1178 2345 ctiam
1214 2311 1420 2355 imperator
1445 2313 1527 2345 tum

34 2354 194 2401 agitasse
220 2355 379 2392 videtur.
437 2356 663 2393 discordiam
699 2357 797 2393 enim
824 2358 1013 2394 concitare
1051 2358 1149 2394 inter
1181 2359 1335 2394 comites
1372 2361 1411 2394 et
1437 2359 1528 2394 Hoe-

34 2403 216 2439 mundum
241 2415 504 2451 armorumque
531 2406 744 2442 societatem
772 2418 884 2452 quam
915 2406 1084 2441 inierunt
1110 2407 1215 2452 quasi
1242 2409 1438 2452 percutere
1462 2410 1528 2442 aut

34 2450 237 2487 dissolvere
276 2453 461 2498 studebat,
499 2454 600 2500 quod
635 2456 690 2489 ita
722 2454 800 2490 fere
826 2454 926 2490 fecit.
991 2455 1139 2491 vocavit
1170 2455 1216 2490 ad
1249 2466 1287 2490 se
1313 2455 1526 2501 Neapolita-

34 2511 124 2535 num
149 2500 337 2537 Marinum
365 2501 573 2548 Sebastum,
600 2503 948 2538 Maistromiliorum
981 2514 1119 2549 genere
1157 2507 1295 2548 ortum,
1338 2505 1411 2545 cui,
1454 2504 1524 2539 etsi

34 2548 294 2585 iusiurandum
324 2550 396 2586 sibi
420 2551 645 2596 praestitum
670 2551 771 2586 haud
796 2563 942 2597 semper
967 2554 1047 2587 tum
1071 2555 1288 2588 servaverat
1311 2553 1435 2588 verbis
1460 2552 1527 2587 fal-

33 2595 175 2633 lacibus
198 2598 463 2644 promissisque
487 2599 676 2646 deceptus,
703 2612 770 2635 sua
794 2603 919 2635 tamen
943 2603 1076 2636 contra
1102 2600 1356 2636 Boemundum
1392 2612 1528 2636 arcana

34 2656 141 2691 posse
165 2646 316 2682 credere
341 2646 501 2683 confisus
527 2651 595 2684 cst.
657 2652 850 2694 praeterea
875 2648 1080 2694 Rogerium
1105 2649 1310 2694 arcessivit,
1338 2649 1524 2684 illustrem

33 2694 133 2729 inter
148 2694 311 2731 Francos
336 2696 472 2742 virum,
490 2699 527 2732 et
546 2696 700 2732 Petrum
716 2696 904 2742 Alipham,
930 2697 1117 2732 hominem
1145 2700 1183 2732 et
1207 2697 1316 2732 laude
1340 2698 1397 2733 rei
1423 2697 1528 2733 belli-

32 2753 97 2778 cae
135 2745 173 2778 et
198 2746 365 2779 servatae
402 2745 555 2780 omnino
581 2745 801 2791 imperatori
841 2744 929 2780 fidei
957 2746 1178 2791 integritate
1202 2746 1397 2781 celebrem.
1447 2746 1527 2792 qui-

33 2789 103 2825 bus
127 2791 166 2826 in
191 2792 386 2827 eonsilium
412 2793 592 2830 adhibitis
617 2793 853 2839 deliberavit,
878 2805 1038 2839 quanam
1067 2795 1213 2829 ratione
1242 2806 1320 2829 rem
1342 2795 1397 2830 ita
1421 2795 1526 2830 insti·

33 2841 169 2885 tueret,
197 2843 239 2875 ut
254 2840 510 2876 Boemundum
525 2841 752 2885 devinceret,
767 2843 989 2888 quaeritque
1005 2854 1049 2877 ex
1067 2843 1124 2886 iis,
1146 2843 1296 2888 quinam
1310 2842 1526 2878 Boemundo

34 2889 153 2934 magis
181 2889 314 2924 ceteris
341 2894 465 2925 essent
480 2890 601 2925 dediti
628 2891 767 2937 quique
787 2902 870 2926 cum
890 2902 934 2925 eo
947 2891 1107 2925 maxime
1133 2891 1412 2926 concordarent.
1452 2902 1526 2938 quo
