1768 3152
251 251 302 293 18
757 257 922 291 ANNAE
953 254 1220 290 COMNENAE

246 369 369 420 ταῦτ>
415 370 518 420 εἶπε
566 375 659 431 μέν,
705 390 785 418 ουκ
829 369 1062 430 εἰργάσατο
1109 371 1168 426 δέ,
1215 371 1287 415 καὶ
1333 370 1619 429 ἐπηγγείλατο
1657 370 1751 426 μέν,

1425 437 1447 453 (Ι

248 444 311 498 εἷς
342 443 471 503 ε’ργον
499 444 547 488 δὲ
576 442 655 504 τὴν
687 441 949 500 ἐπάγγελιαν
981 436 1060 485 οὔκ
1091 435 1266 498 ἢγαγενς
1296 435 1387 483 ἀλλ’
1418 457 1509 496 αμα
1536 456 1584 483 τε
1621 436 1644 483 ὃ
1674 442 1750 494 βα-

248 511 395 566 σιλεῦς
436 510 590 573 ἐπῄνει
630 529 709 570 τγν
747 508 1001 570 συμβοιλὴν
1040 510 1111 554 καὶ
1149 507 1172 552 ὃ
1202 504 1471 561 Ἀλακασεῦς
1500 509 1545 553 ἐν
1576 511 1667 566 χρῶ
1704 525 1751 552 τε

247 582 428 638 κουρίας
459 581 623 639 ἐγίνετο
664 580 736 623 καὶ
781 580 863 631 τοῖς
909 577 1074 634 σάρκας
1117 575 1354 638 κατῄκιστο
1397 578 1470 622 καὶ
1514 574 1631 632 πρὸς
1676 574 1754 619 τὸν

250 649 528 694 ἐπίπλαστον
556 648 766 706 Διογένην
798 645 968 691 ἐκεῖνον
997 646 1220 704 ἐφοίτησε.
1280 646 1354 689 καὶ
1382 642 1439 689 τά
1469 661 1517 689 τε
1543 639 1652 688 ἅλλα
1681 645 1754 688 καὶ

249 716 328 776 τὴν
355 715 548 762 παλαιὰν
591 714 819 774 ὑπέμνησε
849 715 1001 774 φιλίαν
1041 715 1113 758 καὶ
1156 714 1215 767 ὠς
1256 712 1431 758 “nond
1472 711 1593 758 δεινὰ
1632 711 1755 770 παρὰ

208 787 328 831 Βτοῦ
349 781 683 842 αυτοκράτορος
702 782 955 836 πεπονθώς
935 779 1044 826 'Aa
1047 781 1204 838 &Elov‘
1185 780 1277 843 ήκω
1295 800 1412 839 προς
1427 782 1477 827 σὲ
1495 780 1753 841 θαρρήσας”

252 853 400 911 ε’λεγεν
449 854 553 898 ι(ἐπὶ
583 856 636 914 τῇ
666 851 803 897 πάλαι
842 855 922 896 τοῦ
953 852 1060 908 ἐμοῦ
1102 869 1274 909 πάτρος
1309 869 1425 908 προς
1454 848 1532 909 τὴν
1567 849 1648 910 σὴν
1677 853 1757 906 βα-

250 922 417 968 σιλείαν
460 919 723 980 γνησιότητι,
771 921 840 980 ἐφ’
875 938 911 979 ω
957 917 1236 977 συνάρασθαί
1281 936 1354 964 σοι
1398 918 1515 976 πρὸς
1550 936 1601 963 το
1647 936 1756 975 π-ρο

249 990 494 1046 κείμενονἾ
541 989 699 1049 ἐχρῆτο
730 987 810 1046 γὰρ
841 989 914 1032 καὶ
943 985 1167 1041 τοιούτοις
1198 985 1384 1044 ονόμασι
1414 989 1758 1040 κολακευτικοῖς,

248 1060 321 1103 ι’να
351 1059 488 1103 πλέον
518 1054 654 1103 αυτὸν
685 1055 989 1117 ἑφελκύσηται.
1048 1058 1120 1101 καὶ
1150 1075 1221 1101 ινα
1252 1054 1528 1114 πλατύτερον
1566 1055 1620 1101 τὰ
1663 1059 1754 1100 κατ’

249 1123 381 1172 αὐτὸν
409 1124 695 1185 διηγήσωμαι,
727 1125 875 1182 λαβών
903 1124 955 1169 τὸ
998 1122 1231 1182 ἐνδόσιμον
1269 1123 1391 1182 παρὰ
1421 1129 1500 1170 τοῦ
1544 1121 1759 1183 αὐτοκρά-

249 1213 383 1252 τορος
400 1191 603 1248 Ἀλεξίου
634 1195 706 1238 καὶ
737 1191 909 1254 γραφὰς
931 1191 1145 1246 ὡσαύτως
1175 1192 1517 1253 παραδηλούσας
1543 1195 1658 1252 πρὸς
1681 1193 1759 1239 τὸν

250 1261 329 1322 τὴν
372 1260 571 1323 φυλακὴν
601 1262 832 1317 πολιχνίου
863 1259 983 1315 τινος
1013 1260 1216 1321 Ποὺτζης
1248 1257 1565 1320 ὠνομασμένον
1595 1279 1758 1307 πεπισ-

250 1333 460 1389 τευμένον
491 1329 552 1385 (ὃς
581 1332 710 1386 ιιπᾶν,
743 1329 857 1388 ὅπερ
878 1327 932 1374 ἂν
954 1329 977 1374 ὃ
1007 1329 1165 1388 παρών
1192 1349 1266 1377 σοι
1285 1329 1530 1390 ὑπόθηται,
1567 1332 1759 1391 ποίησον

251 1395 525 1453 ἅδιστάκτως
562 1397 820 1452 ὑπακούσας
849 1395 1019 1444 αὖτοῦ”
1071 1400 1233 1455 (ἐκεῖσε
1270 1398 1350 1459 γὰρ
1392 1398 1415 1444 ὁ
1445 1398 1652 1456 βασιλεὺς
1685 1418 1758 1444 κα-

251 1469 340 1522 λῶς
374 1466 643 1524 ἐστοχάσατο
675 1466 779 1521 τοὺς
808 1466 1047 1525 Κομάνους
1076 1470 1341 1525 καταλαβεῖν
1379 1464 1472 1514 άπὸ
1501 1469 1757 1527 Ἀδριανου-

213 1534 429 1590 Οπόλεως
458 1533 747 1593 ἀπάραντας),
778 1534 949 1586 τούτων
994 1535 1137 1591 οὕτως
1167 1537 1558 1597 οἰκονομηθέντων
1591 1555 1758 1597 προση-

252 1609 441 1664 κάμενος
472 1604 496 1651 ὃ
526 1601 808 1659 Ἀλακασεύς,
831 1606 1042 1663 καθάπερ
1063 1604 1264 1664 εἴπομεν,
1286 1607 1365 1668 τὴν
1385 1607 1430 1652 ἓν
1448 1610 1536 1669 χρῷ
1557 1607 1759 1664 κουρείαν

253 1674 463 1733 πρόσεισι
473 1679 541 1735 ,τῷ
559 1674 841 1735 ψευδωνύμῳ
857 1677 994 1735 λέγων
1024 1674 1124 1721 ὂίόιὰ
1145 1677 1195 1722 σὲ
1216 1674 1363 1721 πολλὰ
1381 1674 1503 1721 δεινὰ
1527 1677 1758 1732 πέπονθα,

391 1813 423 1848 1.
449 1808 515 1846 οὐκ
541 1811 622 1847 εἷπε
648 1811 689 1858 Ρ,
716 1808 782 1847 οὐκ
808 1824 880 1848 om
909 1812 980 1848 CG.
1098 1813 1160 1846 καὶ
1188 1810 1262 1856 CG,
1288 1807 1367 1845 οὐδ’
1391 1810 1431 1846 P.
1547 1809 1758 1855 interroga-

389 1860 504 1895 tionis
527 1860 676 1906 signum
702 1862 823 1906 posui.
1028 1862 1062 1895 3.
1101 1872 1139 1895 τε
1165 1871 1236 1895 om.
1265 1858 1337 1895 OG.
1543 1860 1576 1893 7.
1615 1871 1685 1902 ηκα
1712 1858 1755 1893 G.

390 1910 422 1944 8.
448 1904 560 1944 πάλαι
587 1920 661 1945 om.
678 1908 749 1945 CG.
847 1910 924 1966 μοῦ
948 1909 989 1954 Ρ,
1015 1909 1174 1945 correxi.
1266 1905 1362 1966 πρὸς
1385 1905 1452 1952 τὴν
1474 1904 1544 1951 σὴν
1569 1909 1760 1963 βασιλείαν

388 1958 452 1992 τοῦ
475 1957 608 2016 ⁴uofiG.
733 1960 766 1994 9.
792 1955 1014 2004 γνησιότητα
1031 1957 1073 1993 G
1186 1958 1241 1993 10.
1267 1952 1433 2004 ὀνόμασι
1447 1956 1490 2001 F,
1517 1951 1705 2011 ὀνόμασιι
1698 1956 1758 1992 Ρ.

390 2007 445 2042 11.
475 2004 589 2042 αὐτὸν
612 2007 656 2050 F,
682 2018 755 2043 om.
771 2007 810 2042 P.
1009 2007 1065 2042 12.
1092 2002 1330 2053 διηγήσωααι.
1356 2004 1429 2048 FC,
1463 1983 1692 2060 διηγήσομαι
1717 2005 1757 2040 Ρ.

393 2057 449 2091 13.
475 2054 542 2091 τὸν
555 2055 598 2100 F,
625 2067 698 2091 om.
713 2056 754 2091 P.
862 2056 918 2091 15.
942 2055 1019 2091 πᾶν
1043 2055 1087 2101 F,
1112 2067 1183 2091 om.
1208 2054 1248 2090 P.
1352 2055 1407 2090 16.
1434 2049 1688 2093 άὸι*στακτως
1714 2054 1758 2089 F.

390 2103 445 2139 19.
472 2101 646 2151 καθάπερ
672 2107 832 2152 εἴπομεν
857 2115 928 2139 om
957 2104 1028 2140 CG.
1128 2106 1299 2149 κουρείαν
1325 2102 1368 2148 F,
1393 2106 1545 2150 κουρίαν
1569 2101 1610 2137 Ρ.

254 2228 362 2271 esset,
387 2225 495 2261 illum
521 2237 772 2271 accessurumg
802 2225 904 2272 quod
929 2225 1080 2271 quidem
1106 2228 1144 2261 et
1170 2226 1270 2261 dixit
1297 2228 1335 2261 et
1361 2225 1463 2270 fecit,
1494 2227 1532 2260 et
1567 2224 1759 2270 pollicitus

255 2278 362 2310 estet
385 2275 580 2320 promissis
603 2275 722 2310 stetit.
763 2275 903 2310 etenim
931 2274 1088 2310 consilio
1119 2274 1341 2320 imperatori
1370 2274 1532 2319 probato
1562 2272 1760 2309 Alacaseus

256 2335 294 2358 se
333 2323 502 2359 totondit
542 2335 660 2369 usque
702 2323 750 2358 ad
792 2326 918 2358 cutem
957 2327 995 2359 et
1029 2335 1187 2369 corpore
1226 2323 1392 2358 lacerato
1428 2322 1477 2357 ad
1516 2324 1759 2367 personatum

256 2372 363 2407 illum
389 2371 595 2418 Diogenem
635 2372 807 2417 confugit
849 2372 957 2417 eique
1006 2383 1091 2407 cum
1125 2372 1199 2407 alia
1231 2375 1313 2407 tum
1355 2371 1555 2417 praecipue
1595 2374 1759 2406 veterem

257 2421 461 2456 amicitiam
503 2421 543 2455 in
581 2423 746 2455 mentem
785 2432 963 2456 revocans
1000 2420 1178 2466 “Multa”‚
1217 2421 1356 2466 inquit,
1405 2420 1564 2455 “acerba
1606 2420 1653 2455 ab
1691 2421 1759 2455 im-

257 2472 432 2515 peratore
474 2469 608 2504 Alexio
659 2480 788 2515 passus
831 2469 879 2504 ad
922 2472 959 2504 te
1001 2469 1110 2504 venio
1153 2469 1274 2515 patris
1315 2469 1389 2504 mei
1426 2481 1512 2505 cum
1549 2471 1615 2503 tua
1647 2469 1758 2504 maie-

257 2521 354 2553 state
389 2518 557 2555 amicitia
595 2517 725 2562 fretus,
771 2520 815 2553 ut
850 2517 924 2553 tibi
971 2517 1011 2552 in
1050 2517 1109 2552 his
1146 2518 1258 2553 rebus
1299 2518 1339 2552 in
1380 2518 1518 2564 quibus
1555 2529 1656 2552 nunc
1679 2529 1759 2552 ver-

258 2567 352 2602 saris
395 2567 648 2603 subveniam.”
707 2567 884 2602 utebatur
927 2567 1026 2601 enim
1062 2565 1201 2602 talibus
1239 2566 1518 2612 blandimentis,
1557 2570 1601 2601 ut
1640 2566 1760 2612 magis

258 2627 343 2651 eum
369 2615 416 2650 ad
446 2627 484 2651 se
509 2615 691 2651 traheret.
740 2618 853 2661 atque
882 2618 926 2651 ut
950 2615 1137 2660 copiosius
1167 2615 1213 2651 de
1238 2627 1281 2651 eo
1311 2627 1473 2656 narrem,
1504 2615 1666 2660 acceptis
1691 2615 1759 2650 im-

259 2665 447 2710 peratoris
473 2664 599 2700 Alexii
637 2663 826 2699 mandatis
864 2666 902 2699 et
937 2663 984 2699 ad
1022 2663 1162 2699 Putzae
1199 2664 1296 2700 arcis
1334 2664 1567 2710 praefectum
1606 2663 1758 2703 litteris,

259 2713 300 2748 in
339 2713 475 2758 quibus
516 2716 617 2749 erat:
672 2712 893 2759 “quidquid‚
932 2713 998 2758 qui
1023 2712 1089 2748 has
1125 2713 1272 2748 litteras
1312 2713 1456 2758 reddet,
1496 2713 1569 2748 tibi
1607 2712 1760 2757 dixerit,

259 2761 299 2797 id
325 2762 404 2797 sine
429 2773 536 2797 mora
561 2762 785 2808 exsequere”
812 2762 1004 2807 (nimirum
1032 2773 1074 2797 eo
1094 2761 1334 2807 profecturos
1360 2773 1437 2798 esse
1465 2761 1673 2807 imperator
1692 2760 1759 2796 Co-

260 2821 389 2846 manos
414 2810 662 2856 Adrianopoli
686 2809 919 2846 discedentes
944 2810 1039 2845 bene
1070 2811 1308 2856 coniciebat),
1342 2810 1402 2845 his
1439 2811 1559 2856 igitur
1592 2810 1646 2845 sic
1686 2809 1759 2844 dis-

261 2858 396 2905 positis
423 2859 620 2895 Alacaseus
646 2870 763 2905 usque
789 2859 836 2894 ad
854 2862 990 2904 cutem,
1010 2861 1055 2894 ut
1071 2858 1246 2904 diximus,
1282 2862 1414 2904 sponte
1439 2862 1572 2894 tonsus
1603 2858 1759 2904 pseudo·

259 2919 411 2954 nymum
438 2907 533 2943 adiit
556 2911 596 2943 et
620 2907 761 2954 “Tua'’,
787 2908 925 2954 inquit,
953 2909 1087 2943 “causa
1112 2908 1233 2943 multa
1258 2908 1393 2943 acerba
1418 2919 1547 2953 passus
1573 2919 1667 2953 sum,
1693 2910 1760 2943 tua
