1780 3138
519 216 786 252 Ammls
816 216 913 252 ΗΒ.
942 216 1026 253 ΧΠ.
1060 215 1098 255 3.
1474 214 1555 258 143

61 336 111 381 δε
141 336 214 380 καὶ
250 335 458 394 μέγιστον
498 331 643 378 αι’τιον
677 350 758 377 του
791 331 873 391 τήν
907 334 1114 390 βασιλίδα
1151 336 1407 382 συνοπαδὸν
1446 333 1557 384 εἶναι

61 408 126 464 τῷ
154 400 462 461 αὖτοκράτορι,
497 400 566 447 ὅτι
610 420 681 447 τοι
724 403 908 447 πολλῶν
948 401 1202 459 ἐπιβούλων
1241 405 1604 466 ἅναφυομένωνΒ

61 470 379 529 ἁπανταχόθεν
407 473 499 516 πολ
501 473 578 531 λῆς
615 471 759 516 ἐδεῖτο
789 474 869 530 τῆς
896 472 1183 529 ε’πιβλέψεως
1219 476 1293 519 καὶ
1329 473 1392 528 ῶς
1422 470 1563 530 ὅντως

61 539 385 599 πολυομμάτου
415 538 659 597 δυνάμεως.
720 541 795 585 καὶ
823 539 904 598 γὰρ
936 541 1011 584 καὶ
1049 539 1129 597 νέξ
1162 538 1283 602 αὐτῷ
1321 544 1564 600 ἐπίβουλος

3 603 115 670 7δῆν
141 612 214 655 καὶ
248 609 305 655 τό
332 610 602 668 μεσαίτατον
645 610 725 668 τῆς
756 606 938 667 ἡμέρας,
968 610 1040 653 καὶ
1082 607 1110 668 ἡ
1157 609 1326 669 ἑσπέρα
1366 630 1564 670 προσαν-

61 680 173 740 έφυέ
197 697 243 725 τι
270 677 409 724 κακον
437 680 511 723 καὶ
521 677 564 760 3r‘·
594 677 746 758 πρωΐα
767 677 985 722 ἕτέκταινε
1018 679 1236 763 χείριστα·
1266 678 1435 738 μάρτυς
1461 680 1567 727 τοί·-

61 766 153 792 των
184 746 312 802 Θεός.
370 740 440 805 ἆρ’
485 765 565 792 ουν
594 743 675 790 οὐκ
720 744 811 791 ἔδει
851 744 931 789 τὸν
972 748 1157 802 βασιλέα
1199 746 1291 794 ὑπὸ
1336 748 1565 795 τοσούτων

62 821 211 862 κακῶν
237 814 638 874 ἐπιβουλευόμενον
665 813 756 895 υπὸ
796 815 969 871 μιρίων
1001 811 1216 872 ομμὰτων
1244 824 1563 877 φρουρεῖσθαι,

62 889 154 929 τῶν
182 885 264 943 μὲν
292 882 647 941 ἔπιτοξαζόντων
670 878 808 966 αὐτῷ,
836 884 927 927 τῶν
956 884 1005 927 δὲ
1034 882 1088 928 τὸ
1119 885 1252 945 ξίφος
1278 885 1607 946 παραθηγόν-0

0 961 52 997 10
62 971 166 1007 των,
200 956 292 998 τῶν
318 949 360 998 δ’
391 947 627 1013 αφιὲντων,
660 949 834 996 ὁπόταν
863 969 943 996 ουκ
964 952 1064 1010 ἐνῆν
1092 970 1135 998 τι
1165 955 1337 1010 δρᾶσαι,
1359 956 1568 1012 λοίδορον

65 1024 265 1080 γλῶτταν
292 1022 367 1067 καὶ
384 1020 439 1067 τι)
467 1023 617 1075 κακῶς
636 1019 806 1074 elusim·
834 1021 932 1064 τίνα
959 1021 1110 1066 τοίνυν
1140 1020 1234 1067 ἔδει
1264 1028 1473 1081 παρεῖναι
1503 1027 1568 1083 τῷ

0 1130 2 1132 ,
65 1091 243 1147 βασιλεῖ
272 1087 504 1147 σύμμαχον
531 1086 656 1145 παρὰ
679 1087 759 1148 τὴν
786 1106 841 1134 σι
842 1106 1020 1149 μφιτον
1050 1088 1331 1147 σύμβουλονς
1358 1092 1429 1146 τίς
1455 1094 1568 1150 μᾶλ-

64 1160 144 1203 λον
170 1159 338 1217 ἐκείνης
368 1158 509 1203 πλέον
538 1158 843 1202 ἐπεσκέπτετο
884 1175 966 1214 μεν
999 1155 1079 1203 τὸν
1109 1154 1427 1218 αὐτοκράτορα,
1456 1158 1569 1205 ὖπε-

64 1228 259 1283 βλέπετο
287 1227 339 1271 δὲ
356 1224 467 1279 τούς
486 1224 870 1282 ἐπιβουλεύοντας,
892 1227 1001 1284 [τίς]
1019 1224 1148 1283 ὀξεῖα
1160 1229 1242 1285 μὲν
1263 1227 1316 1274 τὸ
1337 1229 1568 1289 συμφέρον

2 1303 52 1340 15
66 1296 219 1354 ἐκείνῳ
242 1293 368 1348 ἰδεῖν,
391 1295 575 1350 ὀξυτέρα
593 1295 642 1338 δὲ
661 1293 714 1338 τὸ
736 1294 861 1350 παρὰ
882 1297 974 1339 τῶν
1000 1296 1179 1353 ἐχθρῶν
1198 1295 1568 1355 σκευωρούμενον

64 1366 284 1418 madelm-
312 1361 390 1409 διὰ
417 1366 556 1407 ταῦτα
583 1364 657 1408 καὶ
689 1361 835 1408 πάντα
865 1364 911 1408 ἐν
943 1367 1081 1409 πᾶσιν
1096 1357 1148 1425 ἦν
1165 1365 1192 1425 ἡ
1220 1366 1302 1425 ἐμὴ
1330 1364 1473 1427 μήτηρ
1502 1369 1613 1425 τῶι)

64 1430 265 1492 δεσπότῃ
279 1450 367 1490 μου
383 1433 456 1476 καὶ
475 1432 626 1489 πατρί,
649 1434 722 1476 καὶ
743 1430 912 1490 νύκτωρ
933 1427 1158 1491 ἄγρυπνον
1177 1429 1301 1492 ὅμμα
1314 1437 1389 1479 καὶ
1404 1433 1569 1494 ημέρας

66 1501 451 1561 περιφανέστατος
486 1518 549 1560 (pv
551 1499 715 1562 λακτὴρ
753 1503 827 1546 καὶ
862 1503 1084 1561 τραπέζης
1126 1507 1300 1560 καιροῖς
1336 1505 1568 1557 ἀντίδοτος

63 1565 214 1630 ἀγαθὴ
242 1571 316 1614 καὶ
346 1571 428 1628 τῆς
456 1565 550 1614 ἀπὸ
580 1573 765 1630 τροφῶν
792 1567 965 1624 ἀδικίας
1004 1569 1355 1631 φυγαδευτήριον
1387 1571 1568 1632 φάρμα-

0 1650 157 1687 aanor.
215 1641 354 1682 ταῦτα
379 1639 529 1683 τοίνυν
557 1638 613 1683 τὰ
641 1637 762 1684 αἶ’τια
789 1639 872 1698 τήν
902 1637 1141 1700 σύμφυτον
1170 1639 1283 1686 αἰδῶ
1311 1643 1392 1702 τῆς
1418 1659 1565 1700 γυναι·
1578 1653 1621 1688 P.
1646 1653 1717 1688 353

64 1707 144 1760 κὸς
162 1707 330 1766 ἐκείνης
347 1709 718 1767 παρηγκωνίζετο,
754 1710 828 1755 καὶ
860 1707 1046 1767 ἐθάρρει
1061 1709 1167 1763 τους
1184 1704 1372 1767 ι’ίρρενας
1388 1707 1569 1770 ὀφθαλ-

201 1813 234 1846 3.
261 1809 311 1850 ὠς
336 1823 409 1847 om.
434 1811 474 1847 C.
659 1812 693 1848 5.
718 1810 741 1856 ἡ
767 1812 911 1859 ἑσπέρα
936 1813 978 1858 F,
1001 1811 1023 1857 ἡ
1048 1824 1123 1849 οιιι.
1150 1813 1192 1849 P.
1368 1815 1422 1849 13.
1450 1814 1566 1850 ἔπεσ-

199 1862 355 1895 κέπῐεῐο
380 1860 425 1906 F,
449 1859 703 1896 ὑπεσκέπτετο
729 1861 769 1897 Ρ.
933 1863 989 1896 14.
1015 1864 1070 1900 τίς
1094 1861 1145 1919 Ρ,
1163 1862 1308 1898 seclusi.
1510 1865 1565 1898 15.

199 1904 371 1954 ὀξύτερον
394 1909 434 1944 C.
608 1910 664 1945 18.
691 1907 881 1949 ἀντίδοτος
904 1906 1032 1956 ἀγαθή
1054 1910 1100 1956 F,
1124 1907 1321 1947 ἀντίδοτον
1344 1908 1497 1958 ἀγαθὸν
1520 1911 1561 1946 Ρ.

205 1958 262 1993 19.
287 1961 408 2004 θεραπ
414 1953 582 2005 ευτήριον
606 1957 644 1993 C.

66 2053 289 2101 gravissima
312 2054 466 2101 reginae
492 2054 567 2090 fuit
589 2054 831 2102 imperatoris
854 2055 1063 2091 comitandi
1098 2067 1210 2092 causa
1236 2058 1297 2092 tot
1332 2056 1568 2101 insidiarum,

66 2114 162 2150 quae
198 2103 435 2149 parabantur
463 2104 615 2150 ubique,
653 2104 874 2151 periculum,
899 2103 939 2139 id
967 2104 1070 2150 quod
1096 2104 1326 2152 singularem
1348 2106 1569 2151 requirebat

67 2163 197 2188 curam
214 2152 447 2198 tutelamque
473 2164 561 2188 vere
582 2153 849 2188 cautissimam.
900 2154 1042 2188 etenim
1066 2156 1106 2189 et
1141 2165 1217 2189 nox
1243 2154 1279 2189 ei
1303 2154 1461 2190 insidias
1486 2157 1567 2190 ten-

14 2230 30 2244 ,
66 2200 182 2236 debat
198 2204 237 2236 et
252 2201 441 2246 meridies,
459 2213 666 2247 vesperque
685 2213 824 2237 novum
842 2212 990 2247 semper
1004 2202 1165 2237 exitium
1178 2202 1423 2248 moliebatur3
1449 2206 1569 2238 matu-

7 2284 10 2286 .
66 2250 193 2284 tinum
226 2249 389 2296 denique
412 2253 561 2296 tempus
584 2250 854 2286 infaustissime
877 2250 1068 2296 struebat3
1094 2262 1256 2297 quorum
1281 2252 1449 2287 omnium
1461 2251 1570 2287 testis

67 2301 124 2333 est
145 2297 247 2334 deus.
298 2297 391 2344 quid
415 2310 506 2346 ergo
519 2299 538 2334 ⁴?
574 2310 699 2335 nonne
722 2311 745 2335 a
769 2302 829 2334 tot
854 2298 1008 2335 nefariis
1035 2299 1251 2335 hominibus
1271 2300 1571 2336 circumventum

0 2345 21 2393 }
66 2346 275 2392 principem
300 2348 487 2383 sexcentis
504 2347 687 2383 custodiri
704 2347 822 2383 oculis
846 2348 1058 2393 oportebat,
1079 2360 1163 2384 cum
1183 2348 1248 2384 alii
1262 2360 1348 2383 eum
1361 2360 1452 2384 arcu

16 2399 26 2428 L
68 2397 168 2438 rent,
184 2394 251 2430 alii
274 2395 444 2452 gladium
470 2399 603 2432 contra
625 2408 711 2432 eum
728 2400 916 2441 acuerent,
939 2396 1005 2432 alii
1030 2396 1106 2432 tale
1121 2396 1214 2443 quid
1236 2397 1363 2432 moliri
1383 2396 1570 2444 prohibiti

16 2472 18 2474 -
66 2444 270 2480 verborum
301 2444 461 2480 iniurias
490 2445 770 2492 calumniasque
794 2445 992 2480 iacerent?
1048 2457 1250 2501 quemnam
1274 2448 1357 2481 tum
1395 2446 1480 2492 regi
1503 2445 1567 2481 ad-

14 2532 16 2534 ,
67 2503 146 2528 esse
178 2493 353 2538 oportuit
388 2496 540 2539 praeter
563 2506 719 2529 uxorem
757 2497 895 2529 natura
919 2493 967 2529 ad
1001 2495 1075 2540 ipsi
1112 2494 1371 2530 auxiliandum
1406 2493 1569 2531 destina·

67 2543 147 2576 tam
160 2540 180 2576 ⁸?
234 2541 321 2587 quis
350 2542 434 2588 ipsa
464 2543 598 2578 melius
628 2542 847 2579 consulebat
879 2543 1102 2588 imperatori
1136 2544 1291 2588 eiusque
1328 2542 1569 2579 insidiatores

13 2600 35 2639 132:
68 2589 357 2635 suspicabatur?
388 2601 501 2637 sagax
515 2592 657 2637 quippe
682 2591 758 2626 fuit
783 2590 831 2626 ad
856 2602 900 2625 ea
926 2602 1022 2637 quae
1046 2591 1158 2627 utilia
1186 2594 1295 2626 erant
1323 2591 1569 2638 providenda,

16 2643 44 2680 ⁹»,
70 2638 328 2695 ngaciorsd
366 2640 658 2684 perscrutandos
697 2640 937 2675 inimicorum
974 2640 1132 2675 animos.
1194 2640 1324 2686 itaque
1350 2643 1434 2676 erat
1458 2640 1569 2676 unica

16 2678 47 2733 ἒξ
69 2688 224 2722 οιιιιιίιιο
248 2687 289 2722 in
313 2688 489 2723 omnibus
513 2689 626 2724 rebus
650 2688 796 2724 domini
823 2691 861 2723 et
877 2689 1047 2734 parentis
1074 2688 1148 2723 mei
1176 2699 1260 2734 spes
1287 2689 1327 2724 in
1352 2692 1474 2725 matre
1496 2688 1568 2724 ool-

15 2738 27 2782 ᾗ
42 2741 46 2743 ⁴
69 2734 203 2780 locata,
219 2747 315 2781 quac
341 2739 457 2771 noctu
478 2737 630 2783 quidem
648 2737 752 2773 velut
780 2736 874 2782 vigil
898 2736 1038 2781 oculus,
1062 2736 1126 2772 die
1147 2740 1274 2772 custos
1303 2736 1570 2794 illustrissima,

13 2799 30 2814 :‹-
44 2798 56 2813 τ
70 2782 172 2819 inter
187 2795 299 2819 cenae
325 2785 494 2830 pericula
518 2786 733 2821 antidotum
766 2787 954 2831 optimum
987 2788 1026 2820 et
1051 2788 1185 2821 contra
1209 2785 1382 2821 ciborum
1410 2786 1569 2821 iniurias

14 2831 22 2878 'J
47 2833 53 2843 ²
70 2831 235 2867 salutare
257 2833 466 2868 remedium
491 2834 577 2871 fuit.
628 2834 700 2870 hae
723 2835 845 2880 igitur
868 2845 1001 2869 causae
1039 2834 1207 2869 innatam
1244 2837 1441 2870 matronae
1467 2834 1570 2870 illius

15 2882 57 2929 J}
70 2880 334 2917 verecundiam
358 2883 644 2918 summovebant
667 2894 823 2928 eamque
841 2882 889 2917 de
904 2882 1073 2918 virorum
1097 2882 1216 2918 oculis
1241 2883 1342 2919 haud
1369 2883 1570 2919 sollicitam
