<?xml version="1.0" encoding="UTF-8"?>
<!DOCTYPE html PUBLIC "-//W3C//DTD XHTML 1.0 Transitional//EN"
    "http://www.w3.org/TR/xhtml1/DTD/xhtml1-transitional.dtd">
<html xmlns="http://www.w3.org/1999/xhtml" xml:lang="en" lang="en">
 <head>
  <title>
</title>
<meta http-equiv="Content-Type" content="text/html;charset=utf-8" />
  <meta name='ocr-system' content='tesseract 3.04.00' />
  <meta name='ocr-capabilities' content='ocr_page ocr_carea ocr_par ocr_line ocrx_word'/>
</head>
<body>
  <div class='ocr_page' id='page_1' title='image "./corpusscriptorum03niebuoft_0598.png"; bbox 0 0 1806 3132; ppageno 0'>
   <div class='ocr_carea' id='block_1_1' title="bbox 299 213 1263 262">
    <p class='ocr_par' dir='ltr' id='par_1_1' title="bbox 299 213 1263 262">
     <span class='ocr_line' id='line_1_1' title="bbox 299 213 1263 262; baseline -0.005 0"><span class='ocrx_word' id='word_1_1' title='bbox 299 213 382 262; x_wconf 80' lang='lat'><strong>580</strong></span> <span class='ocrx_word' id='word_1_2' title='bbox 821 221 1000 260; x_wconf 65' lang='lat' dir='ltr'><strong>omem</strong></span> <span class='ocrx_word' id='word_1_3' title='bbox 1024 220 1263 259; x_wconf 68' lang='lat' dir='ltr'><strong>unomen</strong></span> 
     </span>
    </p>
   </div>
   <div class='ocr_carea' id='block_1_2' title="bbox 66 333 1792 2150">
    <p class='ocr_par' dir='ltr' id='par_1_2' title="bbox 297 333 1781 620">
     <span class='ocr_line' id='line_1_2' title="bbox 298 333 1777 398; baseline -0.005 -12"><span class='ocrx_word' id='word_1_4' title='bbox 298 355 394 398; x_wconf 85' lang='lat' dir='ltr'><strong>pag.</strong></span> <span class='ocrx_word' id='word_1_5' title='bbox 416 341 481 386; x_wconf 89' lang='lat'><strong>11.</strong></span> <span class='ocrx_word' id='word_1_6' title='bbox 524 341 662 384; x_wconf 89' lang='lat' dir='ltr'><strong>Autor</strong></span> <span class='ocrx_word' id='word_1_7' title='bbox 705 341 767 384; x_wconf 89' lang='lat' dir='ltr'><strong>est</strong></span> <span class='ocrx_word' id='word_1_8' title='bbox 808 340 949 384; x_wconf 90' lang='lat' dir='ltr'><strong>autem</strong></span> <span class='ocrx_word' id='word_1_9' title='bbox 994 339 1241 382; x_wconf 89' lang='lat' dir='ltr'><strong>Lambertus</strong></span> <span class='ocrx_word' id='word_1_10' title='bbox 1286 337 1591 393; x_wconf 80' lang='lat' dir='ltr'><strong>Schafnaburg.</strong></span> <span class='ocrx_word' id='word_1_11' title='bbox 1637 333 1691 380; x_wconf 86' lang='lat' dir='ltr'><strong>ad</strong></span> <span class='ocrx_word' id='word_1_12' title='bbox 1725 335 1777 379; x_wconf 92' lang='lat' dir='ltr'><strong>A.</strong></span> 
     </span>
     <span class='ocr_line' id='line_1_3' title="bbox 298 393 1781 451; baseline -0.005 -9"><span class='ocrx_word' id='word_1_13' title='bbox 298 408 469 442; x_wconf 84' lang='lat' dir='ltr'><strong>MLXXI.</strong></span> <span class='ocrx_word' id='word_1_14' title='bbox 498 398 765 445; x_wconf 86' lang='lat' dir='ltr'><strong>Normannos</strong></span> <span class='ocrx_word' id='word_1_15' title='bbox 794 396 1122 451; x_wconf 90' lang='lat' dir='ltr'><strong>Imperatoribus</strong></span> <span class='ocrx_word' id='word_1_16' title='bbox 1155 393 1631 449; x_wconf 88' lang='lat' dir='ltr'><strong>Constantinopolitanis</strong></span> <span class='ocrx_word' id='word_1_17' title='bbox 1667 393 1781 436; x_wconf 91' lang='lat' dir='ltr'><strong>mili-</strong></span> 
     </span>
     <span class='ocr_line' id='line_1_4' title="bbox 297 450 1781 506; baseline -0.005 -7"><span class='ocrx_word' id='word_1_18' title='bbox 297 456 409 499; x_wconf 92' lang='lat' dir='ltr'><strong>tasse</strong></span> <span class='ocrx_word' id='word_1_19' title='bbox 438 455 536 498; x_wconf 90' lang='lat' dir='ltr'><strong>ante</strong></span> <span class='ocrx_word' id='word_1_20' title='bbox 564 455 793 498; x_wconf 81' lang='lat' dir='ltr'><strong>extinctum</strong></span> <span class='ocrx_word' id='word_1_21' title='bbox 824 454 1068 505; x_wconf 86' lang='lat' dir='ltr'><strong>Robertum,</strong></span> <span class='ocrx_word' id='word_1_22' title='bbox 1111 452 1205 506; x_wconf 88' lang='lat' dir='ltr'><strong>post</strong></span> <span class='ocrx_word' id='word_1_23' title='bbox 1249 451 1366 494; x_wconf 86' lang='lat' dir='ltr'><strong>cuius</strong></span> <span class='ocrx_word' id='word_1_24' title='bbox 1411 450 1590 494; x_wconf 89' lang='lat' dir='ltr'><strong>mortem</strong></span> <span class='ocrx_word' id='word_1_25' title='bbox 1616 450 1781 492; x_wconf 90' lang='lat' dir='ltr'><strong>constat</strong></span> 
     </span>
     <span class='ocr_line' id='line_1_5' title="bbox 299 506 1781 564; baseline -0.005 -9"><span class='ocrx_word' id='word_1_26' title='bbox 299 525 346 555; x_wconf 83' lang='lat' dir='ltr'><strong>ex</strong></span> <span class='ocrx_word' id='word_1_27' title='bbox 372 511 568 555; x_wconf 89' lang='lat' dir='ltr'><strong>Orderico</strong></span> <span class='ocrx_word' id='word_1_28' title='bbox 588 511 724 554; x_wconf 90' lang='lat' dir='ltr'><strong>Vitali</strong></span> <span class='ocrx_word' id='word_1_29' title='bbox 746 511 819 554; x_wconf 92' lang='lat' dir='ltr'><strong>lib.</strong></span> <span class='ocrx_word' id='word_1_30' title='bbox 838 511 876 553; x_wconf 89' lang='lat'><strong>7.</strong></span> <span class='ocrx_word' id='word_1_31' title='bbox 905 510 1042 564; x_wconf 88' lang='lat' dir='ltr'><strong>plures</strong></span> <span class='ocrx_word' id='word_1_32' title='bbox 1080 521 1127 552; x_wconf 88' lang='lat' dir='ltr'><strong>ex</strong></span> <span class='ocrx_word' id='word_1_33' title='bbox 1156 508 1243 551; x_wconf 89' lang='lat' dir='ltr'><strong>eius</strong></span> <span class='ocrx_word' id='word_1_34' title='bbox 1272 507 1477 551; x_wconf 87' lang='lat' dir='ltr'><strong>comitatu</strong></span> <span class='ocrx_word' id='word_1_35' title='bbox 1495 506 1540 549; x_wconf 90' lang='lat' dir='ltr'><strong>in</strong></span> <span class='ocrx_word' id='word_1_36' title='bbox 1561 506 1781 550; x_wconf 78' lang='lat' dir='ltr'>Graeciam</span> 
     </span>
     <span class='ocr_line' id='line_1_6' title="bbox 297 564 1363 620; baseline -0.005 -9"><span class='ocrx_word' id='word_1_37' title='bbox 297 568 526 620; x_wconf 74' lang='lat' dir='ltr'>transiisse,</span> <span class='ocrx_word' id='word_1_38' title='bbox 556 568 598 611; x_wconf 89' lang='lat' dir='ltr'><strong>et</strong></span> <span class='ocrx_word' id='word_1_39' title='bbox 627 568 703 610; x_wconf 93' lang='lat' dir='ltr'><strong>sub</strong></span> <span class='ocrx_word' id='word_1_40' title='bbox 733 567 870 610; x_wconf 87' lang='lat' dir='ltr'><strong>Alexii</strong></span> <span class='ocrx_word' id='word_1_41' title='bbox 902 565 1120 620; x_wconf 88' lang='lat' dir='ltr'><strong>stipendiis</strong></span> <span class='ocrx_word' id='word_1_42' title='bbox 1151 564 1363 607; x_wconf 84' lang='lat' dir='ltr'><strong>meruisse.</strong></span> 
     </span>
    </p>

    <p class='ocr_par' dir='ltr' id='par_1_3' title="bbox 253 618 1782 849">
     <span class='ocr_line' id='line_1_7' title="bbox 253 618 1781 678; baseline -0.005 -9"><span class='ocrx_word' id='word_1_43' title='bbox 253 636 286 671; x_wconf 95' lang='lat' dir='ltr'>D</span> <span class='ocrx_word' id='word_1_44' title='bbox 440 625 538 666; x_wconf 84' lang='grc' dir='ltr'><strong>Τῶν</strong></span> <span class='ocrx_word' id='word_1_45' title='bbox 566 623 803 678; x_wconf 81' lang='grc' dir='ltr'><em>βασιλικῶν</em></span> <span class='ocrx_word' id='word_1_46' title='bbox 833 618 1046 678; x_wconf 73' lang='grc' dir='ltr'>ἱεράκων]</span> <span class='ocrx_word' id='word_1_47' title='bbox 1077 621 1178 664; x_wconf 78' lang='lat' dir='ltr'><strong>Fuit</strong></span> <span class='ocrx_word' id='word_1_48' title='bbox 1207 621 1308 664; x_wconf 79' lang='lat' dir='ltr'><strong>olim</strong></span> <span class='ocrx_word' id='word_1_49' title='bbox 1339 620 1384 663; x_wconf 89' lang='lat' dir='ltr'><strong>in</strong></span> <span class='ocrx_word' id='word_1_50' title='bbox 1402 619 1515 662; x_wconf 83' lang='lat' dir='ltr'><strong>Aula</strong></span> <span class='ocrx_word' id='word_1_51' title='bbox 1537 619 1618 663; x_wconf 83' lang='lat' dir='ltr'><strong>GP.</strong></span> <span class='ocrx_word' id='word_1_52' title='bbox 1640 618 1781 674; x_wconf 86' lang='lat' dir='ltr'><strong>digni-</strong></span> 
     </span>
     <span class='ocr_line' id='line_1_8' title="bbox 298 674 1782 736; baseline -0.005 -12"><span class='ocrx_word' id='word_1_53' title='bbox 298 682 365 726; x_wconf 89' lang='lat' dir='ltr'><strong>tas</strong></span> <span class='ocrx_word' id='word_1_54' title='bbox 389 682 469 724; x_wconf 79' lang='grc' dir='ltr'><strong>τοῦ</strong></span> <span class='ocrx_word' id='word_1_55' title='bbox 485 678 916 736; x_wconf 82' lang='grc' dir='ltr'><em>Πρωτοϊερακαρίου,</em></span> <span class='ocrx_word' id='word_1_56' title='bbox 948 677 1182 722; x_wconf 86' lang='lat' dir='ltr'><strong>cuiusmodi</strong></span> <span class='ocrx_word' id='word_1_57' title='bbox 1212 678 1274 720; x_wconf 90' lang='lat' dir='ltr'><strong>est</strong></span> <span class='ocrx_word' id='word_1_58' title='bbox 1299 677 1357 720; x_wconf 92' lang='lat' dir='ltr'><strong>M.</strong></span> <span class='ocrx_word' id='word_1_59' title='bbox 1389 675 1627 719; x_wconf 88' lang='lat' dir='ltr'><strong>Falconarii</strong></span> <span class='ocrx_word' id='word_1_60' title='bbox 1671 674 1782 730; x_wconf 89' lang='lat' dir='ltr'><strong>apud</strong></span> 
     </span>
     <span class='ocr_line' id='line_1_9' title="bbox 297 731 1782 793; baseline -0.005 -12"><span class='ocrx_word' id='word_1_61' title='bbox 297 751 385 782; x_wconf 91' lang='lat' dir='ltr'><strong>nos.</strong></span> <span class='ocrx_word' id='word_1_62' title='bbox 428 738 586 781; x_wconf 89' lang='lat' dir='ltr'><strong>Verum</strong></span> <span class='ocrx_word' id='word_1_63' title='bbox 616 738 685 780; x_wconf 84' lang='lat' dir='ltr'><strong>hio</strong></span> <span class='ocrx_word' id='word_1_64' title='bbox 714 737 856 793; x_wconf 87' lang='lat' dir='ltr'><strong>agitur</strong></span> <span class='ocrx_word' id='word_1_65' title='bbox 885 736 935 779; x_wconf 89' lang='lat' dir='ltr'><strong>de</strong></span> <span class='ocrx_word' id='word_1_66' title='bbox 973 748 1019 779; x_wconf 89' lang='lat' dir='ltr'><strong>eo</strong></span> <span class='ocrx_word' id='word_1_67' title='bbox 1048 747 1170 790; x_wconf 89' lang='lat' dir='ltr'><strong>penes</strong></span> <span class='ocrx_word' id='word_1_68' title='bbox 1201 747 1324 789; x_wconf 87' lang='lat' dir='ltr'><strong>quem</strong></span> <span class='ocrx_word' id='word_1_69' title='bbox 1355 745 1454 776; x_wconf 90' lang='lat' dir='ltr'><strong>cura</strong></span> <span class='ocrx_word' id='word_1_70' title='bbox 1492 733 1583 776; x_wconf 88' lang='lat' dir='ltr'><strong>erat</strong></span> <span class='ocrx_word' id='word_1_71' title='bbox 1612 731 1782 775; x_wconf 90' lang='lat' dir='ltr'><strong>alendo-</strong></span> 
     </span>
     <span class='ocr_line' id='line_1_10' title="bbox 297 794 685 849; baseline -0.003 -12"><span class='ocrx_word' id='word_1_72' title='bbox 297 808 392 837; x_wconf 88' lang='lat' dir='ltr'><strong>rum</strong></span> <span class='ocrx_word' id='word_1_73' title='bbox 424 794 685 849; x_wconf 88' lang='lat' dir='ltr'><strong>accipitrum.</strong></span> 
     </span>
    </p>

    <p class='ocr_par' dir='ltr' id='par_1_4' title="bbox 66 844 1786 2039">
     <span class='ocr_line' id='line_1_11' title="bbox 66 844 1782 907; baseline -0.005 -12"><span class='ocrx_word' id='word_1_74' title='bbox 66 858 285 904; x_wconf 83' lang='lat' dir='ltr'><strong>Pag.2l2.D</strong></span> <span class='ocrx_word' id='word_1_75' title='bbox 437 850 703 907; x_wconf 83' lang='grc' dir='ltr'><strong><em>Τεταρταίου</em></strong></span> <span class='ocrx_word' id='word_1_76' title='bbox 736 846 900 906; x_wconf 79' lang='grc' dir='ltr'>ῥίγους]</span> <span class='ocrx_word' id='word_1_77' title='bbox 945 847 1070 903; x_wconf 88' lang='lat' dir='ltr'><strong>Apud</strong></span> <span class='ocrx_word' id='word_1_78' title='bbox 1097 847 1280 890; x_wconf 88' lang='lat' dir='ltr'><strong>Medicos</strong></span> <span class='ocrx_word' id='word_1_79' title='bbox 1312 844 1496 905; x_wconf 77' lang='grc' dir='ltr'><strong><em>ἐπιβολὴ</em></strong></span> <span class='ocrx_word' id='word_1_80' title='bbox 1528 844 1675 902; x_wconf 85' lang='grc' dir='ltr'><strong><em>ῥίγους</em></strong></span> <span class='ocrx_word' id='word_1_81' title='bbox 1719 845 1782 888; x_wconf 84' lang='lat' dir='ltr'><strong>est</strong></span> 
     </span>
     <span class='ocr_line' id='line_1_12' title="bbox 296 899 1780 963; baseline -0.005 -12"><span class='ocrx_word' id='word_1_82' title='bbox 296 908 466 963; x_wconf 85' lang='lat' dir='ltr'><strong>frigoris</strong></span> <span class='ocrx_word' id='word_1_83' title='bbox 495 908 540 950; x_wconf 90' lang='lat' dir='ltr'><strong>in</strong></span> <span class='ocrx_word' id='word_1_84' title='bbox 569 908 681 950; x_wconf 80' lang='lat' dir='ltr'><strong>febre</strong></span> <span class='ocrx_word' id='word_1_85' title='bbox 727 907 928 956; x_wconf 80' lang='lat' dir='ltr'><strong>accessi03</strong></span> <span class='ocrx_word' id='word_1_86' title='bbox 970 903 1064 962; x_wconf 83' lang='grc' dir='ltr'><strong>ρίγη</strong></span> <span class='ocrx_word' id='word_1_87' title='bbox 1109 899 1354 958; x_wconf 80' lang='grc' dir='ltr'><em>περιοδικά,</em></span> <span class='ocrx_word' id='word_1_88' title='bbox 1400 903 1560 959; x_wconf 87' lang='lat' dir='ltr'><strong>rigores</strong></span> <span class='ocrx_word' id='word_1_89' title='bbox 1601 901 1780 945; x_wconf 90' lang='lat' dir='ltr'><strong>febrium</strong></span> 
     </span>
     <span class='ocr_line' id='line_1_13' title="bbox 296 958 1783 1016; baseline -0.004 -9"><span class='ocrx_word' id='word_1_90' title='bbox 296 964 475 1007; x_wconf 87' lang='lat' dir='ltr'><strong>circuitu</strong></span> <span class='ocrx_word' id='word_1_91' title='bbox 494 964 734 1007; x_wconf 88' lang='lat' dir='ltr'><strong>redeuntes:</strong></span> <span class='ocrx_word' id='word_1_92' title='bbox 756 963 954 1006; x_wconf 86' lang='lat' dir='ltr'><strong>Marcello</strong></span> <span class='ocrx_word' id='word_1_93' title='bbox 975 961 1184 1016; x_wconf 83' lang='lat' dir='ltr'><strong>Empirico</strong></span> <span class='ocrx_word' id='word_1_94' title='bbox 1206 973 1295 1015; x_wconf 89' lang='lat' dir='ltr'><strong>cap.</strong></span> <span class='ocrx_word' id='word_1_95' title='bbox 1316 961 1380 1003; x_wconf 89' lang='grc'><strong>16.</strong></span> <span class='ocrx_word' id='word_1_96' title='bbox 1400 960 1597 1003; x_wconf 74' lang='lat' dir='ltr'><strong>horrores</strong></span> <span class='ocrx_word' id='word_1_97' title='bbox 1623 958 1783 1013; x_wconf 81' lang='lat' dir='ltr'><strong>febrem</strong></span> 
     </span>
     <span class='ocr_line' id='line_1_14' title="bbox 287 1016 1780 1075; baseline -0.005 -11"><span class='ocrx_word' id='word_1_98' title='bbox 287 1021 598 1075; x_wconf 73' lang='lat' dir='ltr'><strong>praecedentes,</strong></span> <span class='ocrx_word' id='word_1_99' title='bbox 644 1034 749 1075; x_wconf 80' lang='lat' dir='ltr'><strong>quae</strong></span> <span class='ocrx_word' id='word_1_100' title='bbox 792 1020 1013 1063; x_wconf 74' lang='lat' dir='ltr'><strong>circuitum</strong></span> <span class='ocrx_word' id='word_1_101' title='bbox 1055 1018 1217 1061; x_wconf 76' lang='lat' dir='ltr'><strong>habent.</strong></span> <span class='ocrx_word' id='word_1_102' title='bbox 1291 1016 1434 1060; x_wconf 85' lang='lat' dir='ltr'><strong>Celsus</strong></span> <span class='ocrx_word' id='word_1_103' title='bbox 1472 1016 1544 1059; x_wconf 92' lang='lat' dir='ltr'><strong>lib.</strong></span> <span class='ocrx_word' id='word_1_104' title='bbox 1565 1017 1604 1059; x_wconf 86' lang='lat'><strong>3.</strong></span> <span class='ocrx_word' id='word_1_105' title='bbox 1630 1027 1718 1069; x_wconf 81' lang='lat' dir='ltr'><strong>cap.</strong></span> <span class='ocrx_word' id='word_1_106' title='bbox 1741 1016 1780 1057; x_wconf 88' lang='lat'><strong>3.</strong></span> 
     </span>
     <span class='ocr_line' id='line_1_15' title="bbox 297 1072 1782 1132; baseline -0.004 -12"><span class='ocrx_word' id='word_1_107' title='bbox 297 1078 358 1121; x_wconf 87' lang='lat' dir='ltr'><strong>ait</strong></span> <span class='ocrx_word' id='word_1_108' title='bbox 388 1078 617 1132; x_wconf 87' lang='lat' dir='ltr'><strong>quartanas</strong></span> <span class='ocrx_word' id='word_1_109' title='bbox 648 1077 780 1119; x_wconf 87' lang='lat' dir='ltr'><strong>febres</strong></span> <span class='ocrx_word' id='word_1_110' title='bbox 809 1076 989 1130; x_wconf 83' lang='lat' dir='ltr'><strong>incipere</strong></span> <span class='ocrx_word' id='word_1_111' title='bbox 1028 1087 1188 1129; x_wconf 88' lang='lat' dir='ltr'><strong>semper</strong></span> <span class='ocrx_word' id='word_1_112' title='bbox 1233 1073 1285 1117; x_wconf 87' lang='lat' dir='ltr'><strong>ab</strong></span> <span class='ocrx_word' id='word_1_113' title='bbox 1315 1074 1500 1117; x_wconf 78' lang='lat' dir='ltr'><strong>horrore.</strong></span> <span class='ocrx_word' id='word_1_114' title='bbox 1573 1072 1656 1115; x_wconf 86' lang='lat' dir='ltr'><strong>Hic</strong></span> <span class='ocrx_word' id='word_1_115' title='bbox 1685 1083 1782 1114; x_wconf 88' lang='lat' dir='ltr'><strong>vero</strong></span> 
     </span>
     <span class='ocr_line' id='line_1_16' title="bbox 298 1124 1784 1189; baseline -0.005 -13"><span class='ocrx_word' id='word_1_116' title='bbox 298 1133 524 1177; x_wconf 85' lang='lat' dir='ltr'><strong>universim</strong></span> <span class='ocrx_word' id='word_1_117' title='bbox 566 1134 686 1189; x_wconf 80' lang='grc' dir='ltr'><em>ῥῖγος</em></span> <span class='ocrx_word' id='word_1_118' title='bbox 727 1145 799 1188; x_wconf 89' lang='lat' dir='ltr'><strong>pro</strong></span> <span class='ocrx_word' id='word_1_119' title='bbox 843 1133 934 1187; x_wconf 87' lang='lat' dir='ltr'><strong>ipsa</strong></span> <span class='ocrx_word' id='word_1_120' title='bbox 978 1131 1083 1174; x_wconf 89' lang='lat' dir='ltr'><strong>febri</strong></span> <span class='ocrx_word' id='word_1_121' title='bbox 1125 1130 1320 1182; x_wconf 88' lang='lat' dir='ltr'><strong>sumitur,</strong></span> <span class='ocrx_word' id='word_1_122' title='bbox 1352 1142 1458 1185; x_wconf 90' lang='lat' dir='ltr'><strong>quae</strong></span> <span class='ocrx_word' id='word_1_123' title='bbox 1495 1124 1784 1185; x_wconf 82' lang='grc' dir='ltr'><em>ῥίγοπύρετος</em></span> 
     </span>
     <span class='ocr_line' id='line_1_17' title="bbox 296 1184 1783 1245; baseline -0.004 -12"><span class='ocrx_word' id='word_1_124' title='bbox 296 1191 452 1233; x_wconf 88' lang='lat' dir='ltr'><strong>dicitur</strong></span> <span class='ocrx_word' id='word_1_125' title='bbox 484 1190 595 1245; x_wconf 85' lang='lat' dir='ltr'><strong>apud</strong></span> <span class='ocrx_word' id='word_1_126' title='bbox 626 1188 877 1244; x_wconf 81' lang='lat' dir='ltr'><strong>Gregorium</strong></span> <span class='ocrx_word' id='word_1_127' title='bbox 908 1189 953 1230; x_wconf 91' lang='lat' dir='ltr'><strong>in</strong></span> <span class='ocrx_word' id='word_1_128' title='bbox 983 1188 1072 1231; x_wconf 87' lang='lat' dir='ltr'><strong>vita</strong></span> <span class='ocrx_word' id='word_1_129' title='bbox 1104 1187 1145 1231; x_wconf 93' lang='lat' dir='ltr'><strong>S.</strong></span> <span class='ocrx_word' id='word_1_130' title='bbox 1176 1186 1327 1230; x_wconf 87' lang='lat' dir='ltr'><strong>Basilii</strong></span> <span class='ocrx_word' id='word_1_131' title='bbox 1356 1186 1537 1230; x_wconf 89' lang='lat' dir='ltr'><strong>Iunioris</strong></span> <span class='ocrx_word' id='word_1_132' title='bbox 1570 1185 1623 1229; x_wconf 91' lang='lat' dir='ltr'><strong>N.</strong></span> <span class='ocrx_word' id='word_1_133' title='bbox 1645 1186 1682 1228; x_wconf 84' lang='lat'><strong>7.</strong></span> <span class='ocrx_word' id='word_1_134' title='bbox 1714 1184 1783 1228; x_wconf 85' lang='lat' dir='ltr'><strong>Sic</strong></span> 
     </span>
     <span class='ocr_line' id='line_1_18' title="bbox 291 1241 1784 1302; baseline -0.004 -12"><span class='ocrx_word' id='word_1_135' title='bbox 291 1247 488 1302; x_wconf 74' lang='lat' dir='ltr'><strong>friyores,</strong></span> <span class='ocrx_word' id='word_1_136' title='bbox 520 1246 631 1301; x_wconf 87' lang='lat' dir='ltr'><strong>apud</strong></span> <span class='ocrx_word' id='word_1_137' title='bbox 662 1246 834 1289; x_wconf 88' lang='lat' dir='ltr'><strong>Latinos</strong></span> <span class='ocrx_word' id='word_1_138' title='bbox 859 1245 987 1288; x_wconf 88' lang='lat' dir='ltr'><strong>medii</strong></span> <span class='ocrx_word' id='word_1_139' title='bbox 1013 1244 1120 1294; x_wconf 90' lang='lat' dir='ltr'><strong>aevi,</strong></span> <span class='ocrx_word' id='word_1_140' title='bbox 1152 1244 1350 1286; x_wconf 87' lang='lat' dir='ltr'><strong>dicuntur</strong></span> <span class='ocrx_word' id='word_1_141' title='bbox 1387 1243 1537 1297; x_wconf 79' lang='lat' dir='ltr'><strong>febres,</strong></span> <span class='ocrx_word' id='word_1_142' title='bbox 1571 1256 1677 1297; x_wconf 77' lang='lat' dir='ltr'><strong>quae</strong></span> <span class='ocrx_word' id='word_1_143' title='bbox 1712 1241 1784 1295; x_wconf 82' lang='lat' dir='ltr'><strong>fa-</strong></span> 
     </span>
     <span class='ocr_line' id='line_1_19' title="bbox 296 1298 1784 1358; baseline -0.004 -12"><span class='ocrx_word' id='word_1_144' title='bbox 296 1304 412 1347; x_wconf 74' lang='lat' dir='ltr'><strong>ciunt</strong></span> <span class='ocrx_word' id='word_1_145' title='bbox 440 1303 627 1346; x_wconf 73' lang='lat' dir='ltr'><strong>homines</strong></span> <span class='ocrx_word' id='word_1_146' title='bbox 649 1302 820 1358; x_wconf 72' lang='lat' dir='ltr'><strong>friyere‚</strong></span> <span class='ocrx_word' id='word_1_147' title='bbox 852 1302 913 1345; x_wconf 90' lang='lat' dir='ltr'><strong>ait</strong></span> <span class='ocrx_word' id='word_1_148' title='bbox 939 1301 1097 1344; x_wconf 85' lang='lat' dir='ltr'>Balbus</span> <span class='ocrx_word' id='word_1_149' title='bbox 1126 1301 1172 1343; x_wconf 91' lang='lat' dir='ltr'><strong>in</strong></span> <span class='ocrx_word' id='word_1_150' title='bbox 1188 1300 1418 1343; x_wconf 83' lang='lat' dir='ltr'><strong>Catholico.</strong></span> <span class='ocrx_word' id='word_1_151' title='bbox 1464 1299 1654 1355; x_wconf 74' lang='lat' dir='ltr'><strong>Friyora</strong></span> <span class='ocrx_word' id='word_1_152' title='bbox 1679 1298 1784 1340; x_wconf 85' lang='lat' dir='ltr'><strong>dixit</strong></span> 
     </span>
     <span class='ocr_line' id='line_1_20' title="bbox 296 1355 1782 1413; baseline -0.004 -10"><span class='ocrx_word' id='word_1_153' title='bbox 296 1360 440 1403; x_wconf 87' lang='lat' dir='ltr'><strong>eadem</strong></span> <span class='ocrx_word' id='word_1_154' title='bbox 470 1360 639 1403; x_wconf 89' lang='lat' dir='ltr'><strong>notione</strong></span> <span class='ocrx_word' id='word_1_155' title='bbox 666 1358 894 1413; x_wconf 82' lang='lat' dir='ltr'><strong>Gregorius</strong></span> <span class='ocrx_word' id='word_1_156' title='bbox 916 1359 1071 1401; x_wconf 87' lang='lat' dir='ltr'><strong>Turon.</strong></span> <span class='ocrx_word' id='word_1_157' title='bbox 1106 1357 1156 1400; x_wconf 90' lang='lat' dir='ltr'><strong>de</strong></span> <span class='ocrx_word' id='word_1_158' title='bbox 1176 1356 1291 1400; x_wconf 82' lang='lat' dir='ltr'><strong>Glor.</strong></span> <span class='ocrx_word' id='word_1_159' title='bbox 1313 1356 1496 1400; x_wconf 84' lang='lat' dir='ltr'><strong>Confess.</strong></span> <span class='ocrx_word' id='word_1_160' title='bbox 1525 1369 1613 1410; x_wconf 88' lang='lat' dir='ltr'><strong>cap.</strong></span> <span class='ocrx_word' id='word_1_161' title='bbox 1629 1355 1698 1397; x_wconf 88' lang='lat'><strong>24.</strong></span> <span class='ocrx_word' id='word_1_162' title='bbox 1716 1355 1782 1397; x_wconf 85' lang='lat'><strong>85.</strong></span> 
     </span>
     <span class='ocr_line' id='line_1_21' title="bbox 295 1411 1785 1472; baseline -0.004 -13"><span class='ocrx_word' id='word_1_163' title='bbox 295 1416 461 1472; x_wconf 66' lang='lat' dir='ltr'><strong>Frigus</strong></span> <span class='ocrx_word' id='word_1_164' title='bbox 500 1416 695 1470; x_wconf 66' lang='lat' dir='ltr'><strong>febrium,</strong></span> <span class='ocrx_word' id='word_1_165' title='bbox 742 1416 814 1459; x_wconf 92' lang='lat' dir='ltr'><strong>lib.</strong></span> <span class='ocrx_word' id='word_1_166' title='bbox 842 1415 881 1458; x_wconf 88' lang='lat'><strong>4.</strong></span> <span class='ocrx_word' id='word_1_167' title='bbox 928 1415 977 1457; x_wconf 91' lang='lat' dir='ltr'><strong>de</strong></span> <span class='ocrx_word' id='word_1_168' title='bbox 1022 1414 1168 1457; x_wconf 87' lang='lat' dir='ltr'><strong>Mirac.</strong></span> <span class='ocrx_word' id='word_1_169' title='bbox 1200 1413 1241 1457; x_wconf 87' lang='lat' dir='ltr'><strong>S.</strong></span> <span class='ocrx_word' id='word_1_170' title='bbox 1272 1414 1401 1456; x_wconf 88' lang='lat' dir='ltr'><strong>Mart.</strong></span> <span class='ocrx_word' id='word_1_171' title='bbox 1445 1426 1534 1468; x_wconf 87' lang='lat' dir='ltr'><strong>cap.</strong></span> <span class='ocrx_word' id='word_1_172' title='bbox 1562 1414 1629 1455; x_wconf 90' lang='lat'><strong>21.</strong></span> <span class='ocrx_word' id='word_1_173' title='bbox 1673 1411 1785 1454; x_wconf 88' lang='lat' dir='ltr'><strong>Hinc</strong></span> 
     </span>
     <span class='ocr_line' id='line_1_22' title="bbox 295 1467 1786 1528; baseline -0.003 -12"><span class='ocrx_word' id='word_1_174' title='bbox 295 1473 587 1528; x_wconf 75' lang='lat' dir='ltr'><strong>Friyoreticus</strong></span> <span class='ocrx_word' id='word_1_175' title='bbox 614 1472 784 1515; x_wconf 79' lang='lat' dir='ltr'><strong>morbus</strong></span> <span class='ocrx_word' id='word_1_176' title='bbox 816 1472 926 1527; x_wconf 88' lang='lat' dir='ltr'><strong>apud</strong></span> <span class='ocrx_word' id='word_1_177' title='bbox 948 1470 1246 1526; x_wconf 90' lang='lat' dir='ltr'><strong>Hepidannum</strong></span> <span class='ocrx_word' id='word_1_178' title='bbox 1278 1470 1322 1512; x_wconf 90' lang='lat' dir='ltr'><strong>in</strong></span> <span class='ocrx_word' id='word_1_179' title='bbox 1353 1470 1444 1513; x_wconf 88' lang='lat' dir='ltr'><strong>vita</strong></span> <span class='ocrx_word' id='word_1_180' title='bbox 1465 1469 1506 1513; x_wconf 89' lang='lat' dir='ltr'><strong>S.</strong></span> <span class='ocrx_word' id='word_1_181' title='bbox 1529 1467 1786 1513; x_wconf 87' lang='lat' dir='ltr'><strong>Wiboradae</strong></span> 
     </span>
     <span class='ocr_line' id='line_1_23' title="bbox 294 1525 1786 1584; baseline -0.003 -12"><span class='ocrx_word' id='word_1_182' title='bbox 294 1530 367 1572; x_wconf 91' lang='lat' dir='ltr'><strong>lib.</strong></span> <span class='ocrx_word' id='word_1_183' title='bbox 392 1531 429 1572; x_wconf 91' lang='lat'><strong>1.</strong></span> <span class='ocrx_word' id='word_1_184' title='bbox 462 1543 550 1584; x_wconf 88' lang='lat' dir='ltr'><strong>cap.</strong></span> <span class='ocrx_word' id='word_1_185' title='bbox 572 1531 639 1572; x_wconf 84' lang='lat'><strong>27.</strong></span> <span class='ocrx_word' id='word_1_186' title='bbox 674 1541 746 1584; x_wconf 92' lang='lat' dir='ltr'><strong>pro</strong></span> <span class='ocrx_word' id='word_1_187' title='bbox 776 1529 866 1583; x_wconf 91' lang='lat' dir='ltr'><strong>ipsa</strong></span> <span class='ocrx_word' id='word_1_188' title='bbox 896 1528 1024 1571; x_wconf 88' lang='lat' dir='ltr'><strong>febri:</strong></span> <span class='ocrx_word' id='word_1_189' title='bbox 1064 1528 1105 1570; x_wconf 90' lang='lat' dir='ltr'><strong>et</strong></span> <span class='ocrx_word' id='word_1_190' title='bbox 1134 1526 1394 1583; x_wconf 76' lang='lat' dir='ltr'><strong>Friyoretici</strong></span> <span class='ocrx_word' id='word_1_191' title='bbox 1440 1539 1513 1582; x_wconf 90' lang='lat' dir='ltr'><strong>pro</strong></span> <span class='ocrx_word' id='word_1_192' title='bbox 1543 1525 1786 1569; x_wconf 84' lang='lat' dir='ltr'><strong>febricitan-</strong></span> 
     </span>
     <span class='ocr_line' id='line_1_24' title="bbox 295 1581 1782 1641; baseline -0.004 -13"><span class='ocrx_word' id='word_1_193' title='bbox 295 1587 409 1629; x_wconf 87' lang='lat' dir='ltr'><strong>tibus</strong></span> <span class='ocrx_word' id='word_1_194' title='bbox 467 1586 578 1641; x_wconf 88' lang='lat' dir='ltr'><strong>apud</strong></span> <span class='ocrx_word' id='word_1_195' title='bbox 622 1585 903 1629; x_wconf 86' lang='lat' dir='ltr'><strong>Flodoardum</strong></span> <span class='ocrx_word' id='word_1_196' title='bbox 948 1585 1021 1627; x_wconf 91' lang='lat' dir='ltr'><strong>lib.</strong></span> <span class='ocrx_word' id='word_1_197' title='bbox 1051 1585 1090 1626; x_wconf 90' lang='lat'><strong>2.</strong></span> <span class='ocrx_word' id='word_1_198' title='bbox 1135 1584 1248 1626; x_wconf 91' lang='lat' dir='ltr'><strong>Hist.</strong></span> <span class='ocrx_word' id='word_1_199' title='bbox 1288 1584 1405 1627; x_wconf 89' lang='lat' dir='ltr'><strong>Rem.</strong></span> <span class='ocrx_word' id='word_1_200' title='bbox 1437 1596 1530 1638; x_wconf 87' lang='lat' dir='ltr'><strong>cap.</strong></span> <span class='ocrx_word' id='word_1_201' title='bbox 1552 1582 1617 1625; x_wconf 89' lang='grc'><strong>14.</strong></span> <span class='ocrx_word' id='word_1_202' title='bbox 1649 1581 1721 1624; x_wconf 90' lang='lat' dir='ltr'><strong>lib.</strong></span> <span class='ocrx_word' id='word_1_203' title='bbox 1742 1581 1782 1622; x_wconf 90' lang='lat'><strong>4.</strong></span> 
     </span>
     <span class='ocr_line' id='line_1_25' title="bbox 297 1638 1782 1698; baseline -0.005 -12"><span class='ocrx_word' id='word_1_204' title='bbox 297 1655 385 1698; x_wconf 87' lang='lat' dir='ltr'><strong>cap.</strong></span> <span class='ocrx_word' id='word_1_205' title='bbox 401 1643 469 1686; x_wconf 91' lang='lat'><strong>44.</strong></span> <span class='ocrx_word' id='word_1_206' title='bbox 485 1642 731 1686; x_wconf 88' lang='lat' dir='ltr'><strong>Baldricum</strong></span> <span class='ocrx_word' id='word_1_207' title='bbox 757 1642 802 1684; x_wconf 92' lang='lat' dir='ltr'><strong>in</strong></span> <span class='ocrx_word' id='word_1_208' title='bbox 820 1641 969 1685; x_wconf 84' lang='lat' dir='ltr'><strong>Chron.</strong></span> <span class='ocrx_word' id='word_1_209' title='bbox 995 1640 1206 1684; x_wconf 81' lang='lat' dir='ltr'><strong>Gamerae.</strong></span> <span class='ocrx_word' id='word_1_210' title='bbox 1226 1640 1416 1683; x_wconf 90' lang='lat' dir='ltr'><strong>eumdem</strong></span> <span class='ocrx_word' id='word_1_211' title='bbox 1435 1639 1609 1695; x_wconf 83' lang='lat' dir='ltr'><strong>Gregor.</strong></span> <span class='ocrx_word' id='word_1_212' title='bbox 1628 1638 1782 1680; x_wconf 86' lang='lat' dir='ltr'><strong>Turon.</strong></span> 
     </span>
     <span class='ocr_line' id='line_1_26' title="bbox 295 1695 1784 1754; baseline -0.004 -12"><span class='ocrx_word' id='word_1_213' title='bbox 295 1700 451 1754; x_wconf 87' lang='lat' dir='ltr'><strong>passim</strong></span> <span class='ocrx_word' id='word_1_214' title='bbox 497 1700 573 1742; x_wconf 82' lang='lat' dir='ltr'><strong>etc.</strong></span> <span class='ocrx_word' id='word_1_215' title='bbox 631 1699 724 1741; x_wconf 85' lang='lat' dir='ltr'><strong>Etsi</strong></span> <span class='ocrx_word' id='word_1_216' title='bbox 754 1698 901 1753; x_wconf 87' lang='lat' dir='ltr'><strong>frigus,</strong></span> <span class='ocrx_word' id='word_1_217' title='bbox 935 1711 1020 1750; x_wconf 86' lang='lat' dir='ltr'><strong>seu,</strong></span> <span class='ocrx_word' id='word_1_218' title='bbox 1051 1698 1100 1740; x_wconf 92' lang='lat' dir='ltr'><strong>ut</strong></span> <span class='ocrx_word' id='word_1_219' title='bbox 1132 1697 1234 1740; x_wconf 90' lang='lat' dir='ltr'><strong>tunc</strong></span> <span class='ocrx_word' id='word_1_220' title='bbox 1263 1697 1553 1752; x_wconf 74' lang='lat' dir='ltr'><strong>loquebantur,</strong></span> <span class='ocrx_word' id='word_1_221' title='bbox 1577 1695 1784 1750; x_wconf 74' lang='lat' dir='ltr'><strong>friyorem</strong></span> 
     </span>
     <span class='ocr_line' id='line_1_27' title="bbox 296 1751 1784 1810; baseline -0.004 -11"><span class='ocrx_word' id='word_1_222' title='bbox 296 1757 349 1799; x_wconf 88' lang='lat' dir='ltr'><strong>ab</strong></span> <span class='ocrx_word' id='word_1_223' title='bbox 378 1756 467 1810; x_wconf 90' lang='lat' dir='ltr'><strong>ipsa</strong></span> <span class='ocrx_word' id='word_1_224' title='bbox 498 1755 604 1799; x_wconf 91' lang='lat' dir='ltr'><strong>febri</strong></span> <span class='ocrx_word' id='word_1_225' title='bbox 637 1755 895 1810; x_wconf 71' lang='lat' dir='ltr'><strong>distinguere</strong></span> <span class='ocrx_word' id='word_1_226' title='bbox 924 1754 1117 1797; x_wconf 88' lang='lat' dir='ltr'><strong>videatur</strong></span> <span class='ocrx_word' id='word_1_227' title='bbox 1147 1754 1405 1796; x_wconf 85' lang='lat' dir='ltr'><strong>Fortunatus</strong></span> <span class='ocrx_word' id='word_1_228' title='bbox 1434 1751 1712 1796; x_wconf 88' lang='lat' dir='ltr'><strong>Pictaviensis</strong></span> <span class='ocrx_word' id='word_1_229' title='bbox 1740 1751 1784 1792; x_wconf 90' lang='lat' dir='ltr'><strong>in</strong></span> 
     </span>
     <span class='ocr_line' id='line_1_28' title="bbox 296 1808 1785 1866; baseline -0.004 -11"><span class='ocrx_word' id='word_1_230' title='bbox 296 1813 386 1855; x_wconf 87' lang='lat' dir='ltr'><strong>vita</strong></span> <span class='ocrx_word' id='word_1_231' title='bbox 413 1811 453 1856; x_wconf 90' lang='lat' dir='ltr'><strong>S.</strong></span> <span class='ocrx_word' id='word_1_232' title='bbox 485 1811 684 1855; x_wconf 85' lang='lat' dir='ltr'><strong>Germani</strong></span> <span class='ocrx_word' id='word_1_233' title='bbox 714 1811 849 1866; x_wconf 86' lang='lat' dir='ltr'><strong>Episc.</strong></span> <span class='ocrx_word' id='word_1_234' title='bbox 881 1811 1017 1855; x_wconf 87' lang='lat' dir='ltr'><strong>Paris.</strong></span> <span class='ocrx_word' id='word_1_235' title='bbox 1048 1823 1137 1865; x_wconf 87' lang='lat' dir='ltr'><strong>cap.</strong></span> <span class='ocrx_word' id='word_1_236' title='bbox 1159 1811 1227 1853; x_wconf 85' lang='lat'><strong>20.</strong></span> <span class='ocrx_word' id='word_1_237' title='bbox 1269 1809 1436 1854; x_wconf 80' lang='lat' dir='ltr'><strong>Waddo</strong></span> <span class='ocrx_word' id='word_1_238' title='bbox 1457 1834 1511 1840; x_wconf 88' lang='lat'><em>-</em></span> <span class='ocrx_word' id='word_1_239' title='bbox 1532 1812 1679 1864; x_wconf 72' lang='lat' dir='ltr'><strong>typum</strong></span> <span class='ocrx_word' id='word_1_240' title='bbox 1706 1808 1785 1850; x_wconf 79' lang='lat' dir='ltr'><strong>du-</strong></span> 
     </span>
     <span class='ocr_line' id='line_1_29' title="bbox 287 1864 1786 1923; baseline -0.004 -11"><span class='ocrx_word' id='word_1_241' title='bbox 287 1869 463 1923; x_wconf 74' lang='lat' dir='ltr'><strong>pliciter</strong></span> <span class='ocrx_word' id='word_1_242' title='bbox 491 1869 715 1912; x_wconf 75' lang='lat' dir='ltr'><strong>incurrens</strong></span> <span class='ocrx_word' id='word_1_243' title='bbox 743 1868 878 1921; x_wconf 77' lang='lat' dir='ltr'><strong>febris</strong></span> <span class='ocrx_word' id='word_1_244' title='bbox 906 1872 944 1910; x_wconf 77' lang='lat' dir='ltr'><strong>et</strong></span> <span class='ocrx_word' id='word_1_245' title='bbox 968 1868 1160 1923; x_wconf 72' lang='lat' dir='ltr'><strong>friyoris,</strong></span> <span class='ocrx_word' id='word_1_246' title='bbox 1200 1867 1506 1922; x_wconf 74' lang='lat' dir='ltr'><strong>expuryandus</strong></span> <span class='ocrx_word' id='word_1_247' title='bbox 1534 1865 1673 1908; x_wconf 72' lang='lat' dir='ltr'><strong>sancti</strong></span> <span class='ocrx_word' id='word_1_248' title='bbox 1701 1864 1786 1907; x_wconf 76' lang='lat' dir='ltr'><strong>viri</strong></span> 
     </span>
     <span class='ocr_line' id='line_1_30' title="bbox 286 1923 1784 1979; baseline -0.005 -10"><span class='ocrx_word' id='word_1_249' title='bbox 286 1929 591 1979; x_wconf 50' lang='lat' dir='ltr'><strong>,praesentatur</strong></span> <span class='ocrx_word' id='word_1_250' title='bbox 621 1925 839 1968; x_wconf 77' lang='lat' dir='ltr'><strong>obtutibus.</strong></span> <span class='ocrx_word' id='word_1_251' title='bbox 898 1924 989 1978; x_wconf 84' lang='lat' dir='ltr'><strong>Quo</strong></span> <span class='ocrx_word' id='word_1_252' title='bbox 1019 1925 1110 1967; x_wconf 92' lang='lat' dir='ltr'><strong>loco</strong></span> <span class='ocrx_word' id='word_1_253' title='bbox 1149 1924 1252 1967; x_wconf 89' lang='lat' dir='ltr'><strong>satis</strong></span> <span class='ocrx_word' id='word_1_254' title='bbox 1283 1924 1424 1967; x_wconf 86' lang='lat' dir='ltr'><strong>innuit</strong></span> <span class='ocrx_word' id='word_1_255' title='bbox 1461 1923 1670 1979; x_wconf 78' lang='lat' dir='ltr'><strong>friyorem</strong></span> <span class='ocrx_word' id='word_1_256' title='bbox 1698 1933 1784 1964; x_wconf 87' lang='lat' dir='ltr'><strong>esse</strong></span> 
     </span>
     <span class='ocr_line' id='line_1_31' title="bbox 296 1977 1363 2039; baseline -0.001 -14"><span class='ocrx_word' id='word_1_257' title='bbox 296 1982 465 2034; x_wconf 84' lang='lat' dir='ltr'><strong>febrem,</strong></span> <span class='ocrx_word' id='word_1_258' title='bbox 494 1995 601 2037; x_wconf 89' lang='lat' dir='ltr'><strong>quae</strong></span> <span class='ocrx_word' id='word_1_259' title='bbox 630 1994 701 2036; x_wconf 89' lang='lat' dir='ltr'><strong>per</strong></span> <span class='ocrx_word' id='word_1_260' title='bbox 730 1977 941 2039; x_wconf 79' lang='grc' dir='ltr'><strong><em>ἐπιβολὴν</em></strong></span> <span class='ocrx_word' id='word_1_261' title='bbox 971 1980 1117 2037; x_wconf 82' lang='grc' dir='ltr'><em>ῥίγους</em></span> <span class='ocrx_word' id='word_1_262' title='bbox 1145 1980 1363 2024; x_wconf 85' lang='lat' dir='ltr'><strong>excitatur.</strong></span> 
     </span>
    </p>

    <p class='ocr_par' dir='ltr' id='par_1_5' title="bbox 71 2034 1782 2139">
     <span class='ocr_line' id='line_1_32' title="bbox 71 2034 1782 2139; baseline -0.004 -58"><span class='ocrx_word' id='word_1_263' title='bbox 71 2046 341 2138; x_wconf 44' lang='lat' dir='ltr'><strong>Pag.215.CS·</strong></span> <span class='ocrx_word' id='word_1_264' title='bbox 431 2034 728 2139; x_wconf 49' lang='grc' dir='ltr'><strong>Ξνίρὲὅγὲψον]</strong></span> <span class='ocrx_word' id='word_1_265' title='bbox 756 2038 1010 2138; x_wconf 75' lang='lat' dir='ltr'><strong>3Xerogypsi</strong></span> <span class='ocrx_word' id='word_1_266' title='bbox 1052 2037 1171 2080; x_wconf 86' lang='lat' dir='ltr'><strong>fluvii</strong></span> <span class='ocrx_word' id='word_1_267' title='bbox 1213 2036 1406 2080; x_wconf 85' lang='lat' dir='ltr'><strong>meminit</strong></span> <span class='ocrx_word' id='word_1_268' title='bbox 1446 2034 1782 2090; x_wconf 83' lang='lat' dir='ltr'><strong>Theophylactus</strong></span> 
     </span>
    </p>

    <p class='ocr_par' dir='ltr' id='par_1_6' title="bbox 329 2107 1792 2150">
     <span class='ocr_line' id='line_1_33' title="bbox 329 2107 1792 2150; baseline -0.003 -12"><span class='ocrx_word' id='word_1_269' title='bbox 329 2107 451 2138; x_wconf 85' lang='lat' dir='ltr'><strong>lmoc.</strong></span> <span class='ocrx_word' id='word_1_270' title='bbox 498 2109 513 2138; x_wconf 95' lang='lat'><strong>1</strong></span> <span class='ocrx_word' id='word_1_271' title='bbox 545 2129 554 2138; x_wconf 97' lang='lat'><strong>.</strong></span> <span class='ocrx_word' id='word_1_272' title='bbox 607 2128 617 2137; x_wconf 90' lang='lat'><strong>.</strong></span> <span class='ocrx_word' id='word_1_273' title='bbox 648 2107 737 2150; x_wconf 90' lang='lat' dir='ltr'><strong>cap.</strong></span> <span class='ocrx_word' id='word_1_274' title='bbox 786 2128 795 2137; x_wconf 97' lang='lat'><strong>.</strong></span> <span class='ocrx_word' id='word_1_275' title='bbox 1788 2118 1792 2121; x_wconf 90' lang='lat'><em>-</em></span> 
     </span>
    </p>
   </div>
   <div class='ocr_carea' id='block_1_3' title="bbox 487 2216 1589 2263">
    <p class='ocr_par' dir='ltr' id='par_1_7' title="bbox 487 2216 1589 2263">
     <span class='ocr_line' id='line_1_34' title="bbox 487 2216 1589 2263; baseline -0.002 -1"><span class='ocrx_word' id='word_1_276' title='bbox 487 2219 551 2263; x_wconf 89' lang='lat' dir='ltr'><strong>IN</strong></span> <span class='ocrx_word' id='word_1_277' title='bbox 591 2219 815 2263; x_wconf 85' lang='lat' dir='ltr'>LIBRUM</span> <span class='ocrx_word' id='word_1_278' title='bbox 849 2220 967 2263; x_wconf 90' lang='lat' dir='ltr'><strong>VIII.</strong></span> <span class='ocrx_word' id='word_1_279' title='bbox 1039 2217 1351 2262; x_wconf 83' lang='lat' dir='ltr'><strong>ALEXIADIS</strong></span> <span class='ocrx_word' id='word_1_280' title='bbox 1381 2216 1589 2261; x_wconf 84' lang='lat' dir='ltr'><strong>NOTAE.</strong></span> 
     </span>
    </p>
   </div>
   <div class='ocr_carea' id='block_1_4' title="bbox 63 2318 1785 2886">
    <p class='ocr_par' dir='ltr' id='par_1_8' title="bbox 63 2318 1785 2715">
     <span class='ocr_line' id='line_1_35' title="bbox 63 2318 1785 2377; baseline -0.002 -13"><span class='ocrx_word' id='word_1_281' title='bbox 63 2327 287 2374; x_wconf 82' lang='lat' dir='ltr'><strong>Pag.221.A</strong></span> <span class='ocrx_word' id='word_1_282' title='bbox 434 2322 922 2377; x_wconf 80' lang='grc' dir='ltr'><strong><em>ΧΟΙΡΟΒΛΚΧΩΝ]</em></strong></span> <span class='ocrx_word' id='word_1_283' title='bbox 970 2320 1381 2365; x_wconf 87' lang='lat' dir='ltr'><strong>Choerobacchorum</strong></span> <span class='ocrx_word' id='word_1_284' title='bbox 1417 2318 1614 2374; x_wconf 87' lang='lat' dir='ltr'><strong>oppidum</strong></span> <span class='ocrx_word' id='word_1_285' title='bbox 1646 2318 1785 2361; x_wconf 84' lang='lat' dir='ltr'><strong>extitit</strong></span> 
     </span>
     <span class='ocr_line' id='line_1_36' title="bbox 301 2375 1782 2432; baseline -0.002 -12"><span class='ocrx_word' id='word_1_286' title='bbox 301 2376 708 2432; x_wconf 84' lang='lat' dir='ltr'><strong>Constantinopolim</strong></span> <span class='ocrx_word' id='word_1_287' title='bbox 739 2378 850 2421; x_wconf 90' lang='lat' dir='ltr'><strong>inter</strong></span> <span class='ocrx_word' id='word_1_288' title='bbox 879 2380 920 2421; x_wconf 84' lang='lat' dir='ltr'><strong>et</strong></span> <span class='ocrx_word' id='word_1_289' title='bbox 946 2377 1279 2432; x_wconf 90' lang='lat' dir='ltr'><strong>Adrianopolim,</strong></span> <span class='ocrx_word' id='word_1_290' title='bbox 1324 2377 1375 2420; x_wconf 90' lang='lat' dir='ltr'><strong>ad</strong></span> <span class='ocrx_word' id='word_1_291' title='bbox 1407 2375 1564 2419; x_wconf 91' lang='lat' dir='ltr'><strong>Melam</strong></span> <span class='ocrx_word' id='word_1_292' title='bbox 1593 2375 1782 2418; x_wconf 88' lang='lat' dir='ltr'><strong>fluvium.</strong></span> 
     </span>
     <span class='ocr_line' id='line_1_37' title="bbox 300 2432 1784 2490; baseline -0.002 -14"><span class='ocrx_word' id='word_1_293' title='bbox 300 2434 550 2477; x_wconf 86' lang='lat' dir='ltr'><strong>Adiacentes</strong></span> <span class='ocrx_word' id='word_1_294' title='bbox 580 2434 729 2489; x_wconf 89' lang='lat' dir='ltr'><strong>oppido</strong></span> <span class='ocrx_word' id='word_1_295' title='bbox 755 2447 924 2490; x_wconf 86' lang='lat' dir='ltr'><strong>campos</strong></span> <span class='ocrx_word' id='word_1_296' title='bbox 953 2434 1219 2490; x_wconf 82' lang='lat' dir='ltr'><strong>explicandae</strong></span> <span class='ocrx_word' id='word_1_297' title='bbox 1249 2433 1352 2477; x_wconf 88' lang='lat' dir='ltr'><strong>aciei</strong></span> <span class='ocrx_word' id='word_1_298' title='bbox 1386 2433 1428 2476; x_wconf 91' lang='lat' dir='ltr'><strong>et</strong></span> <span class='ocrx_word' id='word_1_299' title='bbox 1462 2432 1611 2475; x_wconf 87' lang='lat' dir='ltr'><strong>castris</strong></span> <span class='ocrx_word' id='word_1_300' title='bbox 1640 2432 1784 2474; x_wconf 89' lang='lat' dir='ltr'><strong>locan-</strong></span> 
     </span>
     <span class='ocr_line' id='line_1_38' title="bbox 300 2488 1780 2545; baseline -0.001 -13"><span class='ocrx_word' id='word_1_301' title='bbox 300 2490 363 2533; x_wconf 90' lang='lat' dir='ltr'><strong>dis</strong></span> <span class='ocrx_word' id='word_1_302' title='bbox 394 2491 705 2545; x_wconf 83' lang='lat' dir='ltr'><strong>pereommodos</strong></span> <span class='ocrx_word' id='word_1_303' title='bbox 748 2491 809 2534; x_wconf 92' lang='lat' dir='ltr'><strong>ele</strong></span> <span class='ocrx_word' id='word_1_304' title='bbox 841 2492 960 2534; x_wconf 89' lang='lat' dir='ltr'><strong>anter</strong></span> <span class='ocrx_word' id='word_1_305' title='bbox 995 2491 1193 2535; x_wconf 88' lang='lat' dir='ltr'><strong>describit</strong></span> <span class='ocrx_word' id='word_1_306' title='bbox 1221 2490 1393 2533; x_wconf 86' lang='lat' dir='ltr'><strong>Nicetas</strong></span> <span class='ocrx_word' id='word_1_307' title='bbox 1432 2489 1477 2531; x_wconf 91' lang='lat' dir='ltr'><strong>in</strong></span> <span class='ocrx_word' id='word_1_308' title='bbox 1506 2488 1620 2531; x_wconf 91' lang='lat' dir='ltr'><strong>Man.</strong></span> <span class='ocrx_word' id='word_1_309' title='bbox 1649 2488 1720 2530; x_wconf 93' lang='lat' dir='ltr'><strong>lib.</strong></span> <span class='ocrx_word' id='word_1_310' title='bbox 1745 2489 1780 2530; x_wconf 91' lang='lat'><strong>1.</strong></span> 
     </span>
     <span class='ocr_line' id='line_1_39' title="bbox 299 2543 1783 2602; baseline -0.002 -13"><span class='ocrx_word' id='word_1_311' title='bbox 299 2547 353 2589; x_wconf 90' lang='lat' dir='ltr'><strong>N.</strong></span> <span class='ocrx_word' id='word_1_312' title='bbox 378 2548 416 2589; x_wconf 85' lang='lat'><strong>5.</strong></span> <span class='ocrx_word' id='word_1_313' title='bbox 476 2547 623 2602; x_wconf 87' lang='lat' dir='ltr'><strong>Agunt</strong></span> <span class='ocrx_word' id='word_1_314' title='bbox 653 2547 781 2590; x_wconf 89' lang='lat' dir='ltr'><strong>etiam</strong></span> <span class='ocrx_word' id='word_1_315' title='bbox 841 2561 863 2591; x_wconf 94' lang='lat' dir='ltr'><strong>e</strong></span> <span class='ocrx_word' id='word_1_316' title='bbox 895 2548 1043 2591; x_wconf 90' lang='lat' dir='ltr'><strong>iisdem</strong></span> <span class='ocrx_word' id='word_1_317' title='bbox 1078 2548 1273 2599; x_wconf 87' lang='lat' dir='ltr'><strong>Zonaras,</strong></span> <span class='ocrx_word' id='word_1_318' title='bbox 1311 2546 1511 2602; x_wconf 87' lang='lat' dir='ltr'><strong>Scylitzes</strong></span> <span class='ocrx_word' id='word_1_319' title='bbox 1556 2545 1598 2587; x_wconf 91' lang='lat' dir='ltr'><strong>et</strong></span> <span class='ocrx_word' id='word_1_320' title='bbox 1629 2543 1783 2600; x_wconf 84' lang='lat' dir='ltr'><strong>Glycas</strong></span> 
     </span>
     <span class='ocr_line' id='line_1_40' title="bbox 298 2601 1780 2659; baseline -0.001 -14"><span class='ocrx_word' id='word_1_321' title='bbox 298 2603 343 2644; x_wconf 93' lang='lat' dir='ltr'><strong>in</strong></span> <span class='ocrx_word' id='word_1_322' title='bbox 374 2602 649 2646; x_wconf 82' lang='lat' dir='ltr'><strong>Constantino</strong></span> <span class='ocrx_word' id='word_1_323' title='bbox 678 2604 796 2647; x_wconf 86' lang='lat' dir='ltr'><strong>Duca</strong></span> <span class='ocrx_word' id='word_1_324' title='bbox 835 2605 877 2647; x_wconf 92' lang='lat' dir='ltr'><strong>et</strong></span> <span class='ocrx_word' id='word_1_325' title='bbox 906 2604 1015 2648; x_wconf 90' lang='lat' dir='ltr'><strong>Otho</strong></span> <span class='ocrx_word' id='word_1_326' title='bbox 1047 2603 1228 2659; x_wconf 89' lang='lat' dir='ltr'><strong>Frising.</strong></span> <span class='ocrx_word' id='word_1_327' title='bbox 1259 2603 1303 2646; x_wconf 92' lang='lat' dir='ltr'><strong>in</strong></span> <span class='ocrx_word' id='word_1_328' title='bbox 1326 2602 1476 2646; x_wconf 87' lang='lat' dir='ltr'><strong>Chron.</strong></span> <span class='ocrx_word' id='word_1_329' title='bbox 1523 2601 1630 2644; x_wconf 89' lang='lat' dir='ltr'><strong>Vide</strong></span> <span class='ocrx_word' id='word_1_330' title='bbox 1644 2601 1780 2644; x_wconf 85' lang='lat' dir='ltr'><strong>Notas</strong></span> 
     </span>
     <span class='ocr_line' id='line_1_41' title="bbox 300 2658 787 2715; baseline 0.004 -14"><span class='ocrx_word' id='word_1_331' title='bbox 300 2658 353 2701; x_wconf 87' lang='lat' dir='ltr'><strong>ad</strong></span> <span class='ocrx_word' id='word_1_332' title='bbox 384 2658 577 2702; x_wconf 82' lang='lat' dir='ltr'><strong>Cinnami</strong></span> <span class='ocrx_word' id='word_1_333' title='bbox 607 2673 701 2715; x_wconf 86' lang='lat' dir='ltr'><strong>pag.</strong></span> <span class='ocrx_word' id='word_1_334' title='bbox 719 2661 787 2703; x_wconf 88' lang='lat'><strong>41.</strong></span> 
     </span>
    </p>

    <p class='ocr_par' dir='ltr' id='par_1_9' title="bbox 257 2710 1784 2886">
     <span class='ocr_line' id='line_1_42' title="bbox 257 2710 1782 2780; baseline -0.003 -20"><span class='ocrx_word' id='word_1_335' title='bbox 257 2726 287 2760; x_wconf 90' lang='lat' dir='ltr'><strong>B</strong></span> <span class='ocrx_word' id='word_1_336' title='bbox 384 2771 392 2780; x_wconf 91' lang='lat'><strong>.</strong></span> <span class='ocrx_word' id='word_1_337' title='bbox 434 2713 695 2770; x_wconf 65' lang='lat' dir='ltr'><strong>Haoaouevr*</strong></span> <span class='ocrx_word' id='word_1_338' title='bbox 725 2718 802 2773; x_wconf 84' lang='grc' dir='ltr'><strong>τῆς</strong></span> <span class='ocrx_word' id='word_1_339' title='bbox 832 2710 1070 2771; x_wconf 74' lang='grc' dir='ltr'>α’πόκρεω]</span> <span class='ocrx_word' id='word_1_340' title='bbox 1108 2717 1230 2760; x_wconf 84' lang='lat' dir='ltr'><strong>Feria</strong></span> <span class='ocrx_word' id='word_1_341' title='bbox 1256 2727 1302 2761; x_wconf 84' lang='lat' dir='ltr'><strong>V.</strong></span> <span class='ocrx_word' id='word_1_342' title='bbox 1334 2713 1644 2766; x_wconf 89' lang='lat' dir='ltr'><strong>Hebdomadae,</strong></span> <span class='ocrx_word' id='word_1_343' title='bbox 1676 2725 1782 2768; x_wconf 92' lang='lat' dir='ltr'><strong>quae</strong></span> 
     </span>
     <span class='ocr_line' id='line_1_43' title="bbox 300 2769 1784 2828; baseline -0.001 -15"><span class='ocrx_word' id='word_1_344' title='bbox 300 2771 462 2815; x_wconf 80' lang='lat' dir='ltr'><strong>Latlnis</strong></span> <span class='ocrx_word' id='word_1_345' title='bbox 495 2773 767 2816; x_wconf 89' lang='lat' dir='ltr'><strong>Hebdomada</strong></span> <span class='ocrx_word' id='word_1_346' title='bbox 797 2773 1138 2828; x_wconf 81' lang='lat' dir='ltr'><strong>Septuagesimae</strong></span> <span class='ocrx_word' id='word_1_347' title='bbox 1181 2773 1348 2816; x_wconf 88' lang='lat' dir='ltr'><strong>dicitur.</strong></span> <span class='ocrx_word' id='word_1_348' title='bbox 1405 2771 1512 2814; x_wconf 90' lang='lat' dir='ltr'><strong>Vide</strong></span> <span class='ocrx_word' id='word_1_349' title='bbox 1554 2770 1686 2814; x_wconf 85' lang='lat' dir='ltr'><strong>Allat.</strong></span> <span class='ocrx_word' id='word_1_350' title='bbox 1733 2769 1784 2812; x_wconf 87' lang='lat' dir='ltr'><strong>de</strong></span> 
     </span>
     <span class='ocr_line' id='line_1_44' title="bbox 300 2827 1462 2886; baseline 0 -15"><span class='ocrx_word' id='word_1_351' title='bbox 300 2828 507 2872; x_wconf 87' lang='lat' dir='ltr'><strong>Hebdom.</strong></span> <span class='ocrx_word' id='word_1_352' title='bbox 538 2827 732 2872; x_wconf 83' lang='lat' dir='ltr'><strong>Graecor.</strong></span> <span class='ocrx_word' id='word_1_353' title='bbox 766 2830 808 2873; x_wconf 89' lang='lat' dir='ltr'><strong>et</strong></span> <span class='ocrx_word' id='word_1_354' title='bbox 837 2830 1059 2874; x_wconf 87' lang='lat' dir='ltr'><strong>Petavium</strong></span> <span class='ocrx_word' id='word_1_355' title='bbox 1090 2831 1143 2874; x_wconf 90' lang='lat' dir='ltr'><strong>ad</strong></span> <span class='ocrx_word' id='word_1_356' title='bbox 1173 2830 1348 2886; x_wconf 89' lang='lat' dir='ltr'><strong>Niceph.</strong></span> <span class='ocrx_word' id='word_1_357' title='bbox 1380 2827 1462 2872; x_wconf 81' lang='grc' dir='ltr'><strong>ΟΡ.</strong></span> 
     </span>
    </p>
   </div>
  </div>
 </body>
</html>
