1806 3132
304 198 388 241 684
821 210 997 244 CAROLI
1022 209 1260 245 DUOANGII

300 323 523 379 agerentur
569 323 761 368 convivia
802 325 843 367 et
885 324 1094 368 Prandia.
1178 323 1431 378 Delphicum
1474 325 1582 368 hanc
1625 326 1783 369 Palatii

300 380 504 423 Exedram
534 381 699 435 proprio
744 381 785 424 et
828 381 1008 436 genuino
1047 381 1250 425 vocabulo
1287 381 1588 436 nuncupabant
1633 381 1783 426 Graeci

300 450 325 480 a
356 449 455 480 voce
477 436 699 491 Delphica,
731 451 836 493 quae
883 438 1072 491 abacum,
1117 450 1189 481 seu
1235 450 1421 481 mensam
1468 438 1693 494 significat,
1738 440 1783 482 in

301 507 384 548 qua
426 495 731 548 reponebantur
774 508 874 538 vasa
920 495 961 537 et
1004 494 1166 549 pocula,
1209 494 1259 537 de
1284 508 1367 549 qua
1396 494 1592 550 OuJ‘acius
1620 495 1692 538 lib.
1717 496 1782 539 10.

301 550 516 594 Observat.
547 564 635 605 cap.
661 553 725 595 13.
756 552 796 594 et
828 552 1044 595 Turnebus
1071 551 1143 594 lib.
1166 552 1234 594 27.
1261 551 1484 594 Adversar.
1515 564 1604 607 cap.
1630 552 1695 595 15.
1726 553 1780 595 Id

300 607 454 650 diserte
482 607 678 651 docemur
707 622 731 652 a
760 609 964 678 Procopio
994 609 1066 651 lib.
1091 609 1126 650 1.
1163 608 1213 651 de
1241 608 1359 651 Bello
1381 608 1559 651 Vandal.
1602 604 1702 651 τότε
1733 608 1781 652 δὲ

301 658 562 733 Βελισάριος
605 662 705 708 ἐπεὶ
750 662 774 709 ὁ
810 661 959 732 καιρὸς
998 662 1062 715 εἰς
1109 666 1240 707 τοῦτο
1287 655 1406 732 ἦμεν,
1454 679 1634 720 αριστον
1678 664 1783 733 σφί-

300 735 370 764 σιν
405 719 574 764 εκέλευε
600 721 847 791 ιγενέσθαι,
878 738 930 765 ου
974 718 1029 791 δὴ
1058 726 1084 763 Ι
1087 721 1242 790 ελιμερ
1285 718 1389 772 τούς
1421 723 1510 763 τῶν
1541 718 1785 791 Βανόνζλων

301 774 565 845 ἡγουμένους
581 793 743 845 εστιᾳν
773 774 930 835 εἱώθη.
967 778 1171 846 Δέλφικα
1189 793 1267 821 τον
1297 774 1439 821 τόπον
1467 778 1651 821 καλοῦσι
1687 781 1786 821 Ρω-

300 836 439 889 μαῖοι,
470 828 522 877 οὗ
548 837 602 893 τῇ
632 836 824 906 σφετέρᾳ
854 831 1047 905 γλώσσῃ,
1064 829 1173 878 αλλὰ
1203 832 1313 878 κατὰ
1333 833 1384 877 τὸ
1404 831 1595 878 παλαιὸν
1615 832 1716 892 ἓλλη
1720 834 1781 878 νί-

302 891 460 946 ζοντες.
505 890 550 934 ἐν
581 892 792 950 Παλατίῳ
807 889 903 965 γὰρ
935 891 1010 935 ἐπὶ
1036 888 1202 962 Pcmeg
1234 890 1348 935 ε’νθα
1382 890 1601 960 ξυνέίξαινε
1632 852 1784 947 στιβά-

300 949 378 1015 δας
411 948 499 990 τῶν
530 935 778 992 Βασιλέων
785 945 909 1001 ειναι,
939 949 1139 1018 τρίπους
1162 948 1209 992 ἐκ
1242 949 1433 991 παλαιοῦ
1470 944 1674 1018 ειστήκει,
1710 948 1780 1007 ἐφ’

301 1021 352 1047 ου
383 1002 435 1073 δὴ
460 1001 537 1057 τὰς
566 1003 739 1058 κύλικας
768 1023 810 1049 οι
840 1006 1068 1056 Βασιλέως
1098 1002 1291 1060 οἰνοχόοι
1322 1004 1543 1050 ἐτέθεντο.
1588 1005 1785 1076 Δέλφικα

300 1060 347 1105 δὲ
376 1078 454 1105 τεν
480 1061 673 1130 τρίποδα
702 1064 883 1107 καλοῦσι
910 1060 1133 1118 Ῥωμαῖοι,
1165 1061 1265 1106 ἐπεὶ
1299 1062 1343 1106 ἐν
1373 1062 1569 1132 Δελφοῖς
1599 1061 1782 1134 εγένετο.

300 1117 371 1161 καὶ
395 1112 473 1161 απ’
505 1112 641 1162 αὐτοῦ
680 1119 725 1163 ἐν
767 1122 831 1178 τεῦ
860 1119 1096 1176 Βυζαντίῳ,
1145 1119 1218 1162 καὶ
1265 1116 1356 1177 όπη
1397 1118 1625 1171 Βασιλέως
1673 1114 1785 1162 εἶναι

300 1172 484 1229 στιβάδα
515 1176 751 1231 ξυμβαίνει,
774 1162 971 1233 Λέλφικα
997 1154 1179 1220 καλοῦσι
1208 1178 1345 1220 τοῦτο
1375 1173 1427 1219 τὸ
1460 1172 1633 1232 οἰκημα
1671 1177 1784 1220 Hinc

300 1233 442 1276 lumen
481 1234 634 1288 accipit
674 1235 821 1278 Victor
860 1235 1094 1278 Tunnensis
1128 1234 1172 1276 in
1214 1234 1364 1278 Chron.
1400 1233 1644 1277 Vitalianus
1677 1233 1782 1277 Gon-

299 1288 577 1344 stantinopoli
619 1292 736 1335 intra
777 1291 1007 1344 Palatium,
1063 1291 1150 1335 loco
1195 1305 1313 1346 quem
1342 1290 1594 1345 Delphicum
1623 1290 1785 1334 Graeco

298 1346 498 1457 'uocabulf
529 1347 688 1402 dicunt,
732 1349 970 1393 Iustiniani
1006 1348 1192 1392 Patricii
1229 1348 1414 1402 factione
1455 1348 1612 1391 dicitur
1655 1348 1784 1391 inter-

321 1407 432 1447 ectus
479 1404 602 1447 uisse.

70 1469 249 1516 Pag.447.
257 1469 290 1505 A
441 1459 625 1516 Τρίτου]
657 1461 760 1504 Inde
789 1462 905 1516 patet
935 1460 1103 1504 Annam
1135 1462 1188 1504 ad
1220 1461 1426 1504 Manuelis
1457 1460 1644 1516 Augusti
1671 1461 1780 1504 tem-

300 1529 415 1572 pora,
445 1517 535 1560 viro
566 1518 843 1572 superstitem,
865 1518 1006 1561 exacto
1029 1518 1081 1561 ad
1100 1518 1323 1560 minimum
1343 1518 1495 1561 aetatis
1515 1517 1783 1581 sexagesimo,

301 1574 434 1617 vitam
464 1574 715 1639 produxisse,
756 1575 867 1630 quod
912 1575 1040 1617 etiam
1087 1588 1134 1618 ex
1160 1575 1310 1618 Niceta
1354 1574 1570 1624 docemur;
1612 1551 1783 1639 quando

300 1643 396 1674 vero
427 1643 448 1672 e
477 1631 584 1674 vivis
617 1632 846 1684 excesserit,
882 1631 1102 1674 incertum.
1169 1631 1291 1674 Illius
1329 1631 1592 1685 sepulchrum
1626 1632 1671 1673 in
1701 1631 1784 1674 Pa-

298 1687 498 1730 triarchio
536 1687 674 1731 extare
712 1688 859 1731 scribit
883 1688 1094 1731 Martinus
1126 1687 1297 1731 Crusius
1334 1688 1380 1730 in
1410 1687 1509 1731 Not.
1541 1687 1594 1730 ad
1623 1688 1783 1731 Histor.

301 1743 468 1786 Politic.
512 1743 678 1798 Annae,
717 1745 866 1800 inquit,
904 1744 1170 1809 sepulchrum
1212 1745 1348 1788 adhuc
1385 1748 1499 1788 extat
1534 1745 1581 1786 in
1611 1743 1783 1798 Templo

301 1799 629 1844 Patriarchatus
659 1816 687 1844 a
719 1801 773 1844 D.
805 1800 1029 1844 Gerlachio
1059 1802 1206 1845 vi-sum.
1251 1801 1332 1844 Est
1365 1802 1412 1844 id
1439 1801 1665 1854 lapideum,
1694 1815 1781 1844 non

298 1857 499 1900 insistens
525 1862 705 1912 quatuor
734 1858 914 1910 basibus,
944 1858 1019 1902 secl
1045 1859 1208 1913 integro
1238 1858 1381 1912 lapide
1408 1872 1436 1901 a
1465 1861 1580 1900 terra
1601 1871 1781 1913 suryens

298 1913 428 1957 altius
457 1928 582 1968 quam
609 1928 765 1967 mensa,
799 1915 857 1958 ad
880 1916 1088 1969 parietem
1113 1915 1286 1968 Templi,
1317 1915 1425 1958 sicut
1462 1914 1645 1958 alicuius
1675 1914 1780 1957 Ger-

298 1971 416 2013 mani
444 1970 665 2025 Principis
692 1948 968 2027 sepulchrum,
998 1972 1178 2015 incisam
1203 1972 1325 2015 habet
1354 1971 1551 2026 aquilam.
1596 1970 1656 2013 At
1676 1971 1784 2014 unde

298 2027 448 2070 habuit
480 2026 724 2071 Gerlachius
752 2027 901 2072 Annae
928 2029 1096 2072 nostrae
1122 2042 1208 2072 esse
1237 2028 1478 2071 tumulum?
1507 2027 1647 2092 potuit
1674 2028 1784 2071 enim

300 2096 388 2127 esse
417 2084 591 2185 αΙέῐθΓέιιε
622 2085 790 2128 Annae.
821 2099 920 2128 nam
948 2085 1029 2128 nisi
1058 2085 1226 2128 aliunde
1255 2085 1427 2137 constet,
1459 2097 1506 2127 ex
1535 2084 1587 2126 iis
1613 2084 1781 2139 probari

301 2140 371 2183 vix
428 2154 451 2183 o
474 2153 514 2183 es

55 2209 236 2256 Pag.44s
255 2209 290 2246 A
400 2154 672 2254 Ι)Κοσμικῆς
699 2194 879 2256 τύρβης]
912 2198 1121 2242 Secularis
1151 2198 1314 2241 turbae.
1342 2197 1499 2240 Mirum
1517 2196 1628 2262 quod
1644 2199 1782 2250 Anna,

303 2266 408 2308 quae
437 2254 655 2309 tantopere
684 2256 862 2299 barbara
887 2268 929 2298 se
957 2268 1146 2309 respuere
1181 2254 1386 2298 vocabula
1420 2253 1575 2309 passim
1614 2253 1783 2308 profite-

300 2310 383 2362 tur,
414 2310 628 2354 Historiae
669 2325 768 2355 suae
810 2311 1072 2355 venustatem
1116 2312 1228 2354 hisce
1270 2310 1572 2354 mixobarbaris
1616 2310 1786 2353 vocibus

301 2367 526 2420 interdum,
562 2368 680 2411 nulla
710 2368 934 2423 praeeunte
959 2369 1219 2420 necessitate,
1251 2367 1459 2422 aspergat.

256 2431 290 2466 D
441 2425 503 2482 Τῇ
516 2401 806 2481 Θεομήτορι]
855 2424 1060 2479 Deiparae
1103 2424 1212 2468 forte
1255 2423 1548 2479 Hodegetriae,
1588 2423 1654 2466 cui
1701 2435 1782 2466 non

301 2479 424 2522 modo
454 2481 746 2535 supplicabant
777 2481 1055 2536 Imperatores
1095 2482 1139 2523 in
1183 2480 1497 2535 Expeditionem
1543 2479 1782 2534 profecturi,

302 2535 350 2577 ut
380 2536 441 2578 est
472 2538 582 2591 apud
613 2539 818 2581 Zonaram
849 2538 890 2580 et
921 2537 1144 2593 Scylitzem
1174 2537 1218 2580 in
1249 2536 1453 2580 Michaele
1485 2536 1703 2591 Theophili
1733 2536 1779 2578 F.

302 2591 372 2634 sed
403 2593 443 2635 et
473 2594 566 2648 post
595 2594 791 2649 adeptam
819 2594 1040 2638 victoriam
1075 2606 1221 2649 resque
1250 2593 1331 2636 rite
1356 2594 1397 2636 et
1425 2592 1532 2636 belle
1562 2592 1784 2645 confectas,

302 2648 463 2703 gratias
491 2650 735 2707 referebant,
768 2652 816 2694 ut
846 2651 909 2694 est
939 2650 1050 2705 apud
1072 2650 1410 2694 Cantacuzenum
1439 2649 1512 2693 lib.
1534 2650 1572 2693 3.
1603 2662 1693 2704 cap.
1715 2649 1783 2691 50.

303 2704 344 2746 et
376 2704 442 2747 59.
490 2686 735 2762 Gregoram⁷
752 2707 823 2751 lib.
843 2708 882 2750 4.
916 2707 993 2750 etc.
1044 2707 1189 2762 Neque
1219 2706 1330 2750 enim
1364 2707 1466 2750 bene
1496 2705 1785 2749 coniectarunt

302 2760 383 2803 viri
413 2760 524 2804 docti
555 2763 605 2805 de
632 2764 710 2806 hac
740 2764 1019 2818 appellatione
1048 2764 1093 2806 in
1122 2763 1247 2807 Notis
1288 2763 1342 2806 ad
1383 2763 1516 2806 vitam
1556 2762 1597 2806 S.
1631 2760 1784 2805 Basilii

303 2816 549 2861 IuniorisN.
560 2818 627 2862 40.
656 2820 760 2863 Vide
772 2820 1006 2864 Historiam
1023 2820 1210 2863 nostram
1227 2819 1520 2875 Gallobyzant.
1536 2819 1609 2863 lib.
1622 2820 1662 2862 2.
1677 2818 1730 2861 N.
1739 2818 1780 2860 5.
