1734 3120
188 224 270 265 306
458 233 622 268 ΑΝΝΑΕ
652 232 800 267 COMN.
830 231 1094 266 ALEXIADIS
1125 232 1218 265 LIB.
1249 232 1347 266 XIV.
1382 226 1419 264 9.

140 350 259 393 Βκαί
286 347 419 394 πάλιν
450 367 489 392 οι
520 344 647 393 αυτοὶ
676 344 840 406 ἀγῶνες
881 349 952 391 καὶ
995 343 1214 402 διατάξεις
1259 346 1373 402 πρὸς
1413 343 1517 425 τούς
1560 341 1676 404 ἀμφὶ

37 419 76 455 Ρ-
103 416 263 461 457τὸν
297 414 549 462 Κουλέοντὰ
577 434 624 461 τε
664 418 737 460 καὶ
772 414 992 460 Κούσινον
1039 413 1232 471 ἐγίνοντο
1277 416 1342 472 τῷ
1384 408 1673 470 αὐτοκράτορι

186 490 393 541 συνεχεῖς.
451 481 559 529 αλλὰ
593 483 671 528 τὸν
702 485 781 541 μὲν
812 483 1065 527 Κουλέοντα
1107 476 1225 526 εἷλεν
1266 479 1327 534 ὥς
1364 479 1673 538 συνετώτερον,

188 549 323 610 οἶμαι,
356 554 427 597 καὶ
462 550 702 609 δυνάμενον
741 552 1142 608 παρακολουθῆσαι
1177 547 1323 607 λόγοις
1361 545 1576 607 ἀληθείας
1605 551 1676 593 καὶ

185 623 267 680 τῆς
295 619 505 682 ἡμετέρας
533 617 725 677 μάνδρας
746 621 963 677 πεποίηκε
995 616 1223 676 πρόβατον
1244 615 1539 678 ἡμερώτατον.
1584 615 1607 662 ὁ
1630 619 1677 662 δέ
1691 626 1714 662 5

186 707 233 747 γε
246 688 467 742 Κούσινος
483 691 554 733 καὶ
573 686 596 733 ὅ
613 690 769 741 Ψιῦλος
785 688 1127 745 ἓξαγριαίνοντες
1141 688 1213 730 καὶ
1229 685 1492 743 βαλλόμενοι
1508 687 1586 742 μὲν
1603 703 1678 729 κα-

187 757 340 815 θάπερ
370 758 549 816 σίδηρος
568 761 666 810 ταῖς
686 761 862 811 συχναῖς
883 759 960 799 τοῦ
983 751 1308 812 αὗτοκράτορος
1329 753 1532 812 ὁμιλίαις,
1556 752 1678 811 ὅμως

148 827 336 883 Βμέντοι
367 824 561 887 σιδηρεοι
591 827 796 882 μένοντες
828 822 1118 881 ἐξετράποντο
1148 841 1195 868 τε
1227 825 1299 868 καὶ
1332 819 1409 868 οὐκ
1447 818 1678 881 εὖαγώγως

188 890 307 950 εἶχον
335 890 466 953 αὐτῷ.
527 895 597 938 καὶ
628 892 701 938 clm?
733 896 865 937 τοῦτο
897 891 959 946 ὥς
988 889 1170 936 πάντων
1189 893 1450 947 ΖΠανιχαίων
1478 893 1677 951 βλασφη-

186 961 405 1019 μοτὰτοις
436 963 506 1007 καὶ
537 964 747 1020 καθαρῶς
777 979 840 1014 εις
871 959 1076 1017 λαιιπραν
1105 961 1395 1018 μελαγχολίαν
1422 958 1678 1012 ἐλαύνοντας
1693 973 1734 1009 10

188 1030 251 1083 εἰς
280 1029 358 1090 τὴν
399 1030 563 1075 οὑτωσὶ
606 1031 841 1088 λεγομένην
882 1027 1192 1088 ᾘΕλεφαντινην
1234 1047 1434 1088 φρουραν
1477 1027 1679 1085 ἐμβαλών

172 1100 260 1143 καὶ
292 1098 347 1142 τὰ
377 1102 492 1156 πρὸς
521 1100 670 1155 χρείαν
700 1097 873 1142 αἰιαντα
905 1099 1108 1155 δαψιλῶς
1145 1100 1345 1156 χορηγῶν
1385 1094 1541 1154 μόναις
1579 1101 1677 1149 ταῖς

188 1165 355 1212 εαυτιῦν
386 1168 701 1225 κακοπραγίαις
729 1170 898 1227 ἀφῆκεν
929 1162 1194 1212 αποθανεῖν,

323 1307 356 1341 3.
384 1305 607 1352 Κουλέοντα]
635 1319 654 1339 ο
680 1307 866 1351 posterius
891 1306 929 1341 in
958 1305 984 1341 C
1010 1318 1029 1341 e
1055 1317 1150 1341 corr
1177 1318 1224 1341 m
1246 1307 1679 1353 2.11.λεγομε’-

324 1366 390 1398 νην
418 1353 457 1394 Ρ,
485 1356 699 1401 λεγομένων
727 1355 765 1388 G.
909 1355 962 1389 13.
990 1352 1148 1401 ἀφῆκεν]
1178 1366 1218 1389 εν
1243 1355 1282 1389 in
1309 1354 1335 1389 C
1359 1366 1379 1390 e
1404 1367 1500 1390 corr.
1528 1367 1575 1391 m.
1596 1358 1628 1390 2.

188 1494 313 1530 leonte
341 1494 551 1540 Cusinoque
577 1495 783 1530 certamina
809 1495 1174 1541 disceptatione-sque
1203 1496 1401 1531 continuae
1435 1495 1678 1531 institueban-

189 1546 264 1578 tur.
328 1546 441 1589 atque
466 1543 572 1578 illum
599 1544 748 1589 quidem
773 1546 883 1590 cepit.
908 1545 972 1590 qui
999 1544 1233 1589 prudentior,
1256 1545 1402 1590 opinor,
1423 1547 1519 1579 esset
1544 1546 1679 1580 verita—

188 1592 311 1636 tisque
343 1592 553 1627 rationibus
579 1592 734 1638 obsequi
760 1593 911 1634 valeret,
947 1605 1106 1639 eumque
1137 1593 1244 1628 ovilis
1280 1594 1400 1628 nostri
1428 1594 1677 1628 mansuetissi—

187 1652 287 1675 mum
315 1640 481 1675 reddidit
506 1652 655 1687 agnum.
706 1644 745 1676 at
771 1641 928 1676 Cusinus
951 1641 1163 1687 Pholusque
1195 1641 1340 1677 efferati
1366 1641 1532 1687 ferrique
1560 1642 1679 1677 instar·

187 1688 344 1723 assiduis
369 1689 608 1734 imperatoris
641 1689 962 1735 disputationibus
996 1690 1143 1725 contusi
1174 1689 1286 1726 ferrei
1309 1693 1433 1725 tamen
1462 1693 1680 1725 manserunt

188 1749 298 1782 seque
324 1737 372 1772 ab
397 1749 440 1772 eo
483 1741 700 1773 averterunt
743 1750 810 1773 nec
833 1739 880 1773 ab
906 1750 949 1774 eo
987 1739 1073 1774 duci
1099 1750 1136 1773 se
1172 1739 1271 1784 passi
1297 1742 1396 1774 sunt.
1461 1750 1577 1784 quare
1603 1750 1675 1782 eos,

188 1787 253 1831 qui
279 1785 580 1822 Manichaeorum
607 1787 775 1822 omnium
816 1787 1101 1822 malitiosi-ssimi
1133 1799 1176 1823 ac
1209 1787 1408 1822 manifesta
1433 1787 1678 1822 melancholia

188 1834 311 1869 insani
339 1838 472 1880 essent,
498 1836 536 1869 in
563 1835 782 1880 custodiam,
810 1847 904 1881 quae
927 1834 1181 1881 Elephantine
1208 1835 1364 1879 dicitur,
1391 1836 1553 1872 coniecit
1590 1834 1679 1870 affa-

189 1882 332 1928 timque
356 1882 615 1930 suppeditatis,
642 1895 736 1929 quae
762 1883 809 1919 ad
835 1886 976 1920 victum
1004 1885 1211 1920 necessaria
1235 1887 1355 1925 erant,
1381 1884 1469 1920 solis
1496 1885 1572 1919 suis
1595 1895 1677 1930 pec-

188 1932 282 1967 catis
306 1931 429 1977 perire
452 1943 580 1978 passus
605 1936 671 1968 est.
