1794 3132
534 224 590 258 m
615 223 905 258 umnam
935 225 1097 260 Nom:
1474 220 1558 264 463

73 338 276 395 reliquias
302 338 431 382 fuisse
458 338 691 392 Danorum,
722 340 794 394 qui
834 340 888 383 ab
915 340 1073 396 Anglia
1104 342 1239 385 exacti
1276 343 1316 385 et
1357 342 1563 387 Constan-

71 395 294 451 tinopolim
334 395 512 451 profecti
546 408 714 451 operam
752 408 872 439 suam
916 397 1244 451 Imperatoribus
1279 399 1485 451 locarunt,
1516 414 1562 443 ex

73 453 271 496 Orderico
287 452 423 496 Vitali
441 453 547 496 satis
578 465 783 508 superque
811 453 865 496 ad
887 453 1228 497 Villharduinum
1260 455 1563 500 demonstrasse

73 509 270 562 arbitror,
303 509 375 565 qui
400 509 513 565 quod
554 509 718 565 origiue
746 509 857 552 Dani
902 510 1102 565 Angliam
1143 511 1427 563 incoluissent,
1468 526 1564 567 pro-

72 566 232 609 miscue
249 565 382 622 Angli
410 567 454 609 et
479 565 603 617 Dani,
636 565 770 608 eidem
790 566 1088 610 Villharduino
1111 568 1366 611 coniunctim
1382 569 1563 624 Anqlois

72 623 115 665 et
146 621 317 666 Danois
354 622 459 665 dicti
503 623 616 665 sunt.
687 622 798 666 Nam
829 623 1006 678 Anglos,
1038 636 1140 678 quos
1165 624 1281 667 Will.
1310 625 1560 668 Malmesbu-

72 679 221 722 riensis
249 679 323 723 lib.
345 680 385 721 2.
414 679 467 722 dc
495 678 610 723 Gaet.
643 679 773 734 Angl.
806 691 896 734 cap.
922 681 986 722 13.
1023 681 1218 734 appellat,
1255 681 1397 724 Dauos
1438 684 1561 725 vocat

73 735 182 779 Saxo
213 735 539 779 Grammaticus.
608 735 742 788 Prior,
788 735 839 778 de
879 736 1027 779 Alexio
1070 737 1175 791 Imp.
1223 738 1348 780 verba
1392 738 1560 790 faciens,

71 791 219 836 Multa
247 793 381 836 noxia
411 793 461 836 in
485 793 736 848 pereyrinos
762 793 878 835 sacri
907 794 1075 836 itineri-s
1102 794 1378 846 machinatus,
1400 795 1559 850 Anylo—

70 863 168 892 rum
194 853 335 893 tamen
357 849 487 903 fidem
509 850 752 904 suspiciens,
779 851 1029 904 praecipuis
1067 850 1437 903 familiaritatibus
1472 853 1562 894 suis

71 919 140 949 eos
162 905 419 960 applicabat,
441 920 624 950 amorem
643 920 786 950 eorum
811 906 904 959 filio
923 907 1221 950 transcribens.
1269 907 1390 950 Alter
1408 908 1479 951 lib.
1495 910 1559 951 12.

69 962 183 1006 Hist.
214 963 400 1006 Danicae
426 963 479 1006 de
514 963 655 1006 eodem
688 963 847 1015 Alexio,
879 964 952 1019 qui
988 964 1100 1006 Erici
1131 964 1258 1019 Regis
1289 964 1450 1007 Daniae
1490 978 1562 1020 per

71 1019 217 1062 urbem
248 1018 762 1075 Constantinopolitanam
799 1021 1029 1063 transitum
1068 1022 1305 1075 suspectum
1343 1021 1559 1073 habuerat,

71 1076 171 1119 dum
215 1076 288 1119 ille
331 1076 669 1132 Hierosolymam
712 1076 903 1120 tenderet
946 1077 1028 1119 An.
1065 1087 1270 1120 chvm.
1344 1078 1418 1121 Ad
1459 1078 1560 1121 haec

71 1131 226 1176 Danos
267 1146 433 1176 summa
460 1148 488 1176 a
515 1147 560 1176 se
601 1133 903 1187 familiaritate
946 1134 1078 1177 cultos
1121 1135 1264 1178 eadem
1306 1136 1560 1188 suspicionis

70 1190 285 1233 occasione
312 1190 500 1246 notabat,
535 1191 722 1244 perinde
749 1204 798 1233 ac
831 1192 1034 1233 maiorem
1074 1192 1210 1244 patrii
1250 1193 1365 1246 reyis
1409 1192 1557 1246 (Erici)

71 1260 199 1300 quam
225 1247 533 1300 stipendiorum
561 1261 735 1290 suorum
754 1251 986 1301 respectum
1006 1252 1188 1291 acturos.
1233 1248 1357 1291 Inter
1376 1252 1560 1291 caeteros

69 1304 194 1354 enim,
223 1305 295 1358 qui
315 1303 811 1358 Constantinopolitanae
838 1305 958 1347 urbis
984 1305 1198 1358 stipendia
1213 1309 1437 1360 merentur,
1467 1305 1558 1348 Da-

69 1361 192 1403 nicae
218 1361 334 1403 vocis
354 1360 543 1404 homines
566 1362 761 1415 primum
780 1361 960 1404 militiae
978 1362 1163 1416 yradnm
1182 1361 1377 1415 obtinent,
1398 1375 1558 1404 eorum—

70 1430 149 1470 que
192 1417 383 1460 custodia
426 1417 523 1461 Rex
566 1418 745 1461 salutem
787 1431 910 1461 suam
950 1418 1114 1461 vallare
1150 1420 1373 1462 consuevit.
1443 1418 1558 1472 Quae

69 1473 240 1528 quidem
267 1486 351 1517 non
382 1475 606 1517 minimum
634 1476 848 1529 praeterea
878 1475 1062 1526 firmant,
1100 1488 1208 1530 quae
1237 1476 1362 1518 Anna
1403 1475 1453 1518 de
1474 1475 1555 1517 Va-

69 1530 288 1585 ringorum
317 1543 419 1586 erga
438 1531 657 1587 Augustos
688 1532 945 1586 Byzantinos
977 1532 1073 1575 fidei
1103 1532 1348 1587 integritate
1381 1545 1556 1574 comme-

68 1586 221 1630 morat.
280 1586 403 1630 Dani
427 1588 556 1631 etiam
587 1587 788 1631 dicuntur
817 1588 992 1632 Alberto
1025 1589 1104 1643 Aq.
1135 1589 1207 1631 lib.
1228 1590 1268 1630 4.
1300 1601 1387 1643 cap.
1411 1590 1479 1631 40.

210 1640 324 1694 Τοὺς
357 1643 624 1699 Νεμίτζοις]
673 1644 742 1687 Ad
772 1645 1043 1700 Imperatoris
1074 1645 1307 1687 custodiam
1346 1645 1598 1687 adhibitosB

69 1699 286 1743 Nemitzos
314 1701 497 1744 testatur
525 1702 655 1745 etiam
686 1701 888 1757 Scylitzcs
917 1702 962 1744 in
993 1702 1183 1744 Romano
1205 1701 1404 1757 Diogene.
1452 1699 1556 1743 Gui-

0 1792 2 1796 ,
69 1756 211 1799 bertus
228 1756 367 1799 Alexii
391 1757 667 1801 defectionem
686 1758 922 1801 describens
940 1759 1015 1801 lib.
1039 1760 1074 1800 1.
1095 1758 1145 1800 dc
1165 1757 1279 1800 Gest.
1303 1758 1379 1800 Dei
1410 1770 1497 1812 cap.
1513 1758 1553 1799 4.

70 1812 154 1855 Sed
183 1826 276 1855 cum
305 1814 357 1856 de
376 1813 641 1868 Officialibns
659 1814 825 1857 Palatii
853 1815 929 1857 sab
949 1815 1164 1868 Principe,
1192 1815 1276 1868 qui,
1298 1815 1384 1856 nisi
1410 1813 1552 1867 fallor,

68 1869 253 1921 (fallitur
280 1870 409 1914 dubio
438 1871 602 1926 procul)
631 1871 820 1914 Melzacl
863 1872 1100 1922 vocabatur,
1145 1874 1258 1921 esset,
1305 1874 1344 1913 et
1387 1870 1556 1913 cuidam

65 1926 257 1979 portioni
276 1927 495 1981 plurimae
523 1927 856 1971 Occidentalium
884 1928 1065 1971 nlilitum
1093 1931 1323 1981 praeesset,
1355 1940 1457 1981 quos
1485 1940 1554 1968 cw-

66 1982 327 2026 cellentiores
352 1985 471 2038 apud
490 1985 700 2028 Graecum
730 1984 1042 2038 Imperatorem,
1066 1988 1103 2026 et
1122 1984 1180 2026 ad
1198 1985 1288 2026 cius
1323 1983 1554 2026 custodiam

66 2040 206 2094 mayis
229 2041 447 2096 contiyuos
486 2042 678 2097 inqenita
721 2055 864 2084 eorum
899 2041 1096 2095 probitas
1134 2041 1246 2093 fecit,
1291 2039 1461 2082 collecta
1504 2052 1555 2080 ex

66 2095 263 2140 subiectis
288 2097 494 2141 militibus
519 2098 715 2149 audacia,
744 2112 875 2141 novas
898 2112 965 2140 res
984 2102 1130 2140 contra
1152 2098 1291 2150 ipsum
1310 2095 1554 2149 Principem

66 2153 211 2196 moliri
237 2155 383 2208 coepit.
430 2155 614 2198 Natione
635 2154 775 2197 Celtas
802 2155 930 2197 fuisse
950 2154 1163 2197 Nemitzos
1194 2153 1338 2195 scribit
1358 2152 1552 2201 Zonaras,

68 2222 151 2264 quo
181 2211 385 2254 vocabulo
417 2224 500 2254 non
531 2211 656 2254 modo
687 2211 814 2262 Galli,
846 2211 916 2254 sed
940 2212 981 2253 et
1015 2210 1213 2253 Germani
1243 2208 1551 2264 intelliguntur.

68 2266 225 2309 Verum
257 2266 473 2311 Nemitzos
498 2267 725 2311 Germanis
750 2267 952 2310 adscribit
985 2266 1259 2309 Leunclavius
1290 2265 1342 2307 ad
1362 2264 1550 2319 Glycam,

68 2322 213 2378 aitque
239 2323 300 2366 sic
329 2325 532 2380 appellari
565 2325 816 2374 Theutones,
838 2323 1061 2367 Slavorum
1092 2323 1252 2377 lingua,
1284 2323 1325 2364 et
1354 2322 1397 2363 in
1419 2320 1550 2364 Paud.

68 2379 191 2423 Turc.
223 2393 312 2435 cap.
332 2382 400 2424 63.
442 2382 514 2424 ubi
548 2381 600 2424 de
635 2381 841 2424 Nemitzis
884 2381 985 2422 haec
1026 2381 1241 2422 observat:
1286 2377 1551 2427 Habuerunt,

66 2436 219 2491 inquit,
247 2438 408 2481 vicinos
439 2437 553 2481 Daci
583 2438 830 2488 Germanos,
863 2440 976 2490 puta
1006 2436 1189 2489 Quados,
1221 2434 1389 2487 Gothos,
1421 2433 1552 2488 Gepi-

68 2493 158 2544 das,
192 2493 241 2535 in
267 2508 445 2548 quorum
478 2509 598 2550 ayro,
643 2495 715 2549 qui
754 2507 868 2536 nunc
901 2492 1152 2546 Cepis-sensis
1194 2492 1359 2540 dicitnr,
1391 2490 1552 2533 incolae

58 2551 317 2603 praesertim
350 2550 597 2595 Oasemarco
627 2551 770 2603 vicini,
799 2563 843 2592 se
859 2549 1165 2592 Nemetsassios
1192 2548 1423 2598 nominant,
1457 2560 1551 2589 voce

67 2606 119 2649 de
146 2606 333 2650 Nemetis
376 2609 459 2663 (sic
494 2608 660 2663 Unyari
706 2607 942 2649 Germanos
984 2604 1215 2659 appellant,
1258 2608 1303 2646 >ut
1343 2602 1551 2647 Weneclae

66 2664 261 2707 nationes
298 2664 535 2719 Nemitzos)
573 2669 611 2707 et
642 2664 800 2706 Sassiis
841 2664 1082 2716 composita,
1125 2675 1229 2715 quae
1257 2660 1435 2709 Sassios‚
1478 2673 1550 2702 seu

67 2718 257 2763 Saxones
289 2720 574 2766 Gemaamlcos>
591 2720 817 2776 siqnisicat.
865 2719 1000 2772 Quam
1029 2718 1108 2760 viri
1139 2716 1370 2760 doctissimi
1400 2715 1451 2758 de
1465 2715 1550 2759 Ne-

67 2776 215 2819 metzis
258 2778 508 2821 senteutiam
553 2777 677 2820 fulcit
715 2775 930 2819 Conradus
961 2775 1105 2817 Abbas
1135 2774 1309 2828 Usperg.
1353 2772 1548 2823 scribens,

67 2832 262 2876 Alexium
308 2833 640 2878 Alemannorum
683 2845 758 2887 ope
800 2831 1027 2887 Imperium
1067 2842 1311 2885 occupasse:
1364 2828 1448 2872 Hic
1490 2831 1550 2871 est
