1734 3120
503 219 767 258 ALmAmS
794 222 888 257 LIB.
916 218 997 258 XV.
1029 217 1092 258 ll.
1448 218 1526 261 371

49 337 89 383 εἶ
118 336 178 399 μὴ
216 339 350 396 χείρω
394 338 444 393 ἐξ
480 338 648 383 ἐκείνου
688 339 768 382 τοῦ
811 334 1014 393 πόματος
1055 339 1227 396 γέγονεν
1269 335 1529 396 ἅναχέαπος
1541 347 1585 385 V.
1612 348 1683 384 394

48 404 128 460 τὰς
155 404 260 459 ὕλας
287 406 360 450 καὶ
388 408 601 467 κρατῆσαι
630 404 691 467 μὴ
721 406 975 462 δυναμένου,
1006 401 1098 451 αλλ’
1128 406 1193 461 εἷς
1219 407 1298 462 τὰς
1329 408 1530 469 κοιλότη-

48 492 127 527 τας
152 477 244 519 τῶν
268 475 487 533 ἀρτηριῶν
512 475 752 531 ἐνθεμένου
782 475 855 518 καὶ
883 474 1183 529 ἐπιτείναντος
1211 474 1289 538 τὴν
1314 475 1529 524 διάθεσιν.

50 543 260 588 ἐντεῦθεν
288 538 391 588 moe*
419 544 565 604 σχῆμα
587 543 884 596 κατακλίσεως
904 539 1103 596 εὖπετιῦς
1123 536 1174 605 ἧν
1195 545 1398 604 ἕφειρεῖν
1418 565 1529 591 παν-

14 608 241 659 5τάπασιν
266 606 385 669 αὐτῷ
413 613 492 671 τῆς
511 608 645 655 νόσου
676 608 1023 669 ἕπακμαζοὺσης.
1074 606 1185 656 ἀλλὰ
1202 630 1282 693 γαρ
1309 615 1530 659 διανυκτε-

49 676 190 735 ρεὺων
215 669 270 740 ἦν
298 676 323 723 ὁ
352 678 557 735 βασιλεῦς
594 678 643 733 ἐξ
679 677 870 736 εσπέρας
905 677 970 732 εἶς
1003 673 1175 736 ὄρθρον
1207 675 1392 735 ἄϋπνος,
1423 680 1533 743 μήτε

48 750 223 806 τροφῆς
250 747 489 803 ἑλειθέρας
517 745 866 803 μεταλαμβάνων
905 744 1004 805 μήτ’
1038 742 1173 793 α’λλου
1203 750 1322 802 τινὸς
1349 752 1440 794 τῶν
1468 749 1532 802 εἷς

49 815 269 873 σωτηρίαν
296 809 663 870 αποβλεπόντων.
723 810 938 867 πολλάκις
965 818 1069 872 γοῦν
1098 815 1182 873 ἐγω
1211 817 1382 873 μᾶλλον
1408 833 1533 862 συνε-

47 885 137 937 χῶς
179 883 252 927 καὶ
290 881 371 941 τὴν
414 882 582 941 μητέρα
622 882 839 939 τεθέαμαι
868 881 1365 939 συνδιανυκτερεὺουσάν
1393 902 1442 929 τε
1469 888 1573 944 τῷΟ

0 959 37 993 ΙΟ
46 951 220 1005 βασιλεῖ
246 951 320 995 καὶ
346 948 537 995 κατόπιν
566 948 732 995 τούτου
759 951 835 995 ἐπὶ
861 953 940 1012 τῆς
967 952 1113 1010 κλίνης
1141 953 1214 996 καὶ
1233 951 1535 1008 ὑπανέχουσαν

47 1020 209 1063 τοῦτον
237 1022 335 1072 ταῖς
379 1020 502 1078 χερσὶ
543 1020 616 1064 καὶ
661 1020 1069 1078 παραμυθουμένην
1109 1019 1282 1077 τρόπον
1319 1020 1416 1066 τινὰ
1456 1019 1536 1080 τὴν

47 1082 284 1148 α’ναπνοὴν.
344 1087 487 1143 ἐχεῖτο
517 1089 670 1144 μέντοι
709 1083 845 1147 αὐτῆς
872 1091 963 1132 τῶν
993 1083 1208 1144 ὀμμάτων
1246 1087 1299 1134 τὸ
1343 1087 1536 1147 δάκρυον

48 1156 121 1200 καὶ
149 1153 263 1214 ὑπὲρ
292 1154 349 1217 w}
378 1157 556 1215 Νειλῷα
583 1153 790 1214 ῥεύματα.
844 1154 1016 1215 ὁπόσην
1054 1174 1102 1201 τε
1136 1156 1216 1216 τὴν
1254 1159 1360 1214 περὶ
1401 1154 1535 1203 αὐτὸν

48 1224 104 1269 δι’
133 1221 238 1283 ὅλης
265 1221 430 1283 ἡμέρας
458 1241 507 1269 τε
536 1226 610 1269 καὶ
639 1223 796 1278 νυκτός
822 1224 1026 1283 σπουδήν
1056 1226 1303 1284 ἐπεποίητο
1346 1228 1420 1271 καὶ
1457 1225 1536 1272 τὸν

0 1301 37 1336 15
47 1289 226 1349 μοχθον
254 1289 363 1338 ὅσον
393 1293 661 1338 ἐνεδείκνυτο
689 1294 1015 1352 διαπονοιμένη
1047 1295 1153 1351 περὶ
1182 1312 1262 1353 την
1288 1290 1423 1340 αυτοῦ
1453 1299 1535 1340 θε-

49 1361 237 1417 ραπείαν
262 1361 336 1406 καὶ
363 1362 529 1414 κλίσεις
550 1379 623 1406 και
611 1362 914 1419 μετακλίσεις
932 1364 1006 1406 καὶ
1019 1360 1297 1420 στρωμάτων
1321 1364 1536 1416 παντοίας

47 1430 334 1510 μηχανωμένη
366 1430 532 1484 θέσεις,
563 1426 643 1475 οὐκ
682 1429 804 1475 ε’στιν
849 1431 977 1488 ἐρεῖν.
1055 1427 1147 1475 αλλ’
1177 1449 1255 1476 ουκ
1296 1424 1348 1491 ἦν
1390 1429 1534 1477 ουδενὶ

48 1496 101 1542 τὸ
122 1495 336 1556 παράπαν
355 1496 582 1558 ῥᾳστώνης
596 1503 845 1555 μετασχεῖν.
890 1500 1139 1556 παρείπετο
1159 1498 1240 1558 γὰρ
1261 1495 1362 1544 οἷον
1378 1495 1534 1558 αγχόνη

48 1568 114 1625 τῷ
140 1562 443 1624 αὗτοκράτορι,
466 1568 639 1624 μᾶλλον
667 1569 741 1612 καὶ
762 1568 998 1612 συνείπετο
1015 1569 1088 1612 καὶ
1109 1585 1188 1612 ουκ
1214 1565 1325 1613 α’νίει
1345 1570 1533 1626 συμπνί-

0 1643 199 1692 ἒογουσα.
253 1635 471 1694 μηδεμίαν
500 1635 549 1680 δὲ
576 1637 656 1694 τῆς
685 1633 819 1680 νόσου
862 1633 1045 1694 ἐχούσης
1085 1635 1164 1695 τὴν
1207 1634 1325 1681 ἴασιν
1365 1637 1411 1681 ἐν
1438 1640 1579 1689 wigo

50 1701 167 1760 πρὸς
195 1701 325 1748 νότον
351 1699 613 1761 ἀνακτόροις
651 1701 857 1765 ἀπῆλθεν
888 1702 913 1747 ὁ
953 1702 1172 1760 βασιλεύς.
1237 1702 1535 1762 στενοχωρού-

49 1789 183 1828 μενος
211 1772 261 1816 δὲ
288 1773 394 1829 μίαν
419 1772 518 1817 τινὰ
544 1770 814 1831 παραψυχὴν
832 1771 915 1831 τήν
945 1774 992 1816 ἐκ
1021 1775 1100 1832 τῆς
1118 1771 1330 1832 κινήσεως
1349 1771 1533 1830 εὕρισκε,

186 1944 219 1980 5.
244 1940 535 2002 ἇπακμαζοὺσης
558 1945 628 1987 ΟΡ,
653 1947 810 1982 correxi.
990 1945 1024 1982 9.
1053 1941 1473 1992 συνδιανυκτερεύουσιέν
1494 1943 1535 1989 Ρ,

186 1989 534 2040 ὃιανωηερείυυσαν
552 1994 590 2030 C.
708 1997 761 2031 ll.
785 1996 915 2051 χερσὶ
946 1994 984 2030 C.
1102 1994 1158 2030 17.
1181 2007 1262 2042 μηχ
1233 1995 1455 2050 χανωμένης
1466 1991 1537 2035 ΟΡ,

184 2042 377 2135 {gri-gib
399 2101 472 2126 om
487 2045 549 2127 κέὶ
572 2045 660 2079 ante
683 2040 911 2090 στρωμάτων
934 2042 1075 2078 addidi.
1271 2043 1326 2078 19.
1347 2042 1470 2090 μᾶλον
1496 2040 1534 2076 C.

51 2238 171 2275 factus
196 2238 248 2275 sit
281 2238 349 2275 illa
386 2240 552 2286 potione,
592 2252 687 2288 quae
725 2251 876 2277 movere
910 2240 1062 2287 quidem
1088 2240 1274 2283 humores,
1311 2250 1386 2275 non
1409 2241 1534 2274 autem

51 2298 228 2333 superare
250 2289 389 2334 potuit,
413 2288 528 2325 immo
552 2289 739 2325 mittendo
770 2301 831 2325 eos
856 2290 895 2324 in
933 2290 1156 2324 arteriarum
1182 2288 1361 2324 cavitates
1397 2287 1535 2323 valetu-

51 2335 178 2371 dinem
203 2335 428 2372 deteriorem
452 2337 632 2374 reddidit.
675 2350 718 2374 ac
741 2338 844 2373 nulla
867 2338 942 2373 iam
966 2336 1206 2373 recumbendi
1231 2336 1329 2371 ratio
1348 2337 1535 2371 crescente

51 2384 183 2419 morbo
207 2384 371 2420 inveniri
394 2385 503 2422 facile
530 2387 668 2432 potuit,
694 2390 848 2432 totaque
871 2388 981 2421 nocte
996 2397 1017 2420 a
1035 2396 1187 2431 vespere
1211 2395 1327 2430 usque
1352 2383 1400 2419 ad
1424 2394 1533 2419 mane

51 2433 258 2479 imperator
280 2433 460 2469 in'somnis
484 2438 565 2470 erat
589 2446 658 2470 nec
674 2434 843 2469 alimenti
869 2434 969 2469 reive
983 2433 1029 2468 ad
1047 2434 1201 2468 salutem
1218 2432 1319 2468 utilis
1332 2431 1535 2487 quidquam

51 2480 231 2516 sumebat.
268 2481 420 2517 interim
439 2494 549 2529 saepe
565 2483 643 2518 vidi
660 2486 817 2518 matrem
836 2483 1074 2518 continenter
1090 2493 1174 2517 cum
1201 2482 1427 2526 imperatore
1443 2479 1535 2526 vigi-

52 2529 190 2564 lantem
208 2532 248 2565 et
262 2529 310 2565 ad
333 2534 448 2576 caput
471 2532 576 2578 aegri
601 2532 639 2566 in
658 2531 754 2566 lecto
779 2542 861 2566 eum
881 2530 1052 2565 manibus
1066 2529 1322 2565 sublevantem
1345 2528 1536 2574 spiritum·

52 2589 125 2624 que
151 2577 426 2624 quodammodo
451 2583 726 2625 procurantem.
781 2579 951 2615 lacrimas
977 2589 1066 2613 vero
1091 2577 1191 2612 fudit
1219 2576 1380 2612 Niliacas
1410 2575 1537 2622 copias

52 2629 281 2672 superantes.
317 2630 497 2673 quantam
517 2639 606 2663 vero
622 2639 751 2663 curam
767 2628 845 2662 eius
862 2626 923 2662 die
939 2629 1123 2671 nocteque
1139 2625 1315 2660 habuerit
1339 2627 1377 2660 et
1393 2626 1536 2671 quanto

0 2702 3 2705 .
51 2686 137 2710 cum
160 2674 289 2710 labore
314 2687 400 2711 eum
422 2676 583 2712 coluerit
606 2674 788 2711 versando
814 2675 915 2710 omni
944 2674 1055 2709 modo
1091 2673 1342 2719 stragulorum
1383 2675 1536 2716 statum,

52 2722 92 2757 id
117 2722 194 2758 dici
210 2734 285 2758 non
302 2727 452 2770 potest3
478 2728 519 2760 at
534 2724 638 2760 nulla
653 2724 838 2770 positione
856 2723 1048 2758 levaminis
1064 2721 1205 2767 aliquid
1222 2732 1354 2767 capere
1374 2724 1535 2767 poterat.

52 2782 138 2806 nam
164 2771 390 2817 sequebatur
409 2773 515 2819 quasi
538 2776 577 2807 et
600 2771 852 2808 comitabatur
877 2771 969 2806 adeo
1008 2771 1272 2816 imperatorem
1310 2769 1463 2804 morbus
1499 2771 1538 2803 et

53 2819 232 2855 continuo
256 2821 536 2867 strangulabat3
568 2832 726 2865 cumque
750 2820 797 2855 de
819 2819 995 2854 remediis
1020 2818 1247 2864 daeperaret,
1273 2817 1305 2852 it
1327 2818 1367 2852 in
1391 2820 1536 2863 partem

53 2867 186 2914 palatii
212 2868 406 2904 meridiem
433 2881 564 2905 versus
588 2870 698 2904 sitam
723 2868 865 2914 talique
882 2867 1047 2903 motione
1070 2866 1323 2902 laxamentum
1341 2876 1538 2912 oppressus
