1794 3132
520 212 575 247 m
601 212 890 247 ALEXIADEM
918 213 1088 248 NOTAE
1469 209 1550 252 461

61 325 212 378 aetate,
244 338 328 381 qua
358 324 510 370 Graeci
539 326 691 379 Bullis,
722 327 815 369 tum
846 327 994 378 aureiS,
1025 329 1117 371 tum
1156 329 1373 383 plumbeis,
1405 344 1549 388 nempe

61 382 172 425 circa
202 395 359 426 nonum
398 382 474 426 aut
503 382 711 425 decimum
755 383 953 435 seculum,
999 385 1215 437 subscribi,
1260 387 1446 442 inquam,
1476 402 1547 432 no-

61 438 176 482 mina
203 438 360 482 desiere
387 439 433 482 in
458 439 793 494 Diplomatibus;
838 452 931 482 cum
973 443 1098 484 antea
1130 454 1210 485 non
1239 443 1361 486 modo
1406 445 1547 500 sigilla

61 507 179 538 cerea
207 495 308 550 ipsis
340 496 497 539 chartis
526 495 813 550 affigerentur,
843 497 915 539 sed
945 497 1070 540 etiam
1103 501 1408 553 apponerentur
1437 502 1547 556 ipso-

57 564 150 594 rum
183 551 554 608 Monogrammata
599 552 859 607 Principum,
904 555 979 596 aut
1009 566 1163 606 eorum,
1212 567 1388 610 quorum
1429 560 1547 600 erant

59 608 316 663 Diplomata.
370 609 425 652 Et
455 610 578 661 certe,
610 609 646 652 si
677 610 780 652 bene
807 622 1004 665 auguror,
1032 611 1074 653 in
1106 611 1242 666 priore
1271 613 1469 656 Balduini
1490 614 1545 656 ΙΙ.

60 664 300 720 Diplomate
329 665 382 709 A.
411 675 660 710 MCCXLVII.
703 665 806 722 μηνὶ
835 659 1012 722 Ἰουλίῳ,
1060 668 1102 710 id
1134 669 1207 721 est,
1255 682 1393 712 mense
1423 670 1543 723 Iulio,

56 722 275 765 exaratum
305 722 484 775 videtur,
526 735 607 778 quo
640 723 747 766 illud
786 723 982 766 emissum
1021 725 1198 776 constat,
1231 725 1294 768 uti
1323 725 1367 768 in
1397 726 1543 778 altero,

55 777 159 834 μηνὶ
190 777 393 836 Μαρτίῳ,
425 779 641 833 (emissum
671 779 781 822 enim
812 793 951 823 mense
981 781 1154 834 Martio)
1195 782 1240 824 in
1269 782 1394 825 tertio
1428 782 1543 825 deni-

55 848 147 890 que,
178 835 290 890 quod
318 837 382 880 est
400 835 633 879 Andronici
667 835 862 889 Senioris,
892 836 994 892 μηνὶ
1020 836 1174 894 Μαίῳ;
1219 839 1290 881 ubi
1320 851 1397 881 vox
1443 839 1545 893 μννὶ

55 892 281 936 contractis
308 893 444 936 literis
475 892 749 936 describitur:
789 894 918 948 atque
948 894 1151 937 eiusmodi
1180 895 1429 950 subscriptio
1485 910 1544 939 m-

51 948 233 1002 perialis
262 949 499 1005 appellatur
518 950 562 992 in
580 949 821 1004 Diplomate
851 950 1033 993 eiusdem
1057 952 1256 994 Balduini
1278 952 1329 994 A.
1347 962 1542 996 MCCXLI.

55 1005 164 1060 quod
204 1006 383 1050 habetur
413 1006 456 1049 in
488 1006 678 1049 Historia
719 1007 863 1050 nostra
894 1006 1307 1064 Gallo-Byzantina:
1339 1008 1393 1052 In
1426 1011 1544 1052 cuius

53 1064 117 1105 rei
147 1064 428 1107 testimonium
448 1062 698 1117 praesentes
720 1063 868 1106 literas
893 1064 1070 1117 fecimus
1089 1067 1302 1120 annotari,
1331 1070 1370 1109 et
1388 1066 1544 1110 Bullae

52 1123 222 1163 nostrae
242 1119 468 1174 plumbeae
495 1121 726 1163 munimine
762 1121 960 1163 roborari
993 1121 1238 1176 [inperialis
1271 1123 1542 1177 subscriptio-

52 1177 122 1219 nis
152 1177 439 1220 caracteribus
465 1177 708 1232 insiynitas.
757 1177 811 1220 Et
839 1178 882 1219 in
912 1190 958 1220 eo
991 1179 1102 1232 quod
1123 1180 1184 1222 est
1206 1179 1258 1222 A.
1274 1189 1539 1224 MCCLXVIII.

52 1232 111 1275 In
135 1234 255 1277 cuius
283 1235 348 1278 rei
375 1234 660 1277 testimonium
691 1234 856 1277 litteras
884 1238 1055 1279 nostras
1079 1239 1323 1289 praesentes
1351 1237 1542 1279 dedimus

50 1289 186 1333 Bulla
227 1295 376 1334 nostra
419 1305 551 1334 aurea
596 1291 831 1343 roboratas,
878 1293 1035 1335 nostris
1079 1293 1364 1336 caracteribus
1403 1294 1541 1336 rubeis

51 1345 353 1401 Imperialibus
382 1348 624 1407 insiqnitas
702 1347 814 1402 Quos
859 1348 1026 1403 quidem
1076 1350 1336 1393 characteres
1379 1351 1538 1401 rubeos,

51 1416 132 1446 non
162 1405 231 1447 sui
249 1406 447 1457 nominis,
469 1405 532 1448 uti
554 1405 747 1448 solebant
763 1405 1054 1459 Imperatores,
1073 1408 1299 1461 antequam
1316 1407 1536 1450 Bullarum

50 1473 148 1503 usus
177 1461 439 1514 invaluisset,
469 1461 655 1517 appellat
686 1461 934 1514 Balduinus,
965 1464 1036 1506 sed
1075 1464 1243 1507 tantum
1282 1463 1540 1506 characteres

50 1517 300 1572 Imperiales
327 1518 489 1571 rubeos,
529 1518 573 1561 id
606 1519 680 1570 est,
727 1531 830 1574 quos
871 1518 915 1560 in
957 1520 1266 1574 Diplomatibus
1310 1520 1538 1563 describere

49 1574 239 1618 solebant
268 1574 499 1619 decessores
527 1576 605 1618 sui.

173 1626 286 1673 ‘Ave
318 1628 601 1687 Μοναχικόν]
646 1633 795 1675 Victus
825 1633 866 1674 et
906 1634 1053 1687 captus
1083 1646 1106 1675 a
1139 1633 1285 1676 Turcis
1327 1647 1409 1675 una
1441 1646 1535 1676 cum
1550 1635 1747 1682 Pag.61.D

49 1687 212 1731 Ursello
245 1689 423 1732 Ioannes
455 1689 608 1741 DucaS,
641 1688 805 1740 Caesar,
838 1702 862 1732 a
893 1689 1097 1732 Michaele
1128 1691 1286 1744 nepote,
1328 1690 1438 1745 lytro
1468 1703 1535 1733 so—

47 1743 151 1796 luto,
179 1745 430 1800 redemptus,
463 1745 872 1800 Constantinopolim
904 1746 1109 1789 adductus
1155 1746 1229 1795 est,
1276 1759 1452 1800 cumque
1485 1746 1539 1789 ad

48 1801 347 1855 Propontidem
395 1803 662 1857 pervenisset,
719 1803 886 1845 mutata
932 1804 1060 1854 veste,
1111 1803 1327 1857 positoque
1372 1802 1536 1857 capillo,

48 1857 299 1901 Monachum
332 1859 485 1911 induit,
516 1859 596 1902 sibi
626 1860 814 1902 metuens
844 1872 868 1902 a
901 1860 1047 1914 nepote
1078 1860 1129 1901 ob
1160 1859 1402 1902 affectatum
1433 1872 1457 1901 a
1492 1872 1534 1901 se

46 1914 286 1968 Imperium,
317 1916 381 1958 uti
422 1916 598 1959 narrant
629 1916 863 1971 Bryennius
911 1917 952 1958 et
996 1916 1189 1958 Zonaras.
1261 1915 1446 1958 Redacto
1490 1915 1532 1957 in

46 1970 237 2014 ordinem
266 1972 481 2024 Michaele,
516 1972 725 2015 cucullam
761 1973 886 2024 exuit,
930 1973 971 2014 et
1003 1973 1046 2014 in
1085 1972 1322 2014 suburbano
1363 1971 1532 2026 praedio

45 2027 156 2070 haud
186 2029 331 2082 procul
362 2042 387 2072 a
418 2029 795 2083 Constantinopoli,
827 2029 938 2083 quod
970 2028 1220 2071 Morobundi
1253 2028 1532 2083 appellabant,

45 2083 215 2140 eiusque
245 2086 348 2137 erat,
385 2086 597 2141 privatam
646 2087 687 2128 et
719 2099 743 2128 a
773 2085 930 2128 Palatii
973 2085 1108 2127 turbis
1156 2087 1357 2127 semotam
1403 2084 1533 2127 vitam

46 2141 195 2196 exegit,
241 2142 471 2186 Botaniata
517 2143 726 2197 sceptrum
775 2142 1001 2192 obtinente,
1046 2141 1155 2196 quod
1200 2141 1351 2183 diserte
1394 2140 1534 2183 innuit

44 2197 182 2242 Anna.
246 2198 479 2242 Verebatur
508 2199 643 2254 igitur
672 2199 863 2250 Ioannes,
895 2211 945 2240 ne
979 2199 1014 2240 si
1046 2198 1098 2240 ad
1130 2210 1269 2240 muros
1307 2197 1531 2247 accederet,

44 2253 243 2310 militum,
288 2256 362 2310 qui
407 2256 522 2299 urbis
566 2255 781 2299 custodiae
820 2254 1117 2310 invigilabant,
1159 2255 1200 2297 et
1240 2254 1390 2308 quibus
1431 2254 1530 2296 nota

43 2312 133 2354 erat
186 2324 233 2355 ea
277 2325 404 2367 quam
451 2325 659 2368 pronuper
710 2312 958 2366 deposuerat
1014 2311 1210 2377 conditio,
1270 2309 1531 2374 irrisionibus

45 2367 259 2421 etrsannis
288 2369 600 2413 traduceretur:
647 2365 728 2412 ἅτε
771 2364 848 2410 τὸν
876 2364 1111 2421 μοναχικὸν
1149 2383 1199 2408 ov
1229 2362 1344 2408 πάνυ
1375 2380 1530 2421 πρωην

42 2424 310 2481 βεβλημένος
337 2419 517 2483 οἷμφίον,
552 2427 601 2469 ut
631 2427 757 2469 habet
788 2425 915 2467 editio
935 2424 1183 2475 Hooschelii,
1215 2423 1258 2465 id
1289 2424 1363 2475 est,
1385 2426 1433 2465 ut
1457 2423 1529 2478 qui

42 2495 129 2524 non
163 2482 294 2526 multo
329 2487 428 2526 ante
457 2483 757 2527 Monachicum
795 2481 982 2524 habitum
1019 2481 1230 2523 induerat.
1290 2480 1431 2534 Atque
1460 2479 1529 2522 hic

43 2539 106 2581 est
148 2551 270 2582 verus
314 2541 356 2583 et
400 2540 607 2596 genuinus
651 2539 775 2583 huius
818 2538 900 2580 loci
929 2550 1084 2589 sensus,
1121 2549 1242 2591 quem
1276 2535 1433 2578 frustra
1463 2535 1529 2578 vir

43 2595 189 2638 doctus
217 2596 432 2640 sollicitat.

97 2675 99 2678 ⁴
183 2648 271 2695 Τὸν
307 2647 498 2708 Ἀββᾶν]
535 2654 632 2696 Non
651 2653 871 2703 Abbatem,
902 2663 974 2693 seu
1006 2645 1255 2708 ἡγούμενον,
1288 2647 1357 2691 sed
1377 2647 1525 2712 Mona·
1538 2651 1736 2699 Pag.62.A

42 2708 166 2751 chum
197 2710 239 2752 et
268 2708 438 2753 Patrem
467 2710 668 2753 Ioannem
709 2707 972 2763 appellarunt
1012 2707 1052 2748 et
1087 2705 1327 2748 salutarunt
1355 2703 1523 2747 milltes.

41 2764 110 2807 Ita
135 2764 208 2809 lib.
234 2766 298 2810 15.
331 2779 427 2822 pag.
446 2767 544 2809 489.
575 2765 782 2809 Basilium
811 2762 1076 2814 Monachum,
1107 2760 1393 2826 Bogomilicae
1412 2760 1526 2803 Hae-

38 2821 140 2865 resis
170 2822 402 2877 authorem,
433 2819 513 2866 τὸν
541 2816 809 2877 δαιμονιώόη
837 2814 1002 2873 Ἀββᾶν
1029 2819 1153 2861 vocat
1184 2817 1319 2870 Anna,
1359 2816 1403 2859 1d
1447 2817 1521 2868 est,
