1806 3132
281 233 365 277 676
799 245 977 280 oARom
1005 245 1244 280 DUCANGII

276 358 497 402 tenebatur
524 358 605 402 iter
635 359 1066 416 Hierosolymitanum
1096 358 1335 414 adimplere,
1380 360 1468 415 ipse
1498 359 1612 403 domi
1638 359 1764 403 fami-

276 415 452 458 liaribus
496 415 633 460 adhuc
668 417 778 460 curis
822 417 1015 460 detentus
1057 417 1271 459 remansit.
1343 416 1518 459 Aestate
1557 429 1654 460 vero
1700 430 1764 460 se-

276 473 441 527 quente,
471 473 730 527 praeparatis
765 474 850 517 iam
880 486 926 516 ex
956 474 1075 528 parte
1119 473 1172 516 ad
1201 473 1281 516 iter
1311 473 1564 526 necessariis,
1596 474 1637 516 et
1667 486 1762 516 con-

275 530 451 584 gregato
482 530 664 585 navigio,
711 530 811 573 dum
840 530 893 573 ad
922 530 1003 573 iter
1032 529 1331 584 accingeretur,
1374 530 1503 584 copiis
1534 529 1762 573 undecum-

275 597 355 640 que
376 586 629 639 convocatis,
660 587 802 630 valida
832 587 1044 641 correptus
1064 586 1341 641 aegritudine,
1372 586 1416 628 in
1437 586 1528 630 fata
1549 587 1762 630 concessit.

274 642 392 685 Haec
435 642 586 698 Tyrius
614 643 687 687 lib.
711 644 775 686 11.
821 656 909 698 cap.
932 644 971 685 6.
1016 643 1089 698 qui
1132 642 1280 686 Annae
1324 642 1507 686 concinit
1561 643 1760 695 tradenti,

274 699 387 742 sexto
436 699 530 753 post
573 700 757 743 solutam
796 700 1017 755 Dyrrachii
1055 699 1307 742 obsidionem
1362 711 1501 743 mense
1549 700 1764 743 excessisse

274 755 578 809 Boemundum,
608 756 862 811 proindeque
883 756 1008 798 Anno
1027 765 1162 799 MCIX.
1193 769 1291 799 nam
1312 769 1391 811 pax
1420 756 1505 800 icta
1536 769 1631 799 cum
1660 756 1762 799 Ale-

272 812 339 855 xio
384 825 523 855 mense
559 812 793 868 Septembri
826 813 1066 857 A.MCV111.
1140 813 1200 855 At
1236 812 1439 856 Albertus
1470 812 1551 868 Aq.
1600 813 1673 856 lib.
1698 813 1761 855 11.

273 882 361 924 cap.
383 869 453 911 48.
497 870 713 912 mortuum
742 870 889 912 scribit
909 869 1202 912 Boemundum
1232 869 1343 924 apud
1366 870 1514 913 Barim
1543 869 1759 912 civitatem

273 926 314 969 et
344 926 398 969 ad
426 925 477 968 Β.
493 925 660 969 Nicolai
675 926 832 969 Aedem
853 927 1075 981 sepultum,
1095 940 1140 969 eo
1167 930 1349 980 tempore
1368 940 1448 981 quo
1475 926 1689 969 Henricus
1717 925 1762 969 V.

273 982 378 1035 Reae,
410 981 649 1036 Imperator
662 982 744 1026 IV.
788 982 948 1027 Romae
977 983 1187 1037 plurimos
1229 983 1311 1026 sibi
1354 984 1591 1026 resistentes
1620 982 1763 1026 hostili

271 1040 428 1093 impetu
443 1039 490 1082 in
518 1052 590 1082 ore
611 1039 749 1095 yladii
779 1040 1004 1083 crudeliter
1024 1039 1218 1083 edomuit.
1279 1039 1370 1093 Qua
1400 1040 1648 1095 tempestate
1676 1040 1762 1082 Ro-

271 1096 435 1151 gerium
455 1095 635 1150 Apuliae
656 1097 816 1139 Ducem
844 1097 886 1140 et
906 1097 1196 1139 Boemundum
1225 1095 1376 1139 fratres
1396 1096 1612 1140 defunctos
1639 1097 1762 1139 autor

272 1153 334 1195 est
364 1153 493 1196 etiam
524 1153 675 1196 Petrus
706 1154 917 1196 Diaconus
947 1153 1019 1196 lib.
1041 1153 1082 1195 4.
1113 1165 1203 1207 cap.
1220 1153 1288 1195 42.
1333 1153 1506 1196 Henrici
1551 1165 1647 1197 vero
1677 1153 1761 1195 Ex-

270 1209 525 1264 peditionem
557 1210 753 1253 Italicam
784 1210 837 1253 ad
865 1209 947 1252 An.
967 1219 1082 1253 MCX.
1113 1211 1155 1253 et
1182 1219 1316 1253 MCXI.
1359 1209 1544 1253 referunt
1573 1209 1760 1264 Scripto-

270 1279 347 1309 res.
410 1266 530 1310 Certe
559 1267 797 1310 Boemundi
844 1267 1021 1310 mortem
1052 1267 1129 1310 sub
1178 1266 1230 1310 A.
1250 1276 1363 1309 Mox.
1394 1267 1512 1321 ponit
1540 1266 1760 1310 Mathaeus

269 1322 404 1366 Paris.
449 1323 493 1366 in
523 1322 801 1366 Indictionem
821 1324 861 1365 4.
893 1323 974 1366 An.
996 1333 1129 1367 MCXI.
1169 1323 1367 1366 reiiciunt
1398 1322 1631 1367 Chronicon
1662 1322 1761 1367 Cec-

271 1392 465 1433 canense,
513 1378 664 1424 Chron.
704 1380 979 1423 Malleacense
1033 1381 1074 1423 et
1122 1379 1343 1423 Ordericus
1388 1379 1543 1423 Vitalis
1590 1380 1664 1423 lib.
1695 1381 1760 1423 11.

269 1449 364 1491 pag.
386 1437 481 1479 824.
512 1435 593 1480 Sed
621 1437 733 1480 errat
749 1436 984 1489 Ordericus,
1016 1449 1111 1479 cum
1139 1436 1389 1480 Antiochiae
1420 1436 1572 1479 obiisse
1599 1437 1758 1480 scribit.

269 1493 357 1535 Nec
385 1492 582 1536 dissentit
602 1494 729 1536 Falco
751 1494 1083 1546 Beneventanus,
1113 1493 1185 1548 qui
1206 1493 1588 1536 extinctum‘tradit
1619 1506 1759 1536 mense

268 1550 496 1593 Februario
526 1549 580 1592 A.
613 1549 710 1593 Chr.
730 1560 844 1593 Mox.
878 1550 1027 1593 Indict.
1050 1551 1089 1592 4.
1139 1562 1246 1604 quae
1276 1550 1389 1592 cadit
1432 1550 1478 1591 in
1507 1562 1664 1593 annum
1692 1563 1757 1593 se-

269 1607 478 1661 quentem.
539 1606 670 1660 Unde,
706 1607 754 1649 ut
773 1607 884 1650 recte
915 1607 1108 1650 observat
1129 1605 1332 1649 Camillus
1361 1606 1626 1662 Peregrinus,
1657 1607 1756 1649 Fal-

268 1662 362 1705 coni
390 1663 544 1706 mensis
575 1663 831 1707 Februarius
862 1663 963 1706 anni
991 1673 1104 1707 Mox.
1137 1663 1199 1706 est
1229 1662 1403 1706 ultimus
1431 1662 1616 1706 eiusdem
1642 1663 1755 1716 anni,

269 1732 363 1762 cum
392 1720 560 1763 solenne
588 1720 645 1763 sit
675 1720 808 1764 eidem
837 1719 1040 1775 Scriptori
1070 1732 1200 1763 annos
1233 1718 1389 1763 Christi
1418 1733 1442 1762 a
1473 1732 1613 1762 mense
1642 1720 1758 1763 Mar-

267 1776 328 1819 tio
359 1776 579 1831 auspicari.
638 1777 885 1833 Anonymus
916 1777 1095 1832 denique
1116 1776 1313 1819 Barensis
1344 1776 1397 1819 ad
1426 1789 1609 1819 mensem
1642 1776 1758 1820 Mar-

265 1833 375 1875 tium
418 1833 519 1876 anni
547 1842 681 1876 MOXI.
714 1833 949 1877 Boemundi
995 1833 1158 1877 obitum
1187 1833 1325 1885 refert,
1374 1832 1441 1875 cui
1470 1832 1757 1887 astipulantur

266 1890 530 1933 Emortualia
560 1890 807 1934 Monasterii
838 1889 1073 1934 Casinensis
1116 1903 1140 1932 a
1178 1888 1417 1932 Caracciolo
1461 1889 1587 1932 edita.
1646 1889 1752 1933 Gui-

264 1946 409 1989 bertus
438 1946 511 1990 lib.
534 1947 572 1989 7.
614 1959 703 2002 cap.
725 1947 793 1990 34.
829 1947 870 1990 et
902 1946 1142 1990 Willelmus
1176 1946 1445 1990 Malmesbur.
1474 1946 1548 1989 lib.
1568 1947 1607 1989 4.
1639 1946 1752 1989 Hist.

265 2002 395 2058 Angl.
427 2016 522 2059 pag.
548 2004 641 2047 151.
671 2016 827 2047 veneno
858 2004 1099 2047 occubuisse
1133 2003 1321 2046 narrant.
1394 2002 1583 2058 Denique
1613 2002 1755 2046 Canu-

267 2059 351 2102 siae
381 2060 426 2102 in
455 2059 612 2115 Apulia
657 2060 702 2102 in
735 2060 920 2104 Ecclesia
960 2060 1001 2104 S.
1032 2059 1178 2104 Sabini
1208 2059 1417 2114 sepultum
1440 2060 1634 2102 asserunt
1663 2060 1752 2112 alii,

266 2116 320 2158 ad
351 2116 468 2159 cuius
511 2117 776 2171 sepulchrum
819 2117 1019 2173 leguntur
1053 2117 1284 2160 etiamnum
1323 2116 1634 2170 Inscriptiones,
1686 2129 1757 2159 seu

267 2173 492 2228 Epitaphia
522 2174 697 2229 aliquot,
726 2187 833 2229 quae
862 2174 1005 2217 extant
1035 2173 1145 2228 apud
1166 2173 1397 2215 Baronium
1417 2172 1469 2216 A.
1490 2182 1622 2216 MCXI.
1680 2223 1692 2237 ‚

229 2241 255 2277 C
402 2229 702 2284 Διαθέμενος]
749 2230 801 2274 Se
832 2231 948 2273 uitur
984 2230 1029 2273 in
1059 2229 1254 2272 Editione
1282 2229 1498 2273 Hoeschel.
1547 2228 1619 2271 καὶ
1665 2227 1755 2271 απὸ

269 2281 523 2340 Διαβὸλεως
566 2280 759 2338 ἀναστάς
820 2289 910 2330 εκεῖ
944 2283 1024 2343 γὰρ
1071 2283 1265 2345 ἐσκήνου,
1314 2282 1387 2328 ὅτε
1431 2281 1510 2337 τὰς
1530 2283 1649 2354 μετὰ
1678 2286 1757 2328 τοῦ

269 2339 548 2397 Βαϊμούνόου
569 2343 828 2401 συμφωνίας
847 2342 1087 2400 πεποίητο)
1109 2344 1185 2402 τῆς
1205 2339 1321 2397 πρὸς
1351 2339 1403 2385 τὸ
1420 2342 1663 2397 Βυζαντιον
1679 2344 1755 2385 etc.

33 2414 255 2461 Pag.421.A
400 2395 555 2455 Ἀσάν]
590 2400 718 2444 Cuius
747 2401 941 2444 meminit
970 2413 1064 2456 pag.
1094 2401 1191 2444 318.
1222 2400 1328 2443 Vide
1348 2400 1496 2443 Notas.

223 2473 255 2508 D
406 2455 674 2515 Κερβιανοῦ]
726 2458 872 2514 Regio,
918 2458 967 2501 ut
998 2457 1175 2510 videtur,
1212 2456 1439 2500 Thracensi
1469 2456 1660 2500 Themati
1691 2455 1751 2511 (in

268 2526 349 2567 quo
383 2515 473 2557 erat
507 2514 702 2573 Smyrna,
746 2515 795 2557 ut
839 2515 902 2558 est
943 2514 1054 2569 apud
1097 2513 1555 2588 Porphyrogennetam)
1601 2513 1753 2566 vicina,

270 2568 517 2614 Gelbianum
549 2571 664 2614 dicta
696 2571 828 2615 Paulo
859 2571 978 2614 Diac.
1007 2571 1079 2615 lib.
1096 2571 1165 2614 22.
1207 2570 1319 2613 Hist.
1355 2570 1474 2613 Misc.
1506 2570 1680 2613 Mcetae
1708 2570 1752 2612 in

266 2626 506 2726 ffaffilml}
522 2628 558 2670 1.
590 2628 643 2671 N.
666 2628 704 2672 4.
734 2629 776 2671 et
796 2628 1064 2683 Acropolitae
1083 2640 1178 2683 pag.
1200 2627 1295 2670 398.
1317 2626 1430 2670 Edit.
1462 2625 1615 2670 Genev.
1647 2626 1753 2669 Vide

302 2695 433 2726 eune.
508 2717 518 2726 .
541 2685 607 2728 39.

219 2751 252 2786 D
403 2736 654 2797 Νύμφαιον]
688 2741 842 2798 Lydiae
871 2742 969 2785 urbs
991 2741 1224 2796 Nicephoro
1251 2739 1461 2795 Gregorae
1487 2739 1560 2783 lib.
1583 2741 1621 2782 3.
1654 2740 1695 2782 et
1711 2740 1751 2782 6.

266 2794 554 2896 Acgopfilitae,l
577 2798 720 2841 Ducae
749 2811 837 2853 cap.
860 2799 926 2841 21.
959 2797 1199 2852 Waddingo
1236 2796 1287 2840 A.
1306 2805 1576 2839 MCOXXXIII.
1606 2796 1658 2838 N.
1684 2797 1747 2840 13.

306 2852 320 2893 i
351 2865 372 2894 e
434 2865 566 2896 cunc.
591 2855 683 2897 153.
1531 2877 1537 2885 ·
